3050 5004
620 480 746 557 iio

1355 473 1427 535 C.
1481 470 1948 537 SUETONII

605 620 822 691 alitus
849 620 933 686 sit
952 669 969 698 ‚
1007 620 1116 684 cui
1146 614 1347 683 index
1381 632 1524 683 erat
1554 634 1731 709 μωρῶν
1760 632 2100 696 ἐπανάστασις
2117 635 2162 666 ¹¹
2184 672 2206 703 ‚.
2231 634 2701 710 argumentum

601 746 826 799 autem
842 780 859 809 ,
895 757 921 787 α
945 725 1294 793 stultitiam
1318 728 1663 793 neminem
1688 724 1961 817 fingere.
1989 757 2017 787 n

693 844 992 908 XXXIX.
1045 843 1228 906 Inter
1251 855 1471 907 cetera
1498 842 1569 905 in
1594 862 1673 906 eo
1694 840 1917 906 mirati
1942 857 2102 907 sunt
2122 839 2429 910 homines
2454 858 2521 909 et
2542 842 2705 910 obli-

603 954 870 1019 vionem
895 965 963 1018 et
985 948 1621 1018 inconsiderantiam
1642 1002 1659 1032 ,
1690 949 1836 1032 vel,
1867 965 1942 1016 ut
1972 953 2205 1018 Graece
2232 950 2451 1019 dicam
2472 1006 2488 1035 ,
2516 991 2705 1047 μιπω-

599 1078 740 1155 ρίανῐ
784 1077 852 1128 et
878 1074 1143 1155 ἀβλεψὶαν.
1187 1063 1422 1129 Occisa
1450 1059 1883 1142 Messalina²‚
1924 1060 2129 1154 paulo
2167 1079 2349 1155 post,
2391 1088 2595 1158 quam
2630 1068 2703 1131 in

603 1171 888 1240 triclinio
913 1172 1261 1255 decubuit,
1295 1204 1322 1233 ει
1347 1197 1470 1240 cur
1492 1172 1767 1240 domina
1790 1198 1930 1241 non
1954 1176 2213 1241 veniret
2231 1226 2248 1255 ,
2274 1205 2302 1235 υ
2332 1179 2697 1270 requisivit.

600 1283 853 1352 Multos
878 1310 960 1352 ex
981 1287 1061 1353 iis
1077 1338 1094 1367 ,
1121 1308 1292 1380 quos
1315 1286 1534 1378 capite
1555 1284 2026 1367 damnaverat,
2052 1302 2323 1378 postero
2348 1290 2571 1355 stafim
2594 1286 2703 1357 die

602 1412 667 1463 et
694 1398 766 1464 in
799 1400 1216 1481 convivium,
1247 1413 1314 1464 et
1343 1396 1429 1464 ad
1455 1396 1622 1464 aleae
1653 1395 1883 1465 lusum
1913 1395 2265 1465 admoneri
2292 1394 2567 1491 jussit³:
2595 1416 2663 1467 et
2684 1453 2701 1482 ,

600 1510 793 1601 quasi
827 1524 1284 1591 morarentur,
1330 1526 1404 1576 ut
1441 1508 1931 1577 somniculosos
1968 1532 2093 1601 per
2128 1511 2455 1575 nuncium
2494 1511 2705 1577 incre-

601 1620 767 1711 puit.
804 1623 1142 1686 Ducturus
1176 1636 1410 1687 contra
1438 1621 1538 1688 fas
1575 1622 2011 1713 Agrippinam
2042 1643 2359 1700 uxorem,
2394 1644 2532 1688 non
2565 1645 2704 1689 ces-

602 1730 771 1795 savit
810 1732 995 1797 omni
1027 1729 1370 1798 oratione⁴
1420 1762 1445 1791 ιι
1471 1730 1717 1811 filiam,
1742 1763 1769 1793 n
1820 1747 1891 1798 et
1938 1762 1964 1791 a
1987 1729 2364 1811 alumnam,
2390 1762 2417 1792 υ
2468 1749 2534 1799 et
2582 1734 2701 1799 «in

678 1965 758 2000 ιι.
791 1945 1160 2004 Ἐπινιίστασις.
1203 1953 1280 2001 Ita
1309 1952 1523 2001 Memm.
1554 1964 1607 2002 et

601 2028 789 2097 optimi
817 2030 1013 2101 quique
1031 2066 1049 2095 ‚
1086 2048 1184 2099 pro
1213 2028 1357 2097 vulg.
1385 2026 1608 2082 inima-

602 2125 696 2167 σις,
730 2119 782 2158 et
811 2120 934 2177 post
964 2107 1097 2159 alios
1125 2107 1354 2161 reddidit
1383 2106 1606 2161 Ouden-

601 2182 753 2256 dorp.
781 2187 906 2237 Mox
929 2186 1158 2239 Casaub.
1183 2186 1372 2240 suadet
1388 2224 1404 2251 ‚
1435 2210 1458 2234 n
1479 2185 1607 2241 stul·

599 2265 767 2316 titiam
791 2266 1009 2319 stultum
1035 2269 1300 2319 neminem
1324 2268 1521 2336 lingere
1537 2303 1555 2331 ‚
1576 2290 1601 2313 υ

599 2344 900 2417 probatque
917 2347 1167 2400 Bremius.
1191 2345 1346 2399 Haud
1367 2364 1607 2400 necessa-

601 2423 740 2478 rium
778 2425 1003 2481 videtur.
1047 2426 1274 2481 Dicebat
1307 2426 1474 2480 libelli
1513 2446 1607 2480 au-

599 2519 736 2574 ctor,
771 2528 894 2562 vere
929 2509 1150 2562 stultum
1179 2529 1292 2563 esse
1329 2525 1605 2582 oportere,

601 2587 692 2657 qui
706 2599 852 2640 tanta
861 2590 1078 2642 veritate
1087 2589 1363 2642 stultitiam
1381 2589 1575 2661 prodat
1590 2611 1607 2654 ;

599 2662 729 2717 alias
755 2668 895 2718 enim
915 2669 1043 2720 satis
1063 2668 1232 2722 multa
1251 2689 1390 2722 sanae
1414 2671 1606 2723 mentis

599 2743 794 2797 indicia
831 2747 886 2798 in
923 2747 1038 2816 ipsa
1067 2745 1404 2801 simulatione
1438 2767 1607 2820 appa-

599 2841 732 2875 rere.
762 2825 838 2877 Ita
873 2823 1060 2878 saltem
1097 2827 1152 2877 in
1189 2828 1352 2878 Bruto
1383 2826 1607 2898 aliisque

599 2901 834 2972 genuina
847 2901 1058 2954 indoles
1076 2921 1181 2955 non
1199 2921 1417 2974 prorsus
1433 2903 1603 2956 latuit.

669 2979 912 3032 XXXIX.
956 2997 1000 3033 1.
1039 2983 1320 3050 Meet-apim.
1363 2983 1483 3034 Haec
1523 3001 1607 3034 re-

598 3057 829 3128 spondet
855 3060 970 3112 Lat.
1001 3059 1281 3125 oblivioni,
1311 3074 1368 3114 ut
1391 3061 1609 3128 ᾰβλιψία.

599 3138 1064 3192 inconsiderantia
1097 3140 1187 3192 llla
1229 3153 1306 3194 est
1342 3141 1478 3194 Gall.
1510 3143 1607 3196 ab·

599 3235 745 3268 :enee
779 3217 1011 3291 d’esprit5
1043 3217 1269 3288 μοτὶοορος
1298 3221 1473 3287 enim,
1511 3222 1605 3291 qui

599 3293 682 3346 vel
707 3294 975 3348 oblivione
991 3336 1008 3364 ,
1031 3298 1112 3350 vel
1137 3317 1264 3370 spe,
1289 3297 1374 3350 vel
1399 3298 1508 3350 ullo
1536 3300 1609 3350 af-

602 3375 746 3426 fectu
761 3394 1051 3449 suspensus
1071 3377 1431 3450 abreptasque
1450 3380 1533 3432 sui
1555 3392 1608 3431 et

599 3473 774 3506 rerum
787 3474 1004 3508 suarum
1021 3457 1373 3526 obliviscitur,
1385 3473 1443 3511 ut
1459 3459 1609 3514 Clau·

601 3533 748 3586 dium
769 3553 982 3604 eorum,
1006 3557 1120 3610 quae
1141 3541 1380 3609 proxime
1401 3537 1609 3592 accide—

601 3624 746 3678 rant,
771 3614 1133 3668 immemorem
1155 3615 1384 3668 reddidit
1401 3634 1510 3667 non
1531 3616 1609 3668 af-

600 3693 774 3746 fectus
794 3694 1010 3766 aliquis,
1035 3696 1125 3749 sed
1148 3695 1406 3748 inhaerens
1427 3698 1607 3746 animo

601 3785 789 3844 torpor
811 3789 865 3827 et
891 3775 1129 3829 stultitia.
1154 3774 1607 3830 Inconsiderantia

600 3866 681 3906 est
707 3873 923 3921 eorum,
963 3874 1078 3927 quae
1107 3857 1436 3910 conveniunt
1467 3868 1605 3907 tem-

601 3934 722 4003 pori
735 3932 816 3984 vel
833 3932 973 3985 loco.
997 3933 1284 3991 Obliuionis
1303 3947 1427 3986 sunt
1441 3951 1607 3986 exem·

599 4010 690 4082 pla
711 4030 878 4084 usque
895 4011 966 4066 ad
986 3996 1238 4086 iincoepuie
1247 4051 1264 4078 ,
1286 4012 1410 4065 inde
1425 4014 1605 4064 incon·

600 4090 908 4145 siderancioe.
1383 4101 1388 4106 '

679 4186 724 4220 2.
769 4169 946 4222 Occisa
971 4171 1278 4236 Μεςεαὶἰηα,
1307 4183 1406 4222 etc.
1438 4168 1602 4222 Paulo

1698 1948 1849 2001 aliter
1883 1950 2053 2001 Tacit.
2094 1948 2285 2001 Annal.
2330 1950 2433 2015 XI,
2472 1950 2540 2002 38
2554 1986 2571 2015 ,
2608 1949 2703 2001 sed

1695 2048 1805 2081 non
1832 2032 2032 2099 majore
2056 2028 2265 2082 Claudii
2287 2028 2477 2081 laude:
2509 2051 2532 2075 ι
2552 2030 2707 2083 Nun-

1697 2108 1891 2159 ciatum
1922 2106 2150 2159 Claudio
2188 2103 2429 2178 epulanti
2444 2142 2463 2171 ,
2501 2108 2701 2177 perisse

1694 2186 2034 2239 Messalinam
2051 2224 2068 2252 ‚
2094 2204 2202 2239 non
2222 2186 2497 2251 distincto,
2518 2204 2611 2238 sua
2632 2206 2705 2239 an

1695 2266 1869 2318 aliena
1889 2284 2079 2317 manu:
2100 2284 2199 2317 nec
2217 2264 2307 2318 ille
2328 2267 2592 2336 quaesivit,
2610 2284 2704 2337 po-

1695 2347 1973 2418 poscitque
1997 2344 2251 2417 poculum
2268 2383 2285 2412 ,
2314 2359 2370 2397 et
2392 2344 2553 2398 solita
2574 2364 2707 2398 con·
2728 2346 2733 2351 ’

1694 2426 1831 2477 vivio
1852 2423 2150 2475 celebravit.
2168 2424 2251 2476 Ne
2266 2422 2463 2475 secutis
2484 2419 2703 2493 quidem

1696 2502 1893 2556 diebus
1912 2502 2053 2571 odii,
2079 2501 2288 2575 gaudii,
2312 2505 2427 2569 irae,
2456 2501 2701 2569 tristitia,
2717 2545 2730 2556 .

1696 2582 1855 2636 ullius
1876 2583 2109 2653 denique
2138 2583 2358 2634 humani
2386 2583 2611 2634 affectus
2634 2583 2704 2634 si·

1696 2681 1802 2734 gna
1822 2661 1996 2731 dedit,
2015 2681 2151 2731 non,
2176 2681 2341 2736 quum
2366 2660 2599 2716 laetantes
2618 2681 2704 2715 ac·

1697 2757 1966 2796 cusatores
2010 2745 2299 2814 aspiceret,
2348 2741 2457 2792 non
2478 2778 2496 2806 ,
2538 2759 2703 2812 quum

1696 2820 1834 2874 filios
1858 2834 2157 2873 moerentes.
2180 2843 2203 2868 ι
2232 2823 2354 2872 Haec
2376 2837 2497 2872 vera
2528 2831 2703 2890 torpo-

1696 2899 1763 2952 ris
1796 2902 1909 2954 sive
1945 2899 2297 2960 αἰνισσθιισίοιε,
2334 2917 2447 2952 non
2482 2899 2670 2952 Stoicae
2686 2935 2705 2966 ,

1696 2977 1789 3032 sed
1812 2980 1983 3052 qualis
2005 2979 2265 3033 vilissimis
2292 2977 2595 3032 hominibus
2619 2977 2705 3032 vel

1695 3059 1751 3110 in
1776 3061 1957 3129 patria·
1978 3059 2280 3111 calamitate
2300 3076 2416 3110 esse
2436 3055 2595 3122 solet,
2616 3055 2705 3110 de-

1699 3139 1939 3208 scriptio.
1965 3139 2043 3188 De
2070 3136 2300 3188 dominoe
2328 3133 2621 3202 vocabulo,
2645 3133 2703 3186 h.

1697 3236 1745 3269 e.
1778 3215 1938 3278 herae,
1970 3215 2117 3290 quod
2146 3215 2214 3269 ad
2240 3218 2436 3270 amicas
2460 3213 2543 3269 vel
2564 3235 2703 3268 uxo-

1695 3315 1778 3350 res
1796 3300 2070 3350 transferri
2084 3299 2246 3369 coepit
2262 3317 2291 3350 a
2306 3300 2428 3350 viris
2445 3315 2555 3348 aevo
2576 3296 2707 3348 mol-

1696 3375 1733 3430 li
1754 3391 1805 3428 et
1824 3379 2133 3430 effeminato
2146 3416 2163 3444 ,
2184 3395 2346 3449 quum
2366 3378 2583 3448 proprie
2602 3394 2707 3426 ser-

1695 3458 1773 3509 vis
1794 3471 1997 3509 tantum
2014 3469 2378 3530 usurparetur,
2398 3455 2451 3506 h.
2474 3456 2505 3507 l.
2525 3453 2705 3506 dicere

1698 3555 1808 3588 non
1832 3551 2039 3589 attinet.

1768 3616 1818 3668 3.
1858 3616 2058 3668 Multos
2074 3633 2137 3665 ex
2152 3615 2231 3667 iis.
2245 3652 2257 3663 .
2273 3651 2287 3664 .
2306 3612 2706 3685 admonerijus-

1693 3695 1774 3747 sit.
1796 3694 1877 3745 Cf.
1899 3695 2031 3761 Dio,
2048 3693 2168 3759 LX,
2192 3693 2271 3759 14.
2288 3691 2537 3743 Ceterum
2554 3709 2706 3742 rece-

1693 3775 1867 3844 pimus
1888 3786 1941 3824 et
1956 3774 2248 3825 convivium
2265 3789 2363 3842 pro
2382 3765 2701 3834 concilium,

1696 3864 1749 3904 et
1766 3852 2036 3904 admoneri
2048 3890 2065 3916 ‚
2085 3851 2140 3903 h.
2164 3871 2209 3902 e.
2236 3869 2335 3922 per
2356 3868 2563 3902 servum
2578 3851 2709 3902 invi-

1695 3933 1825 3998 tari,
1844 3949 1945 4002 pro
1972 3931 2261 3994 admoveri,
2290 3928 2437 4002 quod
2463 3930 2703 4001 quamvis

1692 4011 1946 4064 Latinitas
1960 4010 2097 4061 ferat
2112 4045 2129 4074 ,
2142 4027 2223 4061 res
2241 4028 2349 4060 non
2372 4009 2475 4060 fert
2489 4046 2507 4074 ,
2533 4025 2703 4080 quum

1692 4092 1795 4143 vivi
1818 4104 2026 4143 tantum
2050 4088 2324 4142 admoveri
2340 4099 2553 4160 queant.

1765 4169 1816 4237 4.
1853 4171 1978 4224 Non
2016 4171 2227 4223 cessavit
2253 4167 2401 4222 omni
2435 4165 2669 4220 oratione
2684 4205 2701 4232 ,
