3050 5004
630 494 765 571 -184

1381 490 1453 553 C.
1506 488 1612 555 SU
1630 491 1972 556 ETONII

628 624 1015 711 Forumque
1038 668 1057 699 ,
1118 615 1445 683 Palatium
1516 632 1586 683 et
1643 616 2025 711 Apollinem
2094 619 2304 709 petiit.
2377 615 2726 687 Incedenti

622 733 878 824 passim
899 732 1191 799 victimae
1214 751 1407 797 caesae
1424 780 1442 811 ,
1478 752 1716 823 sparso
1737 751 1862 822 per
1882 731 2026 797 vias
2049 726 2416 798 identidem
2433 740 2460 781 ⁷
2485 753 2684 799 croco
2703 782 2722 815 ,

620 844 1037 936 ingestaeque
1068 864 1225 909 aves
1255 892 1274 922 ,
1310 862 1391 907 ac
1427 840 1732 909 lemnisci
1751 894 1770 925 ‚
1800 857 1869 909 et
1902 840 2180 909 bellaria
2194 838 2242 909 ⁸.
2273 845 2504 910 Sacras
2537 864 2725 909 coro-

620 976 745 1022 nas
770 956 841 1021 in
864 952 1193 1021 cubiculis
1222 954 1477 1021 circum
1499 951 1714 1021 lectos
1733 963 1760 1005 9
1793 956 2054 1046 posuit:
2076 956 2238 1020 item
2272 968 2530 1021 statuas
2563 976 2722 1021 suas
2763 968 2770 973 ·

618 1063 1047 1133 citharoedico
1074 1064 1347 1147 habitu3
1382 1089 1519 1160 qua
1551 1081 1710 1133 nota
1743 1067 1942 1133 etiam
1973 1090 2334 1133 nummum
2363 1068 2722 1159 percussit.

620 1180 717 1243 Ac
750 1190 909 1267 post
936 1173 1081 1243 haec
1110 1190 1379 1243 tuntum
1400 1174 1618 1243 abfuit
1637 1199 1679 1243 a
1702 1173 2106 1243 remittendo
2129 1174 2556 1269 laxandoque
2579 1194 2724 1243 stu-

620 1284 733 1353 dio
748 1339 766 1368 ‚
790 1302 869 1354 ut
888 1286 1368 1355 conservandae
1391 1288 1575 1354 vocis
1600 1290 1842 1378 gratia,
1866 1310 2088 1382 neque
2111 1285 2358 1354 milites
2381 1310 2687 1381 unquam
2703 1340 2722 1369 ‚

620 1399 749 1464 nisi
790 1396 1035 1467 absens
1054 1449 1073 1481 ,
1108 1415 1229 1466 aut
1262 1397 1397 1467 alio
1433 1398 1640 1467 verba
1675 1400 2168 1491 pronunciante
2185 1448 2204 1481 ,
2251 1408 2302 1444 ¹⁰
2325 1397 2720 1491 appellarit3

618 1637 877 1693 tellexerit
910 1640 1285 1713 Capitolinum.
1314 1644 1426 1694 lmo
1460 1642 1629 1695 Pala-

618 1719 749 1770 tium
786 1729 840 1771 et
876 1719 1185 1792 Apollinem
1226 1734 1305 1773 est
1346 1736 1626 1775 «montem

614 1799 914 1852 Palatinum
957 1799 1324 1871 templumque
1363 1800 1626 1873 Apollinis

616 1883 673 1932 in
690 1900 757 1932 eo
772 1893 953 1933 monte
971 1882 1189 1947 situm,·
1210 1901 1369 1954 quem
1384 1882 1624 1955 petebat,

620 1962 875 2030 quoniam
908 1962 1126 2026 artium,
1170 1978 1279 2013 uon
1314 1961 1473 2028 belli,
1512 1976 1625 2016 erat

616 2040 857 2091 victoria.
888 2039 967 2090 De
992 2036 1248 2109 Apolline
1274 2039 1530 2093 Palatino
1553 2043 1626 2093 cf.

618 2117 689 2171 ud
709 2117 935 2187 August.
958 2134 1053 2188 29,
1079 2131 1133 2170 et
1150 2118 1375 2172 Nardin.
1399 2119 1503 2173 loc.
1535 2124 1624 2173 cit.

618 2198 722 2263 vl,
760 2196 842 2263 14.

688 2292 739 2345 7.
759 2276 1007 2347 Sparso...
1018 2295 1188 2339 croco,·
1199 2296 1298 2350 pro
1312 2278 1624 2333 suffimento.

612 2354 697 2407 cf.
721 2355 1067 2429 Dalechamp.
1100 2357 1167 2409 nd
1182 2356 1312 2409 Plin.
1338 2358 1472 2410 Hist.
1498 2360 1621 2413 Nat.

616 2434 741 2487 xxl
756 2473 772 2501 ‚
796 2435 833 2489 6
852 2434 995 2507 (17).

689 2515 738 2567 8.
774 2517 1152 2590 Ingena-que...
1180 2529 1233 2570 et
1268 2518 1505 2571 bellaria.
1543 2521 1624 2572 De

614 2612 796 2662 more,
826 2597 881 2646 in
904 2597 1132 2650 victores
1156 2616 1415 2666 coronas,
1438 2596 1625 2650 lemni-

614 2690 734 2725 scos
765 2711 783 2739 ‚
836 2673 998 2746 idque
1042 2693 1211 2746 genus
1258 2677 1360 2730 alia
1402 2677 1623 2730 lionoris

614 2769 777 2802 causa
795 2752 1031 2820 jaciendi
1048 2792 1065 2818 ‚
1084 2753 1391 2807 doctissime
1412 2755 1482 2806 ad
1504 2755 1560 2807 h.
1583 2755 1621 2807 l.

613 2828 863 2882 disseruit
886 2829 1251 2886 casaubonus
1277 2833 1621 2887 Stomachum

614 2910 780 2960 movit
797 2910 1178 2981 interpretibus
1195 2931 1312 2964 voc.
1336 2931 1470 2966 aves.
1487 2915 1624 2966 Grae·

614 2989 732 3040 vius
768 3000 971 3040 mutare
1006 2989 1173 3042 voluit
1207 2994 1260 3043 in
1276 2993 1471 3070 floren
1505 2994 1620 3046 Ou-

616 3065 879 3138 dendorp.
896 3071 951 3120 in
967 3073 1229 3143 corruptis
1242 3071 1415 3126 verbis
1434 3091 1622 3125 vocem

610 3164 710 3196 ave
739 3144 905 3198 latere
934 3151 1261 3202 existimavit.
1291 3149 1525 3218 Cautus,
1555 3151 1621 3204 de

612 3241 723 3295 quo
750 3225 1113 3298 triumphabat
1130 3229 1303 3293 Nero,
1322 3191 1621 3302 symbolum

612 3305 670 3354 in
708 3303 896 3358 avibus
947 3326 1047 3378 pro
1098 3308 1358 3360 sacrificio
1410 3310 1620 3378 injectis

610 3378 773 3434 fuisse
798 3397 964 3454 pute,
1000 3403 1108 3458 quo
1141 3386 1251 3438 fere
1286 3383 1423 3439 redit
1460 3390 1621 3438 etism

610 3461 863 3514 Perizonii
876 3464 1155 3516 sententia.
1169 3465 1270 3516 Pro
1292 3464 1313 3516 i
1314 3477 1620 3538 nqestoeque,

610 3539 789 3592 malim
806 3539 1107 3613 injectoeque
1118 3581 1135 3607 ,
1151 3543 1254 3596 nisi
1269 3545 1322 3594 in
1338 3541 1431 3595 illo
1452 3542 1621 3596 oblati

612 3616 853 3670 sacrificii
884 3621 1049 3691 magis
1076 3633 1153 3672 est
1187 3621 1352 3672 notio.
1384 3623 1463 3672 De
1488 3621 1618 3673 Iem-

610 3697 761 3750 niscis
782 3697 902 3751 vide
932 3699 1056 3752 Pliu.
1086 3701 1219 3754 nist.
1244 3702 1369 3753 Nat.
1404 3702 1556 3767 XXI,
1584 3703 1615 3754 3

608 3775 735 3848 (4),
782 3789 833 3828 et
874 3779 1184 3849 interpretes
1230 3779 1299 3830 nd
1344 3778 1487 3832 bunc
1531 3778 1616 3830 lo-

610 3874 763 3920 cnm;
791 3857 967 3928 Argoi.
1004 3857 1073 3910 ad
1102 3858 1319 3909 Panvin.
1352 3855 1421 3910 de
1455 3858 1618 3911 Ludis

608 3935 841 3990 Circeus.
875 3937 931 4003 1,
972 3937 1034 3990 16
1064 3935 1257 4006 (Thes.
1287 3937 1452 3988 Groev.
1483 3950 1613 3990 tom.

606 4017 709 4080 1X,
734 4035 855 4088 pag.
884 4016 1033 4088 201);
1054 4031 1105 4070 et
1126 4035 1263 4087 quos
1282 4015 1414 4068 ulios
1433 4016 1614 4070 citavit

608 4095 845 4146 Patiscus.

680 4187 731 4242 9
769 4173 834 4222 Ῑιι
858 4157 1104 4228 cubiculis
1120 4176 1311 4228 circum
1337 4173 1507 4228 lectos.
1534 4177 1610 4227 Ita

1715 1636 1929 1697 Memm.
1957 1641 2182 1715 aliique,
2205 1660 2339 1716 quos
2357 1654 2598 1695 recenset
2615 1644 2726 1695 Ou-

1717 1722 2068 1793 dend.Vulgo
2086 1746 2098 1775 ε
2118 1746 2140 1769 ι
2155 1724 2211 1775 in
2234 1720 2393 1775 cubili
2416 1724 2616 1774 circum
2641 1722 2722 1774 le-
2775 1716 2784 1726 ⁸

1715 1802 2074 1874 ctos.·Xiphil.
2089 1804 2270 1869 Lxm,
2283 1820 2310 1853 π
2325 1819 2342 1853 ι
2351 1840 2369 1869 ,
2379 1803 2572 1855 relatas
2583 1821 2612 1855 a
2623 1802 2728 1854 Ne-

1713 1900 1844 1934 rone
1854 1884 2188 1953 octingentns
2199 1894 2250 1933 et
2262 1894 2388 1933 octo
2399 1900 2561 1951 super
2577 1880 2725 1933 mille

1715 1980 1944 2015 coronas
1967 1963 2132 2015 fuisse
2155 1960 2224 2013 ab
2254 1960 2346 2013 illo
2374 1962 2430 2013 in
2454 1962 2608 2013 Circo
2631 1978 2727 2031 np—

1715 2058 1910 2113 pensns
1929 2040 2239 2113 AEgyptiaco
2264 2038 2500 2092 obelisco
2519 2038 2724 2106 scribit,

1715 2118 1858 2172 unde
1888 2120 2082 2171 Loens.
2115 2116 2309 2189 Epiph.
2351 2119 2451 2185 111,
2487 2134 2539 2187 7,
2574 2118 2724 2189 apud

1717 2198 1932 2251 Sueton.
1959 2196 2350 2249 emendandum
2375 2196 2556 2263 duxit,
2583 2221 2604 2245 ι
2621 2196 2724 2249 Sa-

1716 2296 1833 2330 cras
1863 2295 2090 2329 coronas
2109 2278 2165 2329 in
2191 2276 2468 2331 obeliscum
2491 2278 2623 2329 Circi
2645 2277 2726 2329 in-

1705 2356 1867 2426 jectas
1899 2356 2148 2426 posuit,-
2185 2354 2448 2427 probante
2475 2355 2724 2407 Reimnro

1713 2432 1780 2485 ad
1825 2433 1859 2485 1.
1910 2452 1990 2497 c.;
2043 2433 2262 2487 Vossius
2283 2472 2302 2501 ,
2353 2436 2447 2487 «in
2495 2433 2726 2488 obeliscis

1715 2513 2174 2575 Circicollectas31»
2203 2515 2489 2566 Burmann.
2516 2535 2538 2559 ι
2559 2515 2611 2566 in
2633 2531 2725 2566 cu-

1714 2590 1882 2645 biculo
1914 2593 2049 2643 Circi
2061 2589 2208 2664 fixas
2231 2594 2484 2664 posuit‚·
2517 2591 2720 2645 intelli-

1711 2689 1841 2742 gens
1864 2671 2166 2724 cubiculum
2181 2673 2476 2742 Principis,
2495 2671 2642 2743 quod
2663 2674 2724 2724 in

1714 2749 2032 2821 spectaculis
2068 2749 2300 2821 publicis
2333 2746 2584 2802 habebat.
2621 2751 2729 2804 As-

1713 2829 1916 2880 sentior
1955 2827 2223 2893 Ernestio‚
2263 2827 2356 2897 qui
2397 2827 2466 2878 nd
2513 2846 2720 2880 morem

1711 2918 1998 2975 provocat,
2024 2904 2196 2976 spolia
2215 2905 2464 2975 donaque
2488 2904 2542 2956 iu
2567 2903 2724 2956 cubi-

1711 2982 1846 3036 culis
1871 2983 2270 3055 suspendendi,
2289 2998 2342 3036 et
2355 2985 2610 3056 imagines
2626 3003 2720 3036 ca·

1711 3064 2042 3115 rissimorum
2067 3062 2341 3115 hominum
2369 3061 2564 3114 ibidem
2588 3081 2720 3115 con-

1711 3143 1995 3213 stituendi,
2028 3162 2344 3215 comparans
2381 3141 2564 3213 virgil.
2593 3145 2716 3197 AEn.

1709 3223 1808 3288 lv,
1846 3223 1949 3294 495
1985 3239 2036 3277 et
2068 3224 2198 3294 647;
2237 3224 2416 3276 Nostr.
2453 3224 2616 3296 Calig.
2663 3242 2718 3294 7.

1709 3302 1870 3368 Quod
1905 3303 1971 3354 ad
2010 3303 2342 3376 Xipltilinum
2376 3305 2590 3369 attinet,
2632 3303 2714 3356 vel

1710 3381 1824 3434 aliae
1835 3401 1898 3434 co
1906 3401 2045 3436 ronae
2057 3383 2291 3436 obelisco
2300 3385 2559 3455 impositae
2571 3396 2718 3450 sunt,

1709 3461 1934 3516 fortasse
1954 3481 1984 3515 e
2003 3463 2200 3515 Graecia
2221 3462 2390 3514 sllntae
2403 3500 2422 3528 ‚
2447 3463 2586 3530 atiae,
2603 3464 2720 3515 Ro-

1709 3558 1808 3591 mae
1829 3558 1974 3592 nune
2002 3539 2224 3607 obiam,
2251 3540 2317 3592 de
2356 3541 2550 3611 quibus
2581 3559 2720 3618 pro-

1707 3620 1878 3686 ‚xime.,
1917 3623 1970 3672 in
2009 3620 2268 3672 cubiculis
2303 3639 2598 3692 suspensae,
2629 3623 2716 3674 vel

1707 3718 1892 3752 omnes
1932 3719 1961 3752 e
2002 3699 2158 3751 Circo
2187 3714 2374 3772 postea
2404 3702 2460 3752 in
2494 3703 2715 3754 Caesaris

1703 3779 1844 3832 oedes
1866 3777 2128 3832 tnsnslatae
2152 3793 2292 3832 sunt.

1783 3875 1862 3910 10.
1896 3859 2019 3911 Ut...
2037 3860 2137 3911 nisi
2155 3859 2388 3912 absens...
2403 3859 2714 3932 appellarit,-

1705 3951 1766 3990 ut
1807 3943 1906 3992 nisi
1947 3959 2040 4010 per
2073 3940 2329 4012 aliquem,
2361 3940 2579 3993 absente
2619 3959 2714 4008 se,

1703 4018 1890 4072 milites
1909 4021 2170 4073 allocutus
2186 4023 2268 4073 sit.
2290 4019 2590 4092 Appellart't
2609 4040 2712 4094 pro

1701 4099 1997 4172 appellaret
2019 4103 2354 4173 scripsimus,
2380 4101 2452 4153 ob
2477 4121 2714 4173 sequen-

1706 4180 1770 4228 tia
1805 4179 1996 4250 amerit,
2024 4178 2294 4244 obtulerit,
2329 4176 2594 4230 indixerit.
2629 4182 2713 4232 De
