3050 5004
666 476 800 559 448
1268 477 1337 541 P.
1387 477 1867 542 TERENTH
1919 479 2166 545 vrrA.

663 606 1069 697 exprimeret
1108 605 1179 669 in
1216 603 1481 695 scriptis
1496 653 1515 684 ‚
1549 624 1861 693 egressus
1899 602 2157 671 Urbem
2193 620 2298 673 est
2315 656 2334 688 ,
2371 630 2594 701 neque
2629 632 2754 674 am-

664 714 843 810 plius
866 714 1084 785 rediit.
1112 718 1213 781 De
1234 728 1453 781 morte
1474 709 1624 805 ejus
1647 711 1990 781 Volcatius
2014 715 2253 783 tradit:

821 886 936 949 Sed
960 900 1031 946 ut
1052 883 1198 946 Afer
1219 904 1319 945 sex
1342 883 1578 967 populo
1599 883 1798 944 edidit
1819 884 2186 961 comoedias,

824 988 945 1047 Iter
966 983 1114 1043 hinc
1138 984 1206 1044 in
1232 983 1441 1042 Asiam
1462 980 1628 1042 fecit.
1653 982 1880 1041 Navim
1903 1002 2101 1063 quum
2125 984 2314 1046 semel

824 1080 1231 1155 Conscendit,
1255 1078 1416 1139 visus
1443 1098 1776 1159 nunquam
1803 1091 1910 1141 est.
1941 1079 2037 1141 Sic
2059 1080 2186 1143 vita
2211 1096 2405 1145 vacat.

754 1272 837 1335 V.
886 1270 970 1351 Q.
1003 1264 1371 1332 Cosconius
1407 1259 1807 1330 redeuntem
1839 1286 1878 1329 e
1912 1264 2173 1331 Graecia
2207 1266 2464 1357 perisse
2499 1268 2570 1333 in
2601 1268 2760 1333 mari

664 1381 823 1449 dicit
848 1402 1007 1447 cum
1034 1390 1311 1445 centum
1338 1392 1405 1442 et
1431 1391 1584 1442 octo
1609 1372 1887 1457 fabulis,
1921 1379 2266 1444 conversis
2297 1401 2336 1445 e
2367 1376 2754 1455 Menandro.

661 1493 916 1574 Ceteri,
955 1506 1303 1559 mortuum
1336 1474 1487 1555 esse
1516 1489 1587 1554 in
1621 1486 1922 1555 Arcadia:
1957 1488 2354 1582 Stymphalo
2373 1542 2392 1572 ,
2421 1492 2562 1559 sive
2597 1494 2759 1558 Leu-

664 1602 854 1673 cadia
874 1656 892 1687 ,
942 1599 1253 1682 tradunt,
1294 1602 1417 1667 Cn.
1466 1597 1780 1667 Cornelio
1821 1597 2170 1667 Dolabella
2190 1653 2208 1684 ,
2249 1606 2485 1671 Marco
2531 1601 2760 1671 Fulvio

606 1750 612 1757 ·
662 1713 1004 1785 Nobiliore
1023 1764 1041 1795 ,
1069 1705 1478 1780 Consulibus
1492 1760 1511 1793 ‚
1541 1709 1780 1777 morbo
1806 1698 2210 1802 implicitum
2237 1715 2406 1795 acri,
2438 1710 2670 1780 dolore
2687 1736 2762 1780 ac

662 1824 865 1896 taedio
900 1825 1299 1893 amissarum
1333 1822 1784 1904 sarcinarum,
1822 1844 1993 1915 quas
2025 1822 2096 1889 in
2131 1824 2288 1889 navi
2319 1824 2760 1914 praemiserat,

646 1938 742 2006 'ac
784 1932 986 2004 simul
1028 1930 1445 2015 fabularum,
1490 1954 1662 2026 quas
1698 1953 1909 2021 novas
1945 1929 2214 1999 fecerat.
2255 1935 2488 1999 Fuisse
2524 1929 2764 2001 dicitur

662 2046 985 2117 mediocri
1024 2059 1311 2127 statura,
1346 2042 1578 2134 gracili
1609 2065 1894 2135 corpore
1912 2096 1930 2125 ‚
1968 2042 2194 2111 colore
2229 2044 2442 2111 fusco.
2479 2043 2766 2139 Reliquit

662 2157 869 2227 filiam
887 2210 904 2239 ,
948 2178 1101 2251 quae
1142 2170 1299 2248 post
1344 2154 1554 2247 equiti
1602 2158 1906 2221 Romano
1946 2157 2208 2247 nupsit:
2255 2157 2416 2221 item
2463 2153 2764 2223 hortulos

661 2270 896 2363 viginti
914 2264 1236 2361 jugerum
1264 2265 1331 2331 in
1355 2265 1465 2331 via
1488 2264 1704 2356 Appia
1731 2261 1820 2330 ad
1843 2266 2080 2331 Martis
2102 2263 2352 2332 villam.
2381 2270 2534 2351 Quo
2557 2267 2765 2357 magis

662 2383 873 2449 miror
888 2432 905 2461 ,
931 2378 1247 2445 Porcium
1268 2373 1564 2442 scribere
1581 2426 1600 2456 ,

1316 2565 1896 2584 ...............
1908 2519 2070 2581 nihil
2093 2521 2352 2583 Publius

662 2625 863 2709 Scipio
891 2623 1159 2708 profuit,
1188 2620 1349 2683 nihil
1377 2621 1435 2681 ei
1462 2619 1720 2698 Laelius,
1749 2617 1909 2680 nihil
1938 2621 2192 2681 Furius:

662 2725 807 2784 Tres
840 2743 949 2806 per
976 2721 1145 2782 idem
1176 2733 1419 2802 tempus
1449 2717 1557 2800 qui
1586 2716 1906 2800 agitabant
1936 2717 2180 2778 nobiles
2206 2715 2559 2795 facillume,

663 2821 903 2880 Eorum
933 2816 1038 2880 ille
1066 2838 1257 2900 opera
1285 2836 1363 2875 ne
1392 2814 1654 2875 domum
1685 2814 1942 2896 quidem
1969 2812 2196 2875 habuit
2222 2815 2706 2891 conducticiam,

664 2914 891 2976 Saltem
918 2925 992 2974 ut
1016 2925 1205 2988 esset,
1231 2932 1361 2994 quo
1386 2909 1646 2971 referret
1673 2911 1918 2971 obitum
1944 2910 2190 2975 domini
2217 2909 2514 2972 servulus.

664 3079 864 3142 Hunc
884 3071 1194 3139 Afranius
1207 3071 1484 3167 quidem
1502 3071 1818 3140 omnibus
1837 3072 2122 3140 Comicis
2140 3070 2416 3164 praefert
2428 3121 2446 3152 ,
2466 3069 2760 3138 scribens

662 3187 733 3252 in
760 3179 1281 3275 Compitalibus:

900 3351 1189 3411 Terentio
1217 3370 1353 3410 non
1380 3347 1647 3410 similem
1676 3347 1839 3408 dices
1869 3347 2246 3432 quempiam.

662 3490 1005 3563 Volcatius
1039 3505 1269 3558 autem
1299 3513 1439 3557 non
1474 3488 1697 3556 solum
1731 3490 1960 3556 Naevio
1997 3502 2066 3556 et
2099 3486 2336 3556 Plauto
2372 3503 2442 3554 et
2467 3485 2760 3566 caecilio,

663 3602 784 3671 sed
812 3602 1067 3670 Licinio
1098 3623 1369 3695 quoque
1392 3615 1461 3666 et
1486 3597 1712 3666 Attilio
1737 3600 2105 3691 postponit.
2137 3600 2367 3666 Cicero
2389 3599 2460 3664 in
2487 3600 2762 3665 Limone

663 3713 989 3784 hactenus
1012 3711 1277 3780 laudat:

741 3882 835 3941 Tu
860 3901 1141 3963 quoque,
1172 3880 1279 3961 qui
1304 3875 1470 3938 solus
1500 3874 1658 3936 lecto
1683 3895 1998 3951 sermone,
2025 3877 2298 3951 Terenti,

744 3981 1129 4040 Conversum
1154 3995 1630 4059 expressumque
1653 3975 1876 4033 Latina
1903 3995 2053 4034 voce
2085 3969 2500 4034 Menandrum

746 4077 815 4138 ln
846 4076 1054 4138 medio
1083 4074 1301 4158 populi
1332 4073 1552 4135 sedatis
1581 4073 1835 4133 vocibus
1868 4069 2076 4150 effers,

745 4173 1053 4256 Quicquid
1085 4193 1262 4234 come
1294 4173 1588 4253 loquens,
1623 4181 1806 4252 atque
1835 4171 2052 4231 omnia
2079 4169 2282 4232 dulcia
2309 4169 2536 4230 dicens.
