3050 5004
628 465 749 553 178
1364 460 1434 523 C.
1488 457 1956 525 SUETONH

614 609 1071 681 coronamque
1098 607 1245 651 eam
1286 599 1353 649 et
1387 580 1722 685 reliquam
1759 583 2143 651 certaminis
2181 598 2446 674 partem
2481 585 2554 651 in
2589 606 2710 651 an·

613 722 780 767 num
800 708 1195 789 sequentem
1217 687 1478 757 distulit
1494 742 1512 772 ,
1537 705 1616 757 ut
1639 692 1884 781 saepius
1909 687 2196 757 canendi
2218 694 2479 759 occasio
2509 708 2710 763 esset.

614 806 814 897 Quod
860 828 1073 901 quum
1113 800 1387 869 tardum
1427 800 1768 869 videretur
1791 854 1808 883 ‚
1851 825 1990 867 non
2028 804 2314 869 cessavit
2347 800 2712 871 identidem

613 944 685 989 se
730 916 1098 1012 publicare.
1143 918 1293 979 Non
1334 910 1664 980 dubitavit
1705 914 1906 979 etiam
1946 914 2224 1005 privatis
2273 912 2712 1006 ⁵'spectaculis

616 1053 891 1124 operam
928 1030 1104 1093 inter
1147 1024 1447 1089 scenicos
1482 1020 1644 1088 dare
1664 1074 1682 1105 ,
1723 1023 2020 1117 quodam
2061 1029 2432 1093 Praetorum
2471 1040 2714 1093 sester-

612 1144 779 1209 tium
813 1136 1035 1207 decies
1065 1134 1412 1201 offerente.
1442 1131 1830 1222 Tragoedias
1860 1156 2132 1227 quoque
2157 1137 2451 1203 cantavit
2477 1158 2712 1227 perso..

610 1247 854 1321 natus⁶
879 1274 898 1331 ς
926 1246 1211 1314 heroum
1244 1248 1680 1338 Deorumque
1699 1294 1716 1325 ,
1741 1246 1902 1313 item
1924 1243 2282 1313 heroidum
2309 1270 2390 1313 ac
2416 1250 2714 1313 Dearum

611 1362 919 1457 personis
958 1357 1211 1426 effectis
1253 1352 1342 1421 ad
1387 1353 1896 1422 similitudinem
1939 1358 2072 1423 oris
2115 1358 2220 1425 sui
2239 1406 2258 1439 ,
2301 1372 2368 1423 et
2402 1355 2669 1425 feminae
2691 1408 2710 1440 ,

611 1492 816 1569 prout
842 1492 1185 1567 quamque
1215 1466 1543 1559 diligeret.
1577 1471 1761 1534 Inter
1789 1482 2008 1535 cetera
2032 1469 2326 1536 cantavit
2357 1498 2382 1527 α
2404 1472 2712 1537 Canacen

610 1585 1100 1680 parturientem
1120 1632 1138 1661 ,
1172 1582 1457 1647 Oresten
1485 1576 1904 1647 matricidam
1925 1632 1943 1661 ‚
1968 1578 2392 1672 OEdipodem
2421 1602 2712 1649 excaeca-

609 1714 794 1777 tum,
834 1691 1197 1762 Herculem
1236 1693 1576 1758 insanum.
1605 1720 1631 1750 ν
1671 1695 1750 1757 ln
1792 1715 1928 1785 qua
1967 1689 2198 1759 fabula
2235 1692 2412 1761 fama
2453 1708 2591 1774 est,
2631 1694 2714 1760 ti-

610 1804 977 1875 runculum
1000 1801 1319 1871 militem⁷
1336 1852 1353 1883 ,
1378 1802 1678 1893 positum
1703 1799 1792 1867 ad
1819 1800 2195 1869 custodiam
2217 1800 2440 1869 aditus
2456 1854 2473 1884 ,
2497 1826 2714 1895 quum

613 1942 771 1987 eum
798 1916 1023 1983 ornari
1056 1936 1136 1979 ac
1172 1912 1409 1979 vinciri
1444 1912 1698 1977 catenis
1718 1962 1736 1993 ,
1771 1912 1944 1977 sicut
1980 1928 2456 2003 argumentum
2487 1928 2716 2004 postu-

612 2026 797 2096 labat
814 2078 831 2107 ‚
860 2021 1121 2093 videret
1140 2074 1157 2105 ,
1182 2022 1556 2087 accurrisse
1581 2020 1876 2088 ferendae
1905 2023 2052 2114 opis
2077 2024 2309 2113 gratia.

702 2142 916 2207 XXII.
978 2142 1329 2229 Equorum
1380 2130 1604 2199 studio
1647 2148 1664 2179 ¹
1725 2130 1834 2201 vel
1888 2136 2228 2227 praecipue
2287 2134 2376 2201 ab
2435 2136 2712 2203 ineunte

613 2266 806 2317 aetate
838 2247 1179 2341 flagravit,
1209 2241 1685 2337 plurimusque
1720 2241 1816 2310 illi
1855 2268 2082 2313 sermo
2102 2298 2118 2326 ,
2155 2269 2570 2340 quamquam
2603 2268 2712 2311 ve-

612 2375 869 2427 taretur
888 2410 905 2439 ‚
946 2356 1029 2425 de
1067 2353 1491 2421 Circensibus
1527 2371 1708 2421 erat:
1749 2373 1817 2422 et
1851 2354 2196 2449 quondam
2232 2373 2522 2424 tractum
2559 2380 2716 2449 pra-

611 2472 837 2540 sinum
876 2466 1313 2562 agitatorem²
1353 2468 1529 2533 inter
1570 2464 2069 2561 condiscipulos
2108 2490 2400 2562 querens
2419 2521 2436 2552 ,
2481 2464 2714 2560 objur-

612 2598 811 2676 gante
838 2581 1197 2672 magistr0,
1233 2575 1317 2644 de
1352 2581 1643 2646 Hectore
1673 2601 1745 2645 se
1772 2575 1994 2674 loqui,
2030 2581 2392 2646 ementitus
2431 2595 2553 2646 est.
2586 2575 2714 2648 Sed

612 2717 825 2788 quum
848 2695 1023 2759 inter
1057 2692 1241 2756 initia
1274 2690 1536 2780 imperii
1577 2688 1892 2759 eburneis
1931 2689 2275 2786 quadrigis
2311 2687 2607 2786 quotidie
2643 2692 2714 2758 in

610 2803 820 2870 abaco
856 2799 1142 2880 luderet,
1175 2795 1262 2865 ad
1291 2821 1530 2866 omnes
1565 2802 1768 2866 etiam
1808 2803 2125 2868 minimos
2161 2803 2509 2867 Circenses
2545 2823 2582 2866 e
2615 2823 2714 2868 se·

610 2936 809 2980 cessu
860 2909 1317 2992 commeabat,
1366 2912 1592 3002 primo
1634 2909 1848 2994 clam,
1897 2909 2140 2978 deinde
2182 2908 2530 3003 propalam
2573 2936 2589 2974 ι
2635 2926 2716 2977 ut

611 3024 865 3090 nemini
896 3019 1181 3088 dubium
1200 3035 1410 3100 esset,
1446 3043 1532 3086 eo
1567 3019 1674 3086 die
1709 3023 1942 3115 utique
1973 3020 2368 3088 adfuturum
2389 3017 2436 3084 ³.
2479 3023 2712 3111 Neque

611 3139 1117 3224 dissimulabat,
1166 3137 1340 3206 velle
1387 3163 1458 3207 se
1505 3138 1887 3233 palmarum
1933 3164 2294 3210 numerum
2340 3137 2707 3232 ampliare:

684 3367 734 3418 5.
781 3362 1008 3416 Primis
1036 3359 1367 3434 spectaculis,·
1406 3358 1459 3412 h.
1498 3377 1545 3412 e.
1586 3379 1616 3411 a
1781 3379 1832 3431 7.
1889 3362 2230 3415 Tin-unculum
2286 3360 2551 3428 militem,
2608 3375 2710 3414 etc.

614 3441 1007 3514 magistratibus
1045 3439 1231 3507 editis,
1271 3441 1363 3511 qui
1400 3457 1620 3510 compa·
1707 3441 1909 3513 Xiphil.
1935 3444 2125 3506 mun,
2163 3459 2244 3493 io.

611 3527 715 3576 rati
732 3541 853 3576 cum
876 3523 1117 3593 Principe
1133 3520 1328 3594 privati
1346 3519 1618 3572 dicuntur.
1779 3525 1940 3576 xxn.
1987 3541 2029 3575 ι.
2065 3523 2330 3595 Equorum
2363 3521 2568 3588 studio,
2609 3536 2710 3576 etc.

612 3603 922 3673 —Quodam
944 3603 1221 3654 Proetorum
1239 3601 1515 3652 sestertium
1534 3598 1620 3649 de-
1708 3605 1875 3654 Tacit.
1889 3604 2026 3670 xlv,
2047 3603 2124 3669 14,
2141 3603 2337 3654 evenis
2351 3601 2421 3654 illi
2439 3621 2561 3654 cura
2581 3617 2712 3668 erat,

612 3684 714 3735 cios
740 3680 1012 3753 offerente.
1040 3677 1171 3730 Vide
1200 3677 1395 3748 xiphil.
1430 3679 1619 3741 Lxl11‚
1710 3681 1974 3731 curriculo
2001 3679 2374 3752 quadrigarum
2403 3683 2659 3734 insistere.
2685 3705 2706 3728 κ

612 3778 673 3816 21
702 3799 721 3827 .‚
778 3762 869 3834 qui
919 3759 1163 3812 Larcium
1214 3755 1419 3828 Lydum
1476 3755 1622 3808 hunc
1709 3757 1843 3810 Coll.
1875 3759 2029 3825 xm,
2058 3759 2125 3821 33
2152 3757 2350 3830 Xiphil.
2384 3759 2525 3826 Lxl,
2554 3761 2605 3812 6.

612 3841 761 3894 dicit.
1785 3853 1832 3888 2.
1877 3837 2145 3890 Pmsinum
2182 3839 2507 3914 agitatorem.
2533 3837 2613 3889 Cf.
2644 3835 2713 3888 ad

686 3923 740 3974 6.
789 3919 1083 3995 Trayoedias
1118 3933 1373 3990 quoquc..
1396 3955 1408 3966 .
1438 3933 1619 3988 perso·
1710 3915 1874 3988 Calig.
1919 3917 2013 3984 55,
2043 3917 2109 3970 de
2143 3932 2373 3988 quatuor
2410 3917 2710 3986 aurigarum

616 4013 783 4054 natm.
808 4002 887 4054 cf.
912 3996 1324 4072 xiphil.1.x111‚
1344 4013 1407 4064 9,
1426 4009 1477 4046 et
1500 4013 1618 4064 quae
1707 3995 2044 4050 factionibus.

612 4081 817 4134 Vindex
836 4084 889 4134 in
914 4082 1153 4134 oratione
1176 4075 1319 4150 apud
1342 4075 1618 4143 eumdem,
1778 4077 1829 4127 3.
1873 4077 1952 4128 Eo
1977 4077 2115 4129 die...
2139 4075 2472 4148 adfuturum5
2497 4077 2548 4128 in
2570 4073 2712 4127 Urbe

610 4179 727 4232 cap.
759 4179 841 4212 υ.
1708 4172 1736 4202 e
1768 4172 1976 4206 secessu
2009 4153 2332 4206 suburbano.
