3050 5004
649 494 788 575 246
1393 490 1468 553 c.
1519 487 1984 555 SUEToNu

637 643 711 687 se
747 621 922 685 inter
957 614 1249 711 aequales
1266 667 1283 698 ,
1311 612 1735 707 apprehensa
1768 612 2055 683 buccula
2084 611 2367 697 dixisse,
2394 628 2482 687 καὶ
2506 630 2603 705 σύ,
2638 634 2729 689 τι·-

639 766 784 817 κυον,
809 750 899 808 τῆς
917 746 1077 821 ἀρχῆς
1100 744 1240 818 ἡμῶν
1260 744 1589 821 παρατρώξῃ.
1620 726 1750 795 Sed
1774 744 1841 795 et
1861 726 2167 794 Tiberius
2184 779 2201 809 ‚
2226 751 2442 821 quum
2462 751 2731 821 compe-

637 844 865 923 risset,
897 845 1386 933 imperaturum
1415 862 1604 922 eum,
1644 864 1881 907 verum
1912 841 1983 907 in
2016 855 2314 921 senecta,
2348 842 2591 907 «Vivat
2625 864 2732 908 sa-

637 976 796 1034 ne,»
829 956 950 1033 ait,
987 982 1014 1011 a
1031 949 1396 1045 quandoid
1423 948 1510 1017 ad
1536 974 1663 1017 nos
1682 948 1850 1018 nihil
1874 950 2222 1042 pertinet⁵.
2238 982 2265 1011 υ
2294 956 2437 1018 Avo
2464 974 2735 1046 quoque

637 1057 786 1152 ejus
805 1058 1032 1150 fulgur
1048 1056 1476 1152 procuranti⁶
1496 1112 1515 1143 ‚
1543 1084 1756 1155 quum
1775 1076 1927 1127 exta
1945 1059 2031 1128 de
2050 1058 2362 1129 manibus
2380 1061 2609 1156 aquila
2626 1086 2735 1128 ra-

637 1174 920 1265 puisset,
941 1187 1010 1240 et
1025 1174 1094 1239 in
1117 1172 1518 1263 frugiferam
1539 1196 1865 1267 quercum
1885 1171 2307 1255 contulisset,
2332 1196 2739 1265 responsum

642 1298 773 1366 est,
795 1306 1167 1368 summum,
1196 1283 1314 1351 sed
1334 1307 1563 1351 serum
1578 1336 1595 1366 ‚
1618 1285 1979 1375 imperium
1999 1282 2311 1376 portendi
2333 1282 2627 1351 familiae.
2652 1286 2739 1351 Et

637 1390 753 1457 ille
795 1392 1113 1474 irridenS,
1163 1423 1189 1452 α
1211 1398 1416 1475 Sane,
1443 1424 1471 1455 n
1511 1395 1765 1486 inquit,
1801 1422 1830 1452 α
1850 1416 2062 1485 quum
2096 1392 2281 1459 mula
2313 1396 2671 1486 pepererit.
2696 1422 2725 1453 n

640 1500 822 1569 Nihil
849 1524 1040 1596 aeque
1064 1519 1297 1595 postea
1315 1501 1604 1569 Galbam
1628 1516 2006 1570 tentantem
2028 1526 2135 1571 res
2161 1524 2370 1571 novas
2393 1502 2741 1571 confirma·

641 1613 739 1679 vit
755 1662 774 1691 ‚
799 1636 1006 1707 quam
1031 1612 1234 1679 mulae
1261 1628 1496 1706 partus
1511 1624 1575 1681 ⁷:
1606 1615 1976 1705 ceterisque
2002 1628 2078 1677 ut
2099 1610 2494 1680 obscoenum
2516 1628 2741 1680 osten·-

637 1738 788 1789 tum
813 1706 1362 1806 abhorrentib1'15‚
1401 1722 1586 1791 solus
1616 1747 1740 1815 pro
1783 1722 2125 1791 laetissimo
2154 1724 2443 1815 accepit,
2480 1747 2742 1809 memor

642 1833 980 1915 sacrificii,
1010 1832 1305 1927 dictique
1331 1837 1460 1901 avi.
1493 1837 1725 1902 Sumta
1754 1832 1925 1900 virili
1954 1832 2181 1926 togass,
2210 1835 2567 1900 somniavit
2592 1838 2744 1901 For-

641 1957 878 2009 tunam
905 1939 1316 2026 dicentem9,
1359 1973 1385 2002 a
1405 1958 1583 2011 stare
1614 1966 1684 2010 se
1724 1958 1877 2010 ante
1908 1942 2084 2010 fores
2122 1940 2487 2024 defessam,
2518 1957 2585 2009 et
2611 1945 2741 2011 nisi

643 2055 830 2121 ocius
857 2056 1266 2146 reciperetur
1285 2108 1302 2137 ,
1323 2057 1711 2150 cuicunque
1737 2055 1933 2123 obvio
1956 2054 2205 2147 praedae
2228 2052 2587 2120 futuram.»
2620 2058 2743 2121 Ut-

644 2185 776 2257 que
823 2163 1185 2255 evigilavit,
1225 2181 1459 2257 aperto
1511 2168 1681 2231 atrio
1699 2218 1717 2248 ‚
1762 2163 2200 2233 simulacrum
2240 2188 2508 2231 aeneum
2548 2168 2706 2262 Deae
2722 2217 2741 2247 ,

643 2272 918 2342 cubitali
954 2270 1173 2366 majus
1194 2328 1212 2357 ‚
1239 2272 1431 2367 juxta
1470 2273 1678 2343 limen
1726 2276 2021 2343 invenit:
2063 2272 2270 2368 idque
2312 2276 2565 2365 gremio
2616 2296 2743 2342 suo

645 2458 832 2492 vocem
851 2441 1011 2492 fuisse
1026 2438 1096 2491 ob
1116 2441 1368 2512 temporis
1388 2442 1650 2491 rationem
1747 2436 1901 2491 detur
1912 2458 2010 2512 pro
2031 2438 2365 2510 glossemate.
2387 2439 2444 2489 In
2461 2434 2748 2510 plerisque,

645 2537 863 2570 necesse
887 2531 982 2571 est.
1013 2517 1218 2592 Reliqui
1241 2521 1527 2590 scriptores
1545 2536 1657 2569 om·
1747 2531 1808 2570 ut
1832 2517 2025 2571 assolet
2042 2557 2058 2586 ,
2082 2517 2302 2570 verbum
2323 2518 2510 2570 misere
2534 2530 2613 2570 est
2636 2535 2750 2568 cor-

649 2615 744 2649 nes
781 2599 994 2650 Tiberio
1038 2601 1351 2671 praesagium
1387 2597 1518 2651 illud
1564 2599 1658 2649 tri-

649 2677 839 2730 buunt.
855 2681 1022 2732 Tacit.
1041 2681 1232 2734 Annal.
1250 2684 1348 2748 VI,
1366 2700 1460 2749 πο,
1489 2704 1511 2728 α
1530 2681 1654 2731 Non

648 2758 904 2809 omiserim
919 2763 1231 2832 praesagium
1245 2761 1437 2813 Tiberia·
1445 2760 1509 2813 de
1519 2761 1658 2812 Serv.

651 2833 824 2886 Galba
838 2874 856 2899 ‚
892 2847 1000 2888 tum
1043 2838 1261 2891 Consule
1292 2837 1449 2910 (ann.
1488 2837 1657 2909 786);

653 2931 814 2982 quem
839 2915 1068 2966 accitum
1091 2929 1144 2968 et
1167 2915 1384 2969 diversis
1406 2919 1659 2970 sermoni-

651 2989 754 3040 bus
773 3003 1128 3059 perteutatum
1141 3033 1157 3060 ‚
1171 3007 1444 3065 postremo
1462 2995 1657 3047 Graecis

652 3057 826 3120 verbis
837 3069 891 3120 in
903 3069 1040 3122 hanc
1052 3085 1234 3124 senten
1241 3074 1364 3124 tiam
1375 3073 1657 3139 allocutus,

653 3147 728 3199 Et
747 3159 832 3210 tu,
862 3147 1056 3214 Galba,
1087 3149 1402 3224 quandoque
1431 3154 1661 3226 degusta·

657 3229 731 3280 bis
745 3229 1046 3298 imperium,
1063 3247 1232 3282 seram
1254 3250 1315 3282 ac
1329 3231 1543 3284 brevem
1561 3251 1663 3303 po-

654 3309 875 3360 tentiam
899 3293 1224 3380 significans,
1260 3313 1477 3365 scientia
1497 3309 1661 3364 Chal-

655 3387 889 3440 daeorum
912 3387 1061 3452 artis,
1080 3403 1181 3442 etc.
1197 3413 1220 3437 n
1248 3391 1330 3444 Cf.
1351 3392 1454 3442 Dio
1467 3431 1483 3460 ,
1502 3390 1660 3456 LVII,

663 3483 750 3535 19;
767 3467 964 3539 Xipbil.
977 3469 1156 3535 LXIV,
1179 3486 1196 3520 1
1215 3489 1229 3530 3
1245 3469 1276 3520 J
1279 3469 1463 3540 osepli.
1479 3473 1559 3522 An
1568 3470 1659 3540 tiq.

653 3545 840 3612 xvm,
853 3547 906 3614 6,
921 3565 971 3616 9.
1003 3547 1225 3599 Videtur
1241 3550 1661 3601 accuratissimus

655 3625 968 3691 Suetonius,
998 3629 1086 3700 qui
1107 3627 1328 3699 duplex,
1354 3629 1500 3699 quod
1520 3629 1661 3680 fama

651 3705 860 3758 ferebat
874 3746 890 3772 ‚
913 3710 1226 3778 pra-sagium
1244 3746 1260 3775 ‚
1281 3721 1332 3759 et
1349 3709 1571 3780 Augusti
1592 3705 1660 3759 de

652 3801 821 3854 puero
839 3823 854 3850 ,
901 3798 954 3836 et
986 3787 1272 3855 repetitum
1297 3803 1328 3836 a
1351 3783 1563 3836 Tiberio
1593 3783 1661 3836 de

655 3863 767 3913 viro
785 3875 836 3914 et
849 3862 1081 3915 Consule
1096 3900 1112 3926 ‚
1133 3864 1434 3932 conjunxit,
1452 3861 1660 3930 additis,

659 3959 773 4011 quae
801 3941 1086 4012 singularia
1114 3954 1264 3993 erant
1286 3939 1519 3992 Tiberio.
1560 3941 1661 3993 Ce-

657 4031 856 4086 terum,
878 4018 994 4071 vide
1010 4018 1152 4090 Lips.
1172 4033 1222 4072 et
1247 4021 1454 4070 Ernest.
1475 4017 1542 4069 ad
1554 4019 1659 4069 Ta-

657 4096 746 4147 cit.
773 4094 805 4148 l.
833 4116 879 4149 c.
909 4099 1010 4148 Pro
1038 4093 1355 4166 παραπρόξῃ,
1393 4095 1482 4147 alii
1500 4115 1662 4164 vapa-

657 4171 829 4244 71609,
857 4173 1002 4246 quod
1026 4176 1244 4228 e‘Dione
1264 4173 1572 4227 translatum
1587 4176 1663 4225 vi-

1750 2613 1981 2668 ruptum.

1804 2675 1873 2728 ⁸5.
1916 2674 2137 2746 Quando
2158 2675 2214 2726 id
2228 2675 2301 2727 ad
2324 2692 2416 2727 nos
2434 2671 2572 2725 nihil
2588 2674 2749 2744 perti-

1750 2767 1849 2808 net.
1875 2755 2007 2806 Vide
2026 2756 2183 2806 Dion.
2208 2755 2369 2820 LVII,
2404 2769 2486 2822 19.

1817 2834 1869 2887 6.
1912 2833 2111 2907 Fulgur
2133 2833 2440 2905 procuranti
2448 2853 2469 2893 ,-
2488 2831 2748 2902 expianti,

1746 2913 2163 2983 propitiantique
2200 2929 2293 2982 per
2325 2910 2745 2981 procurationes.

1748 2989 1880 3043 Vide
1912 2991 2092 3043 Senec.
2128 2991 2314 3042 Natur.
2342 2987 2539 3055 Quaest.
2568 2986 2642 3052 11,
2678 2985 2747 3038 33

1752 3089 1860 3142 seq.
1884 3073 1975 3142 qui
1995 3088 2112 3140 cap.
2138 3067 2207 3121 35
2232 3067 2547 3138 expiationes
2560 3085 2747 3138 procu-

1750 3149 2072 3222 rationesque
2089 3148 2379 3217 conjungit.

1822 3245 1870 3298 7.
1891 3226 2049 3282 Nihil
2061 3236 2446 3299 oequepostea...
2463 3241 2624 3296 quam
2638 3241 2751 3274 mu·

1751 3305 1816 3359 1oe
1840 3316 2044 3378 partus3
2083 3307 2136 3356 in
2158 3305 2439 3377 Hispania,
2476 3315 2535 3354 ut
2558 3301 2749 3354 diserte

1748 3385 1928 3456 xiphi!
1938 3427 1949 3438 .
1964 3385 2145 3449 LXIV,
2170 3401 2187 3435 ι
2202 3424 2213 3435 .
2224 3412 2298 3422 -
2310 3385 2389 3434 De
2405 3381 2555 3434 mulae
2568 3395 2751 3453 partu,

1750 3465 1981 3517 obscoeno
1990 3461 2041 3515 h.
2057 3481 2102 3514 e.
2120 3461 2266 3514 foedo
2279 3461 2475 3514 tristive
2484 3459 2754 3531 prodigio,

1749 3542 1867 3595 vide
1890 3543 2018 3594 Plin.
2044 3543 2175 3594 Hist.
2206 3541 2327 3592 Nat.
2354 3540 2503 3606 vm,
2528 3539 2597 3606 44
2615 3537 2752 3609 (69),

1750 3623 1929 3695 ibique
1965 3621 2219 3674 Harduin.
2234 3656 2252 3685 .,
2297 3632 2350 3672 et
2390 3638 2523 3692 quos
2560 3621 2752 3672 excitat

1750 3703 2021 3754 Reimarus
2046 3699 2115 3753 ad
2138 3697 2335 3770 xiphil.
2362 3697 2398 3750 l.
2420 3717 2467 3750 c.

1823 3780 1872 3832 8.
1912 3781 2095 3833 Sumta
2118 3776 2258 3832 virili
2278 3788 2425 3850 loqu,-
2458 3773 2752 3829 secundum

1748 3860 1907 3911 Dion.
1929 3859 2067 3925 LVI,
2094 3876 2186 3927 29,
2213 3855 2463 3908 Kalendis
2485 3855 2750 3907 Januariis

1750 3939 2026 4008 ann.767.

1822 4033 1873 4086 9.
1918 4016 2215 4070 Somniavit
2250 4017 2532 4068 Fortunam
2573 4014 2750 4066 dicen-

1754 4105 1885 4159 tem,
1913 4109 2011 4146 etc.
2052 4095 2173 4148 Non
2201 4108 2485 4146 memorato
2514 4105 2751 4164 tempore

1754 4177 1971 4242 somnii,
1999 4174 2142 4228 idem
2159 4173 2359 4248 Xiphil.
2379 4175 2568 4240 Lxlv,
2600 4190 2644 4226 1.
