3050 5004
619 430 712 497 66
1371 431 1444 495 C.
1495 428 1967 495 SUETONH

617 583 772 651 gem
797 561 870 625 in
891 558 1366 627 Mauritaniam
1385 555 1733 625 codicillos
1758 580 1937 625 suos.
1964 562 2274 645 Quorum
2297 558 2323 597 ³
2334 560 2732 653 exemplum

619 686 798 739 erat:
827 701 854 731 α
879 672 956 736 Εἰ
973 722 990 751 ,
1012 694 1218 763 quem
1239 671 1411 736 istuc
1433 671 1623 753 misi,
1648 692 1875 763 neque
1892 668 2058 740 boni
2076 672 2439 766 quicquam
2455 724 2475 755 ,
2498 696 2735 766 neque·

615 780 810 862 mali,
839 779 1098 848 feceris.
1125 810 1152 841 κ
1189 778 1486 847 Threces
1520 778 1858 873 quosdam
1893 783 2245 849 Germanis
2282 784 2585 875 corporis
2610 807 2737 849 cu-

618 892 922 963 stodibus
977 895 1368 987 praeposuit.
1426 892 1925 962 Mirmillonum
1977 910 2357 963 armaturas
2410 894 2442 946 4
2462 893 2729 963 recidit.

615 1004 946 1079 Columbo
969 1006 1236 1087 victori,
1277 1004 1514 1073 leviter
1539 1018 1768 1073 tamen
1801 1006 2059 1087 saucio,
2096 1030 2439 1077 venenum
2469 1007 2541 1072 in
2576 1004 2730 1098 pla-

615 1141 770 1209 gam
813 1112 1137 1198 addidit⁵‚
1185 1114 1370 1209 quod
1421 1138 1506 1182 ex
1555 1139 1639 1183 eo
1684 1115 2131 1182 Columbinum
2174 1115 2561 1209 appellavit.
2615 1119 2727 1185 Sic

611 1242 794 1295 certe
821 1230 998 1295 inter
1027 1226 1158 1295 alia
1182 1250 1444 1294 venena
1472 1226 1801 1319 scriptum
1824 1225 1911 1293 ab
1934 1250 2017 1294 eo
2038 1243 2383 1321 repertum
2407 1242 2530 1295 est.
2560 1232 2725 1294 Pra-

609 1342 777 1407 sinae
820 1340 1092 1407 fictioni
1133 1341 1223 1407 ita⁴
1256 1337 1565 1406 addictus
1602 1354 1671 1407 et
1702 1336 1967 1406 deditus
1994 1390 2012 1421 ,
2050 1356 2131 1408 ut
2158 1355 2455 1408 coenaret
2486 1343 2559 1407 in
2594 1356 2730 1409 sta--

605 1448 774 1519 bulo
795 1450 1098 1531 assidue,
1127 1466 1198 1517 et
1219 1445 1582 1517 maneret⁶.
1610 1450 1932 1541 Agitatori
1957 1450 2302 1543 Eutycho⁷
2326 1452 2723 1519 commissa-

607 1564 792 1628 tione
831 1560 1125 1654 quadam
1161 1563 1232 1627 in
1267 1558 1702 1653 apophoretis
1736 1561 1941 1627 vicies
1983 1562 2365 1629 sestertium
2404 1560 2717 1631 contulit.

607 1673 892 1738 Incitato
931 1693 1147 1765 equ0‚
1190 1667 1386 1762 cujus
1427 1692 1631 1737 causa
1666 1669 1885 1763 pridie
1920 1674 2303 1754 CircenseS‚
2339 1697 2427 1739 ne
2462 1676 2721 1767 inquie-

603 1797 896 1863 taretur,
936 1782 1194 1848 vicinias
1237 1780 1579 1847 silentium
1624 1803 1749 1871 per
1786 1779 2035 1847 milites
2078 1778 2373 1849 indicere
2417 1780 2675 1849 solebat
2694 1837 2721 1865 ,

601 1910 851 1986 praeter
873 1892 1096 1986 equile
1119 1889 1613 1960 marmoreum⁸
1628 1943 1645 1973 ,
1678 1908 1746 1958 et
1772 1914 2077 1984 praesepe
2099 1892 2477 1961 eburneum
2494 1946 2511 1976 ,
2544 1918 2715 1985 praess

603 2021 841 2099 terque
877 2027 1226 2097 purpurea
1267 2018 1689 2095 tegumenta,
1728 2026 1809 2069 ac
1848 2004 2129 2071 monilia
2167 2028 2206 2071 e
2248 2010 2565 2096 gemmis,
2598 2005 2719 2073 do-

603 2138 794 2182 mum
815 2116 1018 2181 etiam
1034 2165 1051 2196 ,
1082 2130 1150 2179 et
1172 2112 1493 2180 familiam
1509 2166 1529 2195 ,
1554 2130 1623 2179 et
1654 2112 2147 2205 supellectilem
2169 2113 2384 2198 dedit,
2416 2138 2555 2210 quo
2576 2114 2719 2183 lau-

601 2230 735 2295 tius
759 2230 1034 2295 nomine
1065 2224 1211 2321 ejus
1249 2229 1508 2293 invitati
1540 2228 2048 2320 acciperentur:
2086 2228 2516 2295 consulatum
2552 2252 2722 2323 quo—

601 2362 738 2431 que
765 2337 1053 2405 traditur
1081 2335 1479 2405 destinasse.

695 2453 1012 2517 LVI.1ta
1032 2448 1477 2518 bacchantem
1498 2464 1705 2542 atque
1726 2412 2147 2541 grassantem
2178 2471 2315 2515 non
2340 2446 2557 2517 defuit
2579 2448 2719 2543 ple-

677 2705 727 2756 3.
773 2705 1092 2777 Exemplum
1111 2729 1130 2768 ,-
1164 2685 1372 2760 Gallice
1398 2725 1530 2772 nos,
1567 2705 1617 2758 le
1704 2706 1922 2772 LXVII,
1956 2707 2020 2772 4,
2058 2703 2153 2756 ubi
2183 2717 2415 2776 quatuor
2444 2707 2727 2776 prioribus

603 2796 847 2837 contenu-

673 2865 725 2932 4.
756 2861 1152 2915 Min-millenum
1175 2873 1468 2916 ‘inmaturus
1489 2863 1615 2916 reci-

605 2943 711 3003 dit;
741 2941 794 2994 h.
822 2963 869 2994 e.
895 2959 1006 2994 non
1031 2943 1192 2995 modo
1217 2945 1390 2996 minus
1413 2943 1614 3014 pretio-

605 3040 690 3076 sas
715 3034 768 3074 et
791 3021 1061 3092 elegantes
1085 3023 1197 3076 ficri
1219 3025 1410 3093 jussit,
1440 3036 1498 3074 ut
1524 3023 1617 3072 Er-

605 3117 740 3159 nest.
782 3103 1042 3175 explicat,
1083 3103 1177 3158 sed
1213 3104 1414 3156 leviora
1457 3104 1611 3156 etiam

608 3201 754 3234 arma
774 3179 922 3232 dedit
944 3194 998 3232 et
1023 3182 1227 3234 minora
1242 3220 1259 3249 ‚
1281 3200 1386 3253 quo
1408 3181 1615 3232 facilius

605 3260 931 3326 Threcibus,
962 3260 1156 3333 quibus
1180 3264 1347 3332 magis
1373 3260 1617 3326 favebat,

606 3339 1035 3393 succumberent.

681 3421 732 3472 5.
765 3421 1038 3474 Venenum
1067 3421 1124 3472 in
1149 3418 1368 3492 plaqam
1393 3416 1615 3468 addidit.

607 3500 768 3552 Conf.
787 3501 916 3566 Dio,
935 3501 1078 3563 le,
1102 3513 1180 3566 14.
1203 3501 1280 3550 De
1289 3497 1617 3568 factionibus

609 3591 784 3630 autem
803 3581 1104 3650 aurigarum
1120 3613 1139 3642 ,
1167 3591 1398 3648 quatuor
1425 3575 1615 3627 distin·

608 3659 704 3708 ctis
727 3657 1024 3722 coloribus,
1044 3669 1224 3708 veneto
1245 3657 1354 3708 sive
1373 3654 1615 3719 caeruleo,

604 3737 815 3802 prasino
852 3751 946 3788 seu
981 3735 1168 3801 viridi,
1205 3735 1327 3786 albo
1359 3748 1412 3785 et
1448 3751 1615 3786 russeo

609 3819 716 3868 sive
751 3827 978 3877 russato,
1013 3833 1150 3887 quos
1177 3813 1260 3866 vel
1289 3833 1318 3866 a
1349 3815 1496 3879 Diis,
1532 3811 1617 3864 vel

609 3895 678 3948 ab
701 3895 974 3950 elementis
995 3907 1344 3967 acceperunt,
1365 3905 1615 3946 accurate

609 3978 855 4046 exposuit
880 3977 1159 4048 Bulenger.
1189 3969 1254 4026 de
1278 3975 1461 4038 Circo,
1491 3993 1610 4044 cap.

605 4053 676 4120 48
697 4067 750 4106 et
770 4055 855 4123 49.
886 4057 1039 4108 Conf.
1067 4054 1268 4110 Febric.
1297 4053 1368 4106 ad
1391 4055 1549 4106 Dion.
1580 4052 1611 4106 Ι.

608 4153 654 4185 c.
687 4136 915 4188 Reimar.
951 4135 1020 4188 ad
1051 4135 1250 4209 Xiphil.
1277 4135 1426 4202 LXI,
1461 4135 1530 4200 6,
1562 4148 1613 4186 et

1702 2803 1869 2836 novas
1888 2785 2225 2836 Domitianus
2244 2783 2501 2854 adjecisse
2520 2785 2728 2839 dicitu}-

1704 2867 1838 2921 duas
1871 2856 2135 2920 factiones
2169 2885 2389 2920 auream
2422 2881 2476 2920 et
2505 2879 2722 2940 put-pu:-

1704 2967 1843 3000 ream
1882 2947 2174 3019 (πορφυροῦν
2204 2949 2345 2998 enim
2372 2947 2719 3008 scribendum

1704 3025 1778 3077 ibi
1794 3027 1953 3079 docet
1972 3027 2309 3079 doctissimus
2329 3029 2591 3098 interpres
2612 3047 2727 3099 pro

1704 3105 1931 3174 ἀργυροῦν
1950 3125 2012 3162 ex
2032 3105 2258 3158 Martial.
2278 3108 2455 3177 Epigr.
2472 3107 2609 3174 XIV,
2626 3109 2728 3174 55,

1704 3202 1757 3238 et
1780 3191 1959 3240 Nostr.
1986 3188 2185 3238 Domit.
2212 3205 2330 3257 cap.
2355 3185 2435 3257 7).

1778 3266 1828 3316 6.
1866 3266 1938 3316 Et
1960 3275 2219 3328 maneret,
2214 3284 2224 3295 ·
2248 3277 2605 3334 pernoctaret.

1778 3361 1826 3414 7.
1866 3343 2127 3414 Eutycho.
2148 3344 2228 3394 Cf.
2250 3341 2469 3415 Joseph.
2484 3343 2640 3410 XIX,
2660 3344 2721 3397 3.

1704 3451 1777 3462 -
1798 3425 1865 3475 In
1885 3423 2243 3496 apopltoret1'55
2262 3424 2317 3476 h.
2336 3441 2380 3474 e.
2401 3421 2582 3488 donis,
2602 3441 2727 3493 quo

1704 3503 1941 3554 convivis
1990 3521 2019 3553 a
2068 3503 2445 3553 comissatione
2492 3501 2723 3554 domum

1706 3579 2047 3631 redeuntibus
2066 3599 2095 3630 a
2118 3581 2371 3650 magistro
2385 3581 2613 3632 convivii
2627 3579 2725 3632 da-

1706 3659 1917 3711 bantur.
1947 3659 2103 3711 Conf.
2127 3659 2349 3730 August.
2380 3661 2463 3728 75.

1778 3739 1827 3790 8.
1844 3739 2075 3792 Incitato
2092 3757 2253 3810 equo.
2272 3778 2285 3789 .
2307 3775 2322 3788 .
2342 3749 2533 3810 pmter
2544 3739 2731 3812 equile

1706 3815 2053 3869 mamercum
2067 3858 2087 3885 ‚
2110 3830 2207 3870 etc.
2239 3817 2398 3870 Conf.
2416 3819 2521 3870 Dio
2533 3857 2551 3883 ,
2568 3819 2721 3888 ux,

1711 3897 1790 3963 14.
1808 3896 1891 3948 Sic
1908 3910 1960 3949 et
1971 3899 2029 3948 L.
2046 3897 2217 3948 Verus
2232 3899 2535 3949 Antoninus
2550 3913 2722 3968 eque,

1704 3978 1791 4028 cui
1826 3973 2051 4030 Volucer
2082 3995 2277 4028 nomen
2310 3991 2454 4042 erat,
2492 3995 2719 4029 aureum

1702 4057 1899 4108 viventi
1928 4053 2270 4108 simulacrum
2300 4057 2458 4124 fecit,
2485 4069 2539 4110 et
2568 4075 2719 4107 mor-

1704 4151 1798 4189 tuo
1828 4135 2135 4208 sepulcrum
2156 4135 2340 4188 erexit.
