3050 5004
625 542 708 595 22
1373 518 1446 583 C.
1499 519 1969 589 SUETONII

621 646 1028 737 gravissimis
1053 646 1405 717 tormentis
1432 643 1518 713 de
1546 644 1798 715 scelere
1827 650 2093 739 patroni
2116 650 2515 717 reticuisset.
2540 654 2727 737 Quas

621 754 708 825 ob
739 779 849 823 res
881 758 1059 823 inter
1085 753 1384 850 reliquos
1413 754 1707 825 honores
1730 754 2045 827 decretus
2073 774 2177 825 est
2207 762 2268 827 ei
2300 758 2582 852 clypeus
2610 786 2730 829 au·

619 889 778 933 reus
795 862 844 905 ¹⁶
860 918 877 948 ‚
912 890 1120 961 quem
1147 868 1510 961 quotannis
1536 882 1723 935 certo
1750 865 1859 935 die
1886 866 2169 959 collegia
2200 869 2626 943 sacerdotum
2656 874 2729 941 in

618 977 1026 1070 Capitolium
1075 977 1363 1061 ferrent,
1413 984 1665 1049 Senatu
1720 998 2207 1075 prosequente,
2252 980 2731 1077 nobilibusque

617 1090 852 1181 pueris
874 1111 952 1155 ac
973 1088 1222 1181 puellis
1250 1092 1548 1157 carmine
1581 1088 1930 1159 modulato
1954 1089 2188 1161 laudes
2221 1093 2549 1161 virtutum
2582 1088 2729 1185 ejus

617 1200 1036 1285 canentibus.
1077 1206 1439 1269 Decretum
1482 1219 1745 1285 autem,
1786 1218 1861 1271 ut
1896 1200 2072 1286 dies,
2110 1227 2246 1297 quo
2282 1206 2571 1296 cepisset
2607 1207 2735 1271 im·

623 1302 890 1403 perium
908 1364 924 1395 ,
969 1313 1220 1379 Parilia
1239 1323 1286 1363 '⁷
1330 1330 1709 1395 vocaretur,
1752 1312 1939 1383 velut
1972 1331 2450 1407 argumentum
2489 1339 2731 1385 rursus

618 1420 908 1488 conditae
942 1422 1168 1491 Urbis,

711 1536 920 1599 XVII.
967 1534 1376 1603 Consulatus
1399 1552 1693 1631 quatuor
1716 1541 1953 1627 gessit:
1979 1540 2275 1630 primum
2300 1560 2383 1605 ex
2408 1536 2731 1605 Kalendis

621 1640 847 1710 Juliis¹
878 1667 1001 1737 per
1028 1644 1200 1713 duos
1231 1670 1536 1730 menses->3
1573 1646 1986 1715 secundum²
2018 1672 2102 1717 ex
2130 1645 2449 1717 Kalendis
2481 1652 2734 1717 Janua-

619 1753 735 1818 riis
770 1775 894 1843 per
928 1755 1202 1845 triginta
1238 1754 1422 1837 dies;
1460 1758 1774 1823 tertium³
1810 1780 2031 1851 usque
2068 1760 2141 1825 in
2182 1754 2345 1825 Idus
2384 1761 2734 1843 Januarii3

619 1860 980 1957 quartum‘*
1007 1888 1226 1959 usque
1258 1867 1330 1931 in
1363 1868 1730 1959 septimum
1768 1864 1929 1935 Idus
1962 1865 2253 1935 easdem.
2294 1872 2393 1935 Ex
2416 1868 2735 1937 omnibus

620 1975 792 2043 duos
843 1979 1246 2047 novissimos
1300 1976 1714 2072 conjunxit⁵.
1771 1982 2075 2047 Tertium
2132 1996 2359 2049 autem
2413 1978 2735 2075 Lugduni

614 2237 806 2303 genta,
837 2245 950 2299 quae
973 2226 1218 2302 profecto
1243 2246 1450 2279 summa
1472 2224 1631 2280 fidem

513 2360 518 2367 ,
622 2304 846 2359 excedit.

700 2386 780 2439 16.
823 2386 1048 2459 clypeus
1068 2406 1253 2441 aureus
1265 2408 1285 2449 ,-
1309 2386 1366 2440 id
1387 2400 1497 2457 est,
1522 2387 1635 2461 cly-

618 2481 778 2541 peata
798 2468 990 2540 imago.
1010 2466 1250 2523 Macrob.
1270 2466 1484 2520 Saturn.
1500 2470 1550 2535 1,
1570 2466 1602 2520 3
1619 2489 1631 2520 ε

625 2572 649 2595 ι
669 2549 849 2616 Quum
874 2550 930 2600 in
952 2567 1016 2600 ea
1038 2547 1316 2620 provincia
1331 2585 1348 2613 ,
1380 2565 1539 2619 quam
1562 2547 1630 2614 Q.

620 2629 806 2682 Ciceno
827 2627 995 2678 frater
1017 2638 1249 2692 rexerat,
1277 2622 1496 2678 vidisset
1521 2624 1637 2696 cly-

617 2717 832 2781 peatam
859 2705 1144 2780 imaginem
1167 2707 1310 2776 ejus,
1329 2705 1637 2776 ingentibus

621 2785 958 2838 lineamentis
1004 2803 1176 2856 usque
1227 2784 1295 2836 ad
1335 2799 1524 2856 pectus
1574 2802 1638 2836 ex

623 2881 774 2917 more
799 2866 998 2939 pictam
1016 2901 1033 2930 ,
1056 2878 1156 2914 etc.
1179 2887 1201 2911 ιι
1233 2863 1510 2915 vocarunt
1538 2861 1634 2914 bas

626 2944 881 3016 'imagines
911 2954 962 2994 et
988 2953 1148 2996 scuta.

705 3040 785 3091 17.
844 3021 1083 3084 Parilia5
1123 3041 1220 3075 seu
1261 3020 1482 3072 Palilia.
1524 3020 1637 3071 Pri-

629 3102 832 3156 mordia
869 3103 1026 3156 Urbis
1059 3102 1164 3155 hoc
1197 3103 1336 3154 festo
1369 3100 1480 3172 (xl
1511 3098 1633 3152 Kal.

623 3183 791 3254 Mai.)
817 3181 1246 3234 celebrabantur.
1283 3179 1420 3233 Vide
1449 3182 1633 3234 Rosin.

625 3265 748 3316 Ant.
791 3261 944 3312 Rom.
988 3263 1086 3327 IV,
1123 3261 1188 3328 8,
1226 3278 1349 3332 pag.
1387 3258 1488 3312 266
1520 3277 1635 3330 seq.

624 3345 868 3398 Ceterum
881 3379 898 3407 ,
912 3342 1096 3395 similis
1111 3339 1287 3394 honor
1298 3341 1492 3392 Caesari
1507 3358 1636 3392 con·

623 3425 851 3494 tigerat,
881 3440 1002 3474 cum
1027 3420 1346 3473 solennitate
1368 3417 1532 3488 hujus
1562 3418 1637 3470 fe-

555 3515 570 3522 *
627 3505 694 3556 sti
731 3505 1087 3574 conjunctus;
1131 3503 1262 3568 Dio,
1305 3501 1501 3566 XLIII,
1545 3497 1633 3569 42.

697 3581 860 3633 xvu.
916 3597 959 3632 ι.
1004 3580 1246 3632 Primum
1285 3597 1350 3631 ex
1383 3578 1640 3632 Kalendis

626 3657 818 3726 saliis,
853 3673 955 3712 etc.
993 3661 1134 3710 Anu.
1171 3678 1292 3730 790.
1334 3661 1455 3712 lniit
1490 3657 1637 3710 hunc

629 3738 970 3792 consulatum
1015 3737 1270 3790 Kalendis
1318 3737 1477 3791 Juliis
1530 3737 1639 3807 (ita

629 3821 769 3871 enim
797 3820 1141 3889 restituerunt
1169 3837 1199 3868 e
1234 3817 1379 3872 MSS.
1408 3819 1639 3868 Torren-

627 3901 732 3952 tius
760 3911 814 3951 et
844 3897 1072 3950 Casaub.
1103 3916 1204 3968 pro
1227 3899 1411 3970 inepto
1435 3897 1638 3950 Janua-
1674 3951 1679 3956 ,

627 3975 778 4046 riis),
818 3977 1072 4048 quoniam
1111 3979 1164 4025 in
1205 3977 1352 4046 prius
1391 3989 1639 4028 semestre

631 4066 950 4124 acceperant
966 4053 1222 4106 ordinarii
1237 4053 1522 4119 Consules,
1540 4055 1637 4105 Cn.

631 4134 952 4184 Acerronius
977 4134 1235 4186 Proculus
1261 4149 1312 4186 et
1339 4134 1398 4186 C.
1419 4135 1639 4186 Pontius

632 4212 912 4282 Nigrinus,
943 4213 1136 4292 quibus
1167 4212 1399 4282 legitimo
1424 4210 1639 4264 demum

1720 2229 1953 2281 muneris
1994 2240 2234 2299 tempore
2273 2226 2473 2301 functis
2511 2225 2737 2279 alterius

1720 2308 1985 2361 semestris
2010 2308 2161 2359 initio
2186 2307 2459 2359 successit.
2488 2306 2570 2359 Cf.
2592 2306 2698 2359 Dio
2714 2343 2737 2371 ‚

1719 2384 1836 2439 LIX
1851 2425 1868 2453 ,
1888 2387 1950 2450 6,
1969 2386 2197 2439 Ernestii
2218 2386 2435 2436 Excurs.
2458 2382 2527 2436 ad
2548 2382 2601 2437 h.
2622 2382 2658 2436 l.
2682 2396 2737 2437 et

1720 2463 1971 2519 Oudend.
1996 2478 2111 2520 not.
2139 2495 2212 2508 —
2241 2466 2345 2518 Per
2367 2464 2493 2520 duos
2520 2482 2736 2519 menses.

1722 2547 1876 2600 Conf.
1903 2547 2032 2612 Dio,
2053 2547 2199 2612 LIX,
2224 2563 2275 2616 9.
2306 2547 2537 2598 Nomina
2564 2545 2743 2598 suffe—

1722 2639 1931 2680 ctorum
1952 2629 2011 2680 iu
2036 2626 2265 2680 alterum
2296 2640 2548 2680 semestre
2579 2628 2740 2696 igno-

1722 2724 1917 2761 ramus.

1798 2801 1847 2835 2.
1898 2785 2195 2836 Secundum
2212 2822 2229 2852 ,
2272 2797 2372 2836 etc.
2420 2785 2561 2834 Ann.
2610 2799 2737 2852 792.

1722 2863 1853 2928 Dio,
1882 2863 2029 2928 LIX,
2060 2863 2141 2916 13.

1796 2941 1846 2993 3.
1883 2941 2143 3007 Tertium,
2165 2954 2267 2993 etc.
2294 2925 2433 2992 Ami.
2459 2939 2579 3011 793.
2602 2939 2743 3006 Dio,

1722 3020 1871 3086 LIX,
1894 3019 1979 3086 24.
2007 3021 2345 3092 Quamquam
2366 3033 2541 3072 autem
2562 3037 2745 3090 usque

1722 3099 1779 3151 in
1804 3099 1929 3152 Idus
1951 3102 2169 3154 Januar.
2193 3098 2355 3152 modo
2380 3100 2573 3169 gessit,
2590 3111 2743 3153 totus

1728 3193 1905 3232 tamen
1925 3200 2098 3234 annus
2122 3183 2237 3251 ejus
2258 3181 2475 3232 nomine
2490 3179 2743 3250 designa-

1727 3273 1813 3312 tus
1852 3273 1967 3326 est,
2004 3279 2153 3312 more
2187 3258 2399 3310 illorum
2435 3272 2743 3329 temporum

1728 3339 1967 3408 solenni,
2012 3339 2155 3392 unde
2200 3341 2371 3392 Tacit.
2414 3341 2588 3409 Agric.
2634 3337 2703 3406 44
2722 3375 2743 3406 ,

1734 3443 1757 3468 α
1776 3422 1946 3472 Natus
1968 3432 2079 3472 erat
2092 3417 2337 3490 Agricola
2355 3458 2372 3486 ,
2392 3419 2520 3471 Caio
2536 3419 2743 3471 Caesare

1726 3500 1939 3551 tertium
1968 3499 2201 3551 Consule
2222 3497 2357 3550 ldib.
2382 3498 2570 3551 Juniis.
2594 3518 2616 3544 n

1798 3578 1851 3644 4.
1882 3579 2167 3649 Quartum,
2190 3591 2291 3630 etc.
2312 3579 2450 3630 Anu.
2474 3575 2606 3648 794,
2626 3595 2743 3649 quo

1727 3661 1883 3728 periit
1902 3677 2081 3710 mense
2099 3658 2376 3710 Januario.

1802 3736 1850 3790 5.
1889 3737 1975 3788 Ex
2001 3735 2318 3789 omnam...
2342 3735 2652 3805 conjunxit,-
2682 3733 2745 3786 id

1728 3829 1840 3882 est,
1877 3815 2237 3881 continuavit,
2275 3828 2334 3866 ut
2371 3815 2595 3885 August.
2638 3811 2707 3866 26
2723 3853 2743 3882 ,

1727 3894 1809 3948 vel
1810 3895 2043 3968 junctim
2054 3896 2209 3968 qessit
2218 3933 2235 3960 ,
2254 3909 2313 3948 ut
2326 3893 2513 3948 Claud.
2539 3894 2743 3962 14,ubi

1730 3976 2024 4046 opponitur
2052 3993 2151 4046 per
2183 3972 2540 4026 intervallum.
2587 3974 2741 4026 Patet

1728 4067 1908 4105 autem
1925 4091 1942 4118 ,
1969 4066 2066 4108 tres
2088 4055 2401 4106 novissimos
2427 4051 2741 4107 consulatus

1730 4151 1853 4185 eum
1881 4136 2253 4204 conjunxisse,
2286 4131 2425 4186 unde
2454 4133 2600 4185 varie
2628 4153 2743 4188 me-

1730 4213 1841 4266 deri
1888 4217 2065 4267 conati
2108 4228 2231 4268 sunt
2272 4213 2399 4266 huic
2436 4212 2743 4268 difficultati
