3050 5004
902 508 973 569 P.
1024 504 1501 573 TERENTH
1553 510 1802 574 vlTA.
2277 520 2408 603 447

470 630 655 689 Hunc
682 626 995 711 adjutare,
1024 628 1389 712 assidueque
1414 652 1544 693 una
1571 635 1862 697 scribere:

466 726 655 804 Quod
686 726 780 787 illi
809 726 1211 789 maledictum
1236 726 1572 793 vehemens
1599 734 1984 812 existimant,

457 825 615 883 Eam
642 822 891 883 laudem
921 822 1025 883 hic
1053 823 1225 883 ducit
1250 826 1619 902 maximam,
1649 849 1848 909 quum
1861 830 1996 915 ,illis
2019 832 2244 916 placet,

458 920 588 996 Qui
615 920 797 981 vobis
824 921 1130 981 universis
1158 932 1218 981 et
1243 920 1482 1004 populo
1512 922 1786 1005 placent:

464 1018 753 1095 Quorum
782 1038 973 1100 opera
1003 1019 1069 1077 in
1101 1018 1299 1094 bello,
1328 1020 1397 1081 in
1428 1022 1584 1097 otio,
1619 1022 1684 1081 in
1713 1028 1993 1106 negotio,

468 1117 593 1175 Suo
624 1115 886 1197 quisque
912 1128 1189 1197 tempore
1215 1136 1361 1177 usus
1386 1130 1475 1178 est
1502 1118 1640 1179 sine
1667 1122 1975 1204 superbia.

300 1279 587 1349 Videtur
618 1298 849 1350 autem
886 1306 959 1351 se
990 1281 1207 1352 levius
1240 1281 1624 1354 defendisse
1643 1338 1661 1370 ‚
1699 1290 1858 1383 quia
1891 1292 2172 1380 sciebat,
2209 1299 2416 1370 Laelio
2515 1374 2532 1381 ,

302 1408 374 1459 et
408 1394 701 1485 Scipioni
738 1416 877 1459 non
910 1395 1245 1485 ingratam
1276 1419 1424 1465 esse
1460 1395 1640 1465 hanc
1671 1402 2094 1491 opinionem:
2135 1430 2292 1504 quae
2322 1428 2419 1481 m..

298 1526 463 1573 men
484 1505 701 1595 magis
726 1520 795 1571 et
816 1528 1037 1601 usque
1056 1503 1145 1573 ad
1168 1511 1542 1601 posteriora
1564 1524 1876 1603 tempora
1897 1514 2128 1586 valuit.
2163 1522 2168 1527 ’

400 1618 524 1684 111.
556 1620 635 1701 Q.
664 1618 1027 1685 Memmius
1046 1620 1120 1685 in
1146 1622 1449 1687 oratione
1472 1643 1601 1712 pro
1624 1645 1698 1689 se
1719 1624 1844 1691 ait:
1881 1656 1909 1685 a
1933 1629 2002 1693 P.
2027 1630 2382 1707 Africanus
2397 1694 2415 1725 ‚

302 1726 426 1819 qui
464 1748 507 1792 a
540 1727 861 1797 Terentio
900 1750 1266 1820 personam
1309 1745 1660 1799 mutuatus
1681 1782 1700 1816 ‚
1743 1758 1898 1829 quse
1937 1736 2122 1808 domi
2163 1742 2419 1818 luserat

304 1837 485 1927 ipse,
536 1839 813 1905 nomine
854 1836 1035 1907 illius
1076 1841 1150 1906 in
1194 1862 1467 1909 scenam
1508 1839 1770 1911 detulit.
1793 1874 1821 1907 n
1877 1852 2102 1944 Nepos
2142 1874 2420 1932 auctore

304 1962 493 2013 certo
512 1948 925 2040 comperisse
942 1970 1017 2015 se
1039 1950 1133 2015 ait
1146 2002 1163 2033 ,
1190 1954 1265 2017 C.
1286 1949 1574 2019 Laelium
1594 1952 1940 2047 quondam
1957 1961 2028 2028 in
2046 1966 2418 2039 Puteolano

306 2054 628 2125 Kalendis
662 2058 922 2125 Martiis
953 2056 1379 2127 admonitum
1410 2059 1497 2127 ab
1533 2082 1778 2148 uxore,
1809 2074 2180 2161 temporius
2212 2093 2291 2144 ut
2319 2078 2420 2149 di-

303 2166 721 2254 scumberet,
748 2171 1021 2263 petiisse
1052 2168 1140 2237 ab
1164 2194 1277 2254 ea,
1310 2194 1398 2239 ne
1420 2174 2004 2266 interpellaretur:
2035 2188 2249 2256 serius
2275 2206 2420 2261 tan-

303 2277 467 2347 dem
490 2282 873 2372 ingressum
896 2280 1263 2351 triclinium
1287 2282 1536 2351 dixisse
1552 2338 1572 2367 ,
1603 2310 1744 2354 non
1761 2311 1944 2384 saepe
1964 2296 2034 2361 in
2060 2298 2416 2374 scribendo

304 2394 521 2483 magis
558 2386 1165 2463 successisse’sibi:
1212 2393 1456 2462 deinde
1496 2413 1845 2487 rogatum,
1891 2419 1971 2470 ut
2013 2412 2263 2502 scripta
2302 2413 2416 2483 illa

305 2504 641 2597 proferret
657 2558 675 2587 ,
711 2508 1201 2599 pronunciasse
1241 2531 1478 2577 versus
1494 2561 1513 2592 ,
1556 2513 1675 2603 qui
1711 2528 1873 2579 sunt
1907 2519 1979 2583 in
2020 2524 2416 2595 Heautonti—

304 2638 743 2683 morumeno:

468 2785 619 2846 Satis
642 2785 753 2870 pol
775 2801 1063 2870 proterve
1086 2809 1187 2848 me
1210 2787 1345 2870 Syri
1368 2789 1672 2872 promissa
1695 2791 1818 2856 huc
1842 2797 2242 2868 induxerunt.

404 2975 516 3038 IV.
570 2975 807 3042 Santra
828 2977 1224 3042 Terentium
1252 2977 1616 3063 existimat,
1648 2983 1704 3048 si
1733 2979 1937 3054 modo
1963 2989 2034 3056 in
2058 2993 2415 3068 scribendo

308 3078 733 3174 adjutoribus
778 3084 1173 3177 indiguerit,
1221 3110 1359 3154 non
1406 3103 1546 3156 tam
1589 3093 1894 3184 Scipione
1946 3114 2014 3165 et
2061 3103 2268 3172 Laelio
2313 3107 2430 3176 uti‘

308 3195 611 3283 potuisse
631 3245 648 3275 ‚
696 3197 812 3287 qui
859 3211 1025 3263 tunc
1068 3193 1553 3266 adolescentuli
1600 3201 1817 3289 fuere,
1871 3229 2077 3301 quam
2123 3215 2414 3308 Sulpicio

308 3299 539 3384 Gallo,
581 3302 854 3372 homine
895 3304 1130 3390 docto,
1166 3325 1248 3376 et
1275 3311 1393 3405 qui
1430 3313 1898 3385 consularibus
1931 3318 2110 3390 ludis
2145 3329 2414 3398 initium

310 3414 539 3481 fecerit
574 3413 963 3484 fabularum
999 3418 1411 3488 dandarum:
1453 3420 1562 3491 vel
1597 3429 1676 3512 Q.
1719 3429 1923 3496 Fabio
1960 3433 2272 3507 Labeone
2289 3495 2308 3524 ‚
2349 3460 2416 3511 et

310 3531 407 3592 M.
438 3527 721 3619 Popillio
740 3581 757 3610 ,
784 3529 1125 3597 consulari
1146 3547 1435 3627 utroque
1451 3586 1467 3616 ,
1492 3557 1572 3602 ac
1595 3553 1814 3629 poeta.
1839 3536 2000 3610 Ideo
2022 3545 2247 3637 ipsum
2275 3575 2414 3622 non

302 3633 591 3729 juvenes
622 3639 1041 3732 designasse,
1080 3644 1199 3737 qui
1230 3667 1303 3711 se
1335 3641 1676 3738 adjuvisse
1707 3645 2128 3738 dicerentur3
2164 3659 2284 3728 sed
2323 3664 2416 3731 vi-

312 3773 424 3818 ros
442 3802 458 3832 ,
498 3775 791 3846 quorum
821 3777 1097 3845 operam
1126 3770 1196 3822 et
1219 3757 1291 3823 in
1320 3755 1532 3839 bello,
1564 3775 1632 3826 et
1657 3762 1725 3827 in
1756 3764 1920 3847 oti0,
1955 3783 2022 3834 et
2047 3769 2118 3836 in
2146 3777 2414 3865 negotio

314 3862 608 3955 populus
658 3865 746 3930 sit
790 3882 1131 3957 expertus,
1184 3874 1345 3936 Post
1396 3867 1606 3940 editas
1663 3873 2056 3964 comoediam,
2107 3885 2414 3956 nonduin

314 3975 627 4067 quintum
664 3989 869 4070 atque
905 3979 1321 4048 tricesimum
1356 4005 1668 4073 egressus
1701 4011 1960 4056 annum
1979 4043 1998 4072 ‚
2037 4015 2241 4063 causa
2279 4001 2414 4067 evi-

314 4083 535 4153 tandae
565 4088 921 4179 opinioniS‚
942 4092 1101 4184 quia
1122 4089 1475 4160 videbatur
1496 4095 1716 4186 aliena
1735 4121 1860 4189 pro
1879 4103 2017 4169 suis
2039 4101 2261 4191 edere,
2293 4134 2412 4180 seu

314 4198 729 4290 percipiendi
751 4203 1140 4270 Graecorum
1162 4206 1497 4290 instituta,
1519 4231 1910 4305 moresque,
1938 4239 2110 4309 quos
2133 4222 2414 4313 perinde
2491 4271 2498 4276 -
