3050 5004
1197 530 1475 600 NERO.

301 681 501 725 morae
531 658 988 737 interveniret,
1021 654 1316 725 medicos
1343 657 1767 743 admovebat,
1805 663 1967 755 «qui
1996 678 2389 731 cunctantes

297 771 614 836 continuo
639 784 981 852 curarent3
999 798 1026 830 n
1060 770 1150 835 ita
1173 772 1354 836 enim
1375 766 1679 853 vocabat,
1694 794 1899 839 venas
1919 772 2153 841 mortis
2176 778 2387 863 gratia
2454 798 2465 807 ’

293 877 607 946 incidere.
633 874 947 946 Creditur
973 880 1174 945 etiam
1205 878 1591 972 polyphago
1621 878 1921 947 cuidam⁵
1952 884 2239 975 AEgyptii
2274 908 2385 976 ge-

292 990 470 1055 neris
487 1040 506 1071 ,
531 984 815 1054 crudam
838 1010 1144 1069 carnem,
1178 1004 1246 1055 et
1268 985 1589 1083 quicquid
1612 986 1918 1073 daretur,
1942 992 2261 1059 mandere
2289 1018 2384 1061 as-

293 1113 509 1180 sueto,
538 1098 936 1188 concupisse
963 1100 1151 1166 vivos
1179 1096 1488 1165 homines
1516 1090 2380 1172 laniandos'absumendos-

291 1230 422 1301 que
445 1204 761 1299 objicere.
793 1205 1024 1274 Elatus
1050 1204 1458 1302 inflatusque
1486 1210 1689 1275 tantis
1714 1208 1905 1276 velut
1926 1210 2345 1282 successibus
2361 1268 2379 1298 ‚

291 1319 579 1411 negavit,
607 1346 634 1376 α
653 1339 1066 1411 quemquam
1085 1318 1470 1409 Principum
1485 1318 1712 1402 scisse,
1738 1318 1901 1412 quid
1923 1319 2045 1387 sibi
2068 1321 2322 1391 liceret:
2346 1358 2371 1385 ‚2

290 1428 674 1523 multasque
710 1452 836 1496 nec
864 1426 1101 1508 dubias
1139 1424 1655 1520 significationes
1694 1452 1873 1523 saepe
1896 1429 2132 1524 jecit⁶‚
2165 1459 2253 1502 ne
2284 1461 2383 1504 re-

289 1537 490 1635 liquis
501 1534 780 1634 quidem
805 1561 876 1605 se
894 1562 1257 1631 parsurum
1273 1537 1700 1607 senatoribus
1716 1566 1734 1623 ;
1760 1564 2051 1635 eumque
2072 1542 2382 1613 ordinem

291 1646 720 1715 sublaturum
767 1646 1174 1741 quandoque
1220 1673 1259 1715 e
1303 1646 1671 1741 Republica
1696 1702 1715 1731 ,
1766 1672 1845 1715 ac
1890 1653 2271 1743 provincias
2317 1672 2386 1721 et

294 1761 621 1827 exercitus
649 1760 878 1854 Equiti
909 1762 1212 1826 Romano
1229 1782 1314 1825 ac
1355 1756 1609 1827 libertis
1644 1762 2153 1853 permissurum.
2188 1767 2385 1833 Certe

267 1960 274 1967 .
295 1895 512 1967 neque
534 1869 902 1938 adveniens
922 1923 940 1953 ‚
963 1895 1186 1965 neque
1210 1866 1641 1963 proficiscens
1660 1924 1679 1955 ‚
1713 1896 2125 1968 quemquam
2148 1876 2383 1944 osculo

291 1984 642 2075 impertiit⁷
658 2035 676 2065 ‚
699 2006 781 2049 ac
807 2006 894 2049 ne
927 1980 1404 2051 resalutatione
1430 1981 1729 2077 quidem.
1764 1986 1851 2051 Et
1870 1986 1942 2051 in
1969 1986 2384 2078 auspicando

293 2116 494 2187 opere
519 2092 792 2176 Isthmi,
809 2118 1056 2187 magna
1079 2093 1457 2189 frequentia
1475 2092 1655 2161 clare
1669 2146 1687 2177 ,
1723 2124 1750 2155 α
1768 2098 1862 2163 Ut
1881 2094 2007 2163 sibi
2028 2118 2109 2163 ac
2128 2098 2386 2191 populo

295 2204 596 2271 Romano
621 2200 794 2271 bene
824 2226 929 2271 res
952 2218 1313 2284 verteret,»
1349 2206 1627 2296 optavit,
1651 2201 2073 2273 dissimulata
2100 2210 2387 2276 Senatus

293 2314 649 2380 mentione.

381 2424 751 2491 XXXVIII.
784 2420 912 2492 Sed
942 2446 1070 2491 nec
1095 2422 1372 2519 popule,
1401 2438 1522 2489 aut
1543 2424 1877 2493 moenibus
1902 2428 2133 2518 patriae
2156 2451 2390 2574 peper-

295 2535 399 2600 cit.
428 2535 704 2606 Dicente
733 2532 1073 2628 quodam'
1055 2558 1129 2600 m
1159 2557 1467 2602 sermone
1494 2537 1867 2602 communi¹
1888 2587 1909 2617 ,

2250 556 2373 600 211

295 2719 538 2785 tentiam,
561 2731 616 2770 et
637 2717 779 2771 idem
797 2719 994 2770 Domit.
1023 2717 1058 2770 l.
1083 2735 1130 2772 e.
1157 2739 1294 2791 prae-

295 2799 392 2850 fert
415 2797 696 2850 horarium.

363 2877 414 2932 5.
462 2877 780 2950 Polyphaqo
811 2877 1035 2930 cuidam.
1075 2877 1144 2929 Et
1181 2877 1293 2930 istis

294 2953 444 3008 locus
473 2956 614 3008 inter
647 2971 766 3020 eos,
803 2953 994 3025 quibus
1027 2955 1294 3027 principes

298 3033 904 3105 obleaabanturNopis.
915 3034 1181 3088 Aurelian.
1197 3031 1266 3087 50
1277 3031 1292 3086 ἑ

299 3136 328 3160 α
345 3111 820 3166 Vehementissime
871 3109 1162 3163 delectatus
1214 3124 1294 3162 est

294 3191 570 3264 phagum,
617 3191 710 3262 qni
751 3207 924 3262 usque
961 3208 1026 3242 eo
1068 3189 1294 3242 multum

294 3269 552 3336 comedit,
579 3281 641 3320 ut
669 3286 780 3320 uno
805 3267 892 3320 die
917 3283 1040 3321 ante
1059 3287 1294 3322 mensam

289 3351 404 3419 ejus
423 3365 618 3418 aprum
647 3347 906 3418 integrum
919 3385 935 3413 .,
955 3361 1168 3400 eentum
1191 3363 1292 3418 pa-

290 3445 412 3492 nes,
439 3443 714 3478 vervecem
735 3437 788 3477 et
803 3425 1097 3498 porcellum
1120 3445 1294 3478 come-

291 3505 467 3569 des-eu
497 3505 704 3556 biberet
738 3517 914 3556 autem
950 3504 1292 3558 infundibulo

291 3585 543 3658 opposito
569 3581 694 3653 plus
717 3599 858 3636 orca.
875 3605 898 3630 ιι

357 3663 410 3715 6.
459 3662 762 3735 Multaque
767 3699 858 3714 .....
895 3658 1296 3736 εἰςηζῇεαήοηες

289 3742 586 3815 ωερε-ἰωὴ,
605 3755 707 3794 ete.
728 3743 968 3794 Pessimae
989 3751 1110 3794 sunt
1127 3753 1296 3792 nuta-

289 3825 464 3874 tiones
499 3821 692 3894 adjecit
725 3821 953 3884 Eeinsfi,
991 3819 1134 3872 dedit
1161 3821 1294 3870 Bur-

287 3903 470 3952 manni
482 3939 500 3969 ,
515 3913 566 3952 et
583 3900 742 3952 lectio
755 3899 928 3952 codd.
945 3897 1295 3970 quorumdam

285 3979 454 4052 ejecit.
467 3981 688 4034 Prorsus
699 3991 878 4032 nostra
895 3979 1072 4050 lingua
1085 3995 1299 4049 respon·

285 4061 404 4125 det,
433 4061 504 4111 Et
523 4059 644 4131 plus
671 4057 824 4112 d'une
834 4059 948 4130 fois
969 4057 1014 4110 il
1029 4058 1184 4129 afuit
1206 4076 1297 4110 en-

290 4141 468 4192 tenda·
483 4141 518 4189 ὰ
537 4138 654 4191 n’en
663 4157 763 4210 pas
777 4137 981 4204 deuter,
995 4149 1096 4190 etc.
1117 4139 1298 4188 Jacem

284 4221 428 4272 enim
453 4220 642 4272 Cicero
662 4219 730 4270 de
755 4218 914 4271 rebus
943 4219 1098 4270 etiam
1129 4217 1260 4269 dicit
1277 4254 1293 4283 ,

1384 2738 1501 2791 quae
1546 2717 1873 2772 subobscure
1918 2730 1973 2770 et
2012 2721 2165 2772 factis
2206 2723 2387 2792 potius

1384 2817 1544 2870 quam
1570 2798 1727 2851 elaris
1748 2795 1925 2850 verbis
1953 2798 2273 2854 indicantur.
2302 2801 2389 2853 Ad

1382 2878 1541 2930 Attio.
1576 2879 1650 2944 11,
1676 2896 1735 2948 7,
1767 2876 1939 2930 -iuud
1972 2877 2101 2950 quid
2132 2881 2226 2946 sit,
2255 2882 2387 2932 scire

1381 2959 1573 3029 cupio,
1595 2953 1743 3027 quod
1754 2957 1893 3028 jacis
1917 2955 2164 3010 obscure.
2183 2979 2205 3006 ι

1456 3051 1506 3104 J.
1550 3035 1871 3105 Quemquam
1910 3035 2085 3088 osculo
2124 3037 2385 3109 impertiit.

1379 3113 1516 3164 Plin.
1548 3114 1803 3182 Panegyr.
1838 3113 1935 3177 23,
1980 3115 2240 3167 *Gratum
2278 3129 2389 3167 erat

1380 3193 1616 3258 cunctis,
1638 3189 1783 3262 quod
1810 3191 2063 3245 Senatum
2088 3190 2275 3246 osculo
2304 3213 2389 3246 ex·

1381 3272 1603 3343 cipiet-es,
1616 3281 1675 3322 ut
1690 3268 1937 3323 dimissius
1952 3269 2131 3322 osculo
2146 3272 2342 3337 fueras,
2360 3295 2383 3318 ι.

1379 3349 1473 3401 ubi
1495 3349 1617 3402 vide
1636 3349 1832 3418 Gierig.

1393 3467 1398 3472 -
1449 3427 1732 3480 XXXVssI.
1784 3445 1829 3478 ι.
1872 3427 1940 3479 In
1978 3445 2211 3480 sermone
2243 3447 2388 3481 com-

1381 3509 1549 3560 muni.
1578 3507 1887 3578 opponitur
1910 3509 2147 3558 sermoni
2168 3517 2352 3560 secreto
2367 3545 2385 3573 ,

1383 3599 1545 3658 atque
1570 3587 1639 3638 ita
1670 3603 1844 3637 sermo
1876 3587 2166 3638 eommunis
2194 3585 2389 3639 dicitur

1382 3668 1539 3717 etiam
1560 3684 1591 3717 a
1608 3667 1822 3716 Petron.
1848 3681 1899 3716 c.
1922 3681 1940 3715 ι
1958 3665 2018 3716 13
2034 3702 2051 3732 ,
2077 3683 2235 3735 quem
2260 3669 2389 3719 citat

1382 3742 1630 3796 Oudend.
1655 3744 1927 3796 Ernestius
1950 3761 1979 3794 e
2002 3742 2215 3795 duobus
2241 3743 2390 3798 libris

1383 3821 1524 3874 dedit
1551 3821 1803 3883 convivii,
1828 3841 2057 3893 eumque
2076 3825 2245 3875 secuti
2264 3839 2389 3876 sunt

1384 3903 1620 3953 Bromius
1652 3913 1705 3954 et
1736 3896 2021 3973 Bipontini.
2057 3904 2131 3953 lta
2166 3905 2388 3974 scripto-

1383 3999 1494 4032 rem
1518 3994 1651 4052 puto
1672 3981 1850 4052 potiu's
1874 3980 2083 4032 dedisse
2103 3980 2185 4032 vel
2208 3983 2388 4034 convi-

1385 4059 1522 4124 vali,
1562 4072 1622 4112 ut
1653 4057 1885 4111 Wolfius
1915 4072 2120 4124 censet,
2149 4060 2231 4113 vel
2260 4063 2386 4113 sim-

1385 4137 1594 4208 pliciter
1614 4177 1632 4203 ‚
1674 4160 1697 4184 α
1720 4136 1927 4190 dicente
1972 4138 2205 4209 quodam
2255 4141 2390 4193 inter

1384 4216 1745 4281 convivium‚·
1773 4217 1855 4268 vel
1884 4217 2021 4269 inter
2044 4235 2239 4270 coenam
2256 4257 2271 4286 ‚
2302 4219 2383 4270 vel

1998 4311 2099 4388 14.
