3050 5004
648 474 779 550 412
1394 470 1467 531 C.
1520 467 2020 534 SUETONII·

646 599 882 688 guine‚
922 627 947 655 α
974 598 1282 677 Utinam,
1310 623 1337 654 π
1372 597 1628 689 inquit,
1667 625 1693 654 α
1715 592 2086 661 hactenus!
2121 625 2148 653 n
2185 598 2384 664 Tunc
2409 595 2613 662 horas
2641 621 2743 662 re-

646 709 967 802 quirenti,
994 731 1120 798 pro
1150 708 1385 802 quinta
1404 758 1421 787 ‚
1454 729 1660 798 quam
1687 703 2064 788 metuebat,
2095 719 2284 772 sexta
2310 728 2394 773 ex
2421 705 2744 774 industria

644 821 965 884 nunciata
988 830 1092 882 est
1106 832 1155 882 ².
1190 818 1343 896 His,
1374 813 1564 882 velut
1595 830 1932 880 transacto
1952 811 2096 906 jam
2125 814 2460 906 pericu10‚
2485 815 2743 900 laetum,

645 928 1210 1019 festinantemque
1260 923 1347 990 ad
1398 926 1701 1016 corporis
1747 947 1980 990 curam
2001 977 2018 1007 ,
2067 923 2466 993 Parthenius
2492 923 2518 964 ³
2570 926 2748 994 cubi-

648 1035 803 1104 culo
840 1038 1243 1128 praepositus
1280 1037 1649 1116 convertit,
1688 1037 2018 1100 nuncians
2058 1058 2238 1118 esse,
2273 1039 2392 1131 qui
2431 1061 2746 1128 magnum

646 1148 875 1214 nescio
907 1144 1072 1240 quid
1098 1145 1403 1226 afferret,
1430 1168 1559 1211 nec
1585 1141 2064 1210 differendum.
2100 1148 2366 1238 Itaque,
2403 1150 2747 1214 summotis

647 1257 995 1337 omnibus,
1031 1257 1101 1322 in
1130 1253 1521 1322 cubiculum
1553 1277 1627 1320 se
1653 1256 1909 1344 recepit
1927 1306 1945 1336 ‚
1975 1270 2180 1349 atque
2207 1255 2301 1322 ibi
2328 1258 2591 1324 occisus
2628 1274 2743 1324 est.

702 1448 709 1454 ·
740 1371 952 1434 XVII.
1004 1371 1103 1434 De
1129 1363 1532 1433 insidiarum
1559 1363 1897 1460 caedisquc
1931 1389 2178 1456 genere
2202 1365 2348 1436 haec
2373 1367 2517 1434 fere
2543 1366 2746 1435 divul-

650 1492 804 1568 gata
824 1493 1000 1544 sunt.
1024 1475 1513 1544 Cunctantibus
1536 1478 1938 1566 conspiratis
1955 1529 1973 1560 ,
2001 1476 2275 1571 quando
2293 1490 2363 1542 et
2380 1477 2742 1572 quomode,

648 1586 751 1676 [id
782 1605 883 1656 est
904 1591 982 1677 ¹,]
1011 1588 1472 1671 lavantemne,
1502 1612 1592 1654 an
1621 1603 1998 1654 coenantem
2025 1584 2595 1678 aggrederentur3
2623 1592 2744 1655 Ste-

648 1697 918 1792 phanus
936 1714 983 1779 ²,
1030 1696 1390 1764 Domitillae
1432 1711 1865 1789 procurator,
1911 1710 1978 1761 et
2018 1711 2183 1763 tunc
2225 1700 2742 1788 interceptarum

650 1811 1094 1903 pecuniarum
1126 1833 1319 1891 reus,
1350 1807 1708 1875 consilium
1738 1830 2151 1900 operamque
2180 1803 2446 1898 obtulit.
2479 1813 2574 1874 Ac
2603 1810 2744 1874 sini-

650 1923 929 1988 ster-iore
957 1919 1265 1997 brachio,
1294 1919 1485 1986 velut
1510 1943 1722 2009 aegr0,
1757 1917 1928 1985 lanis
1961 1918 2318 2011 fasciisque
2345 1943 2472 2011 per
2501 1919 2744 2015 aliquot

652 2026 794 2096 dies
822 2028 910 2096 ad
937 2027 1373 2095 avertendam
1400 2031 1857 2120 suspicionem
1885 2027 2211 2095 obvoluto
2227 2081 2244 2111 ,
2276 2028 2364 2095 ad
2394 2033 2609 2121 ipsam
2636 2030 2742 2097 ho-

653 2163 801 2206 ram
826 2137 1145 2208 dolonem
1168 2135 1578 2231 interjecit³:
1611 2139 2096 2233 professusque
2123 2143 2638 2232 conspirationis
2659 2143 2745 2206 in-

653 2247 938 2333 dicium,
975 2265 1045 2316 et
1071 2248 1160 2316 ob
1187 2247 1317 2315 hoc
1350 2247 1723 2330 admissuS,
1760 2247 2008 2340 legenti
2051 2247 2371 2316 traditum
2401 2275 2444 2316 a
2473 2273 2546 2316 se
2579 2248 2747 2316 libel-

654 2359 797 2426 lum
812 2411 830 2442 ,
857 2376 925 2426 et
941 2361 1226 2427 attonito
1243 2411 1260 2442 ,
1284 2356 1566 2426 suffodit
1585 2360 1864 2450 inguina
1875 2356 1924 2424 4.
1954 2361 2266 2426 Saucium
2287 2384 2365 2425 ac
2383 2383 2747 2450 repugnan-

655 2486 793 2539 tem
834 2470 1052 2540 adorti
1090 2469 1455 2540 Clodianus
1473 2475 1480 2483 '
1498 2467 1985 2540 cornicularius
2006 2470 2055 2551 ⁵,
2096 2485 2164 2536 et
2200 2471 2571 2553 Maximus,
2609 2475 2748 2538 Par·

727 2686 777 2721 2.
813 2670 1029 2722 Sexta...
1050 2672 1305 2726 nunciata
1325 2680 1429 2731 est‚·
1454 2669 1568 2723 scil.
1595 2668 1662 2721 ab

654 2765 754 2812 eo,
792 2762 851 2799 ut
890 2750 1114 2819 opinor,
1152 2750 1325 2819 inquit
1359 2747 1663 2814 Ernestius,

654 2826 749 2895 qui
778 2827 966 2878 missus
992 2840 1104 2878 erat
1130 2829 1187 2878 in
1207 2828 1401 2878 Forum
1426 2825 1495 2876 sd
1524 2825 1664 2876 sola-

654 2904 823 2971 rium,
856 2918 920 2955 ut
944 2904 1176 2973 videret,
1206 2918 1369 2976 quota
1398 2903 1531 2955 hora
1557 2902 1663 2955 diei

658 2995 814 3035 esset.

726 3061 780 3114 3.
818 3060 1163 3126 Parthenius,
1194 3073 1294 3113 etc.
1328 3060 1397 3113 de
1431 3078 1541 3132 quo
1566 3063 1662 3114 vi-

654 3156 793 3205 etor,
806 3142 945 3213 Epit.
971 3159 990 3193 1
1008 3156 1052 3207 1,
1072 3153 1123 3192 et
1136 3140 1337 3211 Xiphil.
1353 3141 1558 3208 LXVII,
1581 3140 1661 3194 15.

726 3220 887 3273 xvn.
917 3237 963 3271 1.
988 3218 1074 3292 [Id
1092 3218 1200 3293 est].
1226 3220 1325 3270 Pro
1342 3218 1666 3291 glossemate

654 3298 854 3352 habere
872 3298 984 3351 haec
1002 3298 1169 3351 verba
1192 3299 1367 3350 malim
1392 3317 1514 3350 cum
1537 3301 1665 3351 Bur-

655 3396 835 3431 mann.
866 3396 1026 3451 quam
1046 3391 1251 3431 mutare
1278 3397 1401 3431 cum
1420 3379 1665 3431 Ernestio

656 3462 713 3513 in
746 3461 868 3511 item
885 3498 901 3527 ,
936 3458 1079 3532 quod
1108 3479 1301 3513 novam
1328 3457 1668 3513 consultandi

658 3542 933 3591 materiam
978 3540 1193 3592 inferret
1214 3578 1231 3607 ,
1278 3559 1441 3612 quum
1488 3553 1666 3593 tamen

656 3617 819 3671 verba
851 3618 1115 3673 lavantem
1148 3633 1201 3671 et
1228 3632 1518 3672 eoenantem
1557 3619 1666 3673 sal-

656 3708 761 3747 tem
785 3695 855 3748 ad
875 3694 929 3749 ἐἰ
952 3697 1163 3770 quando
1187 3699 1505 3769 respiciant,
1531 3716 1667 3769 quo-

658 3774 947 3832 dammodo
976 3782 1135 3832 etiam
1163 3798 1265 3851 pro
1301 3780 1425 3831 loco
1457 3779 1663 3833 diverso

656 3852 710 3907 τδ
733 3857 995 3929 quomodo
1018 3855 1380 3929 suppeditent.

732 3951 779 3986 2.
818 3932 1141 4008 Stephanus,
1176 3948 1277 3986 etc.
1308 3933 1375 3985 de
1405 3951 1515 4004 quo
1540 3932 1666 3984 Phi-

657 4012 804 4065 lostr.
824 4014 971 4081 vm,
998 4030 1077 4065 ιο.
1108 4011 1435 4067 Domitillam
1460 4024 1667 4077 autem,

658 4092 819 4145 filiam
845 4092 1125 4147 Domitillae
1141 4132 1157 4159 ,
1186 4095 1380 4145 sororis
1402 4093 1666 4143 Domitia·

660 4174 743 4239 ni,
760 4192 980 4225 uxorem
994 4172 1158 4225 Flavii
1175 4173 1463 4226 Clementis
1476 4173 1638 4225 fuisse
1649 4210 1666 4236 ‚

1751 2668 1977 2721 vidimus
1997 2668 2067 2719 ad
2083 2670 2241 2739 Vesp.
2265 2668 2325 2736 3,
2354 2681 2405 2720 et
2424 2686 2586 2739 supra
2605 2688 2651 2720 c.
2677 2665 2745 2720 15.

1823 2750 1875 2801 3.
1901 2748 1988 2800 Ad
2009 2750 2174 2818 ipsam
2198 2747 2380 2799 horam
2405 2747 2650 2799 dolonem
2671 2748 2750 2798 in-

1753 2827 1945 2899 terjecit
1955 2849 1974 2889 ,-
1998 2825 2053 2877 h.
2071 2844 2117 2878 e.
2135 2845 2195 2879 ea
2211 2829 2326 2899 ipsa
2341 2825 2494 2893 hora,
2512 2844 2616 2899 qua
2633 2827 2752 2877 faei-

1753 2923 1854 2956 nus
1870 2901 2289 2975 perpetrandum
2308 2918 2418 2954 erat
2431 2942 2448 2969 .,
2470 2904 2750 2975 pugionem

1753 2983 1930 3034 fasciis
1946 2982 2272 3051 interposuit.
2285 2980 2548 3035 Dolonem
2565 3000 2628 3033 ex
2641 2998 2754 3032 con·

1745 3065 1956 3133 jectura
1994 3062 2226 3113 Ferrarii
2265 3080 2364 3133 pro
2401 3060 2544 3132 vulg.
2583 3059 2752 3115 dolum

1753 3154 2070 3213 receperunt
2091 3141 2218 3191 Em.
2245 3154 2298 3191 et
2319 3139 2570 3193 Oudend.
2585 3180 2602 3207 ‚
2627 3158 2752 3193 con·-

1754 3220 1996 3273 firmante
2027 3220 2346 3273 Philostrato
2368 3258 2385 3285 ‚
2423 3218 2570 3291 apud
2607 3237 2754 3291 quem

1755 3319 1853 3373 pro
1895 3300 2030 3366 ξίφος
2067 3297 2244 3367 ‘isim
2261 3336 2278 3365 ‚
2317 3311 2421 3351 etc.
2459 3300 2751 3368 Baumgart.

1755 3378 2036 3450 legendum
2054 3380 2320 3431 existimat
2333 3372 2518 3442 ΰφίκιις
2535 3376 2620 3429 vel
2639 3374 2758 3439 ὄψει’-

1755 3478 1871 3527 nac,
1895 3457 2012 3525 vel,
2053 3456 2199 3530 quod
2224 3456 2558 3509 verissimum
2587 3455 2757 3517 ducit,

1756 3526 2001 3605 ὑφιᾶκιις,
2023 3537 2088 3589 de
2105 3556 2209 3609 qua
2223 3538 2394 3588 forma
2406 3574 2424 3601 ‚
2445 3538 2606 3588 etiam
2621 3536 2678 3587 in
2694 3534 2754 3584 N.

1755 3620 1817 3669 T.
1849 3617 2036 3684 obvia,
2077 3616 2194 3668 vide
2220 3614 2453 3668 Fischer.
2488 3615 2666 3665 Anim.
2696 3610 2757 3664 ad

1755 3697 1912 3750 Well.
1939 3710 2079 3770 part.
2103 3699 2159 3762 1,
2181 3714 2303 3769 pag.
2331 3712 2448 3764 ¹⁰7·

1827 3780 1879 3845 4.
1917 3776 2160 3849 Suffodt't
2187 3775 2425 3852 inguina.
2453 3774 2535 3825 Cf.
2567 3770 2756 3843 Xiphil.

1753 3857 1969 3922 LXVII,
2004 3873 2092 3925 17;
2119 3854 2367 3906 Philostr.
2393 3852 2428 3904 Ι.
2456 3871 2502 3903 c.

1827 3937 1876 3989 5.
1898 3934 2295 3990 cornicularius.
2319 3930 2608 3985 Comiculis
2619 3930 2756 4001 equi-

1757 4029 1832 4068 tes
1855 4016 1925 4068 ob
1944 4018 2190 4068 virtutem
2211 4014 2490 4083 insignitos
2507 4050 2523 4078 ,
2542 4011 2752 4081 legimus

1759 4094 1902 4166 apud
1919 4096 2031 4146 Liv.
2054 4096 2104 4146 X
2119 4131 2136 4160 ,
2158 4092 2244 4159 44.
2269 4092 2398 4144 Inde
2419 4090 2655 4143 altiorem
2669 4086 2752 4138 mi-

1757 4171 1878 4224 litiae
1915 4170 2142 4243 gradum
2175 4170 2445 4223 habebant
2474 4164 2749 4221 cornicula-
