3050 5004
693 458 825 549 398
1180 472 1188 479 ·
1297 470 1307 481 ·
1442 456 2039 523 C.SUETON11

688 601 1243 678 stupratoresque
1283 584 1490 675 virgis
1537 586 1610 650 in
1647 586 1935 652 Comitio
1971 583 2060 652 ad
2097 606 2337 653 necem
2373 582 2650 669 caedi15,
2687 611 2796 655 ex·

687 711 885 787 cepto
911 696 1230 787 praetorio
1252 694 1401 761 viro
1422 689 1495 775 ¹⁶,
1524 694 1636 760 cui
1653 746 1672 777 ,
1701 691 1910 761 dubia
1935 696 2140 761 etiam
2163 709 2310 761 tum
2333 718 2572 781 causa,
2601 712 2672 764 et
2697 699 2795 765 in-

686 809 886 874 certis
925 803 1409 901 quaestionibus
1444 821 1651 899 atque
1689 808 2042 873 tormentis
2058 858 2077 888 ,
2115 804 2200 873 de
2237 823 2454 875 semet
2487 808 2794 900 professo

688 916 1000 983 exsilium
1026 912 1327 981 indulsit.
1357 917 1450 980 Ac
1475 936 1563 979 ne
1595 936 1733 1007 qua
1759 912 1994 1007 religio
2018 920 2235 981 Deum
2259 918 2538 1009 impune
2563 936 2794 987 conta-

688 1029 1061 1093 minaretur
1078 1076 1096 1108 ,
1144 1039 1700 1107 monumentum,
1739 1022 1924 1119 quod
1974 1024 2255 1093 libertus
2301 1023 2450 1119 ejus
2487 1050 2526 1095 e
2557 1026 2795 1121 lapidi-

684 1136 815 1205 bus
834 1188 855 1219 ,
882 1134 1135 1229 templo
1162 1133 1519 1228 Capitolini
1541 1138 1729 1205 Jovis
1755 1133 2141 1219 destinatis,
2171 1136 2313 1205 filio
2336 1156 2791 1224 exstruxerat,

685 1247 895 1317 diruit
934 1272 1057 1340 per
1097 1244 1374 1331 milites,
1422 1270 1714 1344 ossaque
1759 1265 1828 1315 et
1875 1248 2194 1343 reliquias
2215 1302 2232 1332 ,
2279 1274 2434 1345 quae
2491 1254 2754 1319 inerant
2771 1304 2790 1333 ,

686 1363 855 1427 mari
882 1360 1135 1426 mersit.

780 1478 890 1539 lx.
947 1477 1133 1539 Inter
1158 1472 1343 1536 initia
1371 1494 1590 1565 usque
1613 1468 1783 1536 adeo
1811 1468 1897 1537 ab
1926 1472 2109 1537 omni
2139 1469 2322 1538 caede
2347 1471 2787 1557 abhorrebat,

688 1599 762 1649 ut
778 1636 795 1666 ,
820 1582 1099 1650 absente
1126 1578 1349 1647 adhuc
1376 1597 1570 1673 patre
1586 1633 1603 1663 ,
1632 1579 2024 1649 recordatus
2048 1580 2306 1672 Virgilii
2332 1606 2638 1665 versum,

882 1710 1079 1791 Impia
1111 1730 1301 1789 quam
1328 1710 1497 1768 caesis
1520 1728 1668 1788 gens
1691 1722 1778 1767 est
1805 1708 2054 1790 epulata
2077 1707 2354 1789 juvencis
2375 1720 2390 1750 ¹
2407 1754 2425 1783 ,

684 1826 950 1895 edicere
973 1826 1356 1908 destinarit,
1383 1858 1409 1887 α
1433 1850 1519 1893 ne
1543 1826 1750 1895 boves
1773 1826 2308 1894 immolarentur.
2340 1858 2366 1886 υ
2387 1824 2788 1919 Cupiditatis

683 1963 957 2035 quoque
983 1953 1187 2031 atque
1206 1940 1501 2005 avaritia:
1522 1946 1545 1975 ²
1565 1940 1676 2003 vix
1697 1942 2152 2031 suspicionem
2170 1936 2380 2005 ullam
2403 1990 2420 2021 ,
2441 1954 2560 2005 aut
2573 1942 2782 2031 priva·

685 2066 793 2116 tus
821 2072 1153 2143 unquam,
1185 2065 1305 2115 aut
1326 2052 1647 2140 Princeps
1672 2048 2090 2146 aliquamdiu
2133 2048 2352 2133 dedit;
2390 2051 2602 2117 immo
2629 2074 2666 2115 e
2690 2047 2788 2116 di-

686 2184 883 2228 verso
897 2183 1149 2251 magna
1172 2183 1351 2251 saepe
1374 2184 1515 2227 non
1538 2161 1963 2230 abstinentiae
1985 2160 2220 2243 modo,
2253 2157 2373 2229 sed
2400 2164 2604 2228 etiam
2633 2160 2790 2230 libe-

762 2345 843 2399 15.
884 2346 1081 2418 Defodi
1104 2346 1408 2417 imperavit,-
1430 2356 1694 2417 stuprato-

684 2444 916 2499 resque...
942 2424 1103 2486 coedt‘,·
1130 2442 1272 2478 more
1294 2444 1487 2495 nempe
1516 2425 1693 2477 veteri.

1785 2349 2036 2401 mitianus
2071 2361 2123 2400 et
2153 2346 2481 2401 crudelitatis
2512 2362 2566 2399 et
2595 2349 2788 2419 iniqui-

1785 2432 1907 2482 tatis
1935 2432 2172 2482 infamia.
2203 2430 2398 2502 Arripit
2426 2430 2788 2495 Licinianum,

685 2505 883 2556 Defodi
906 2505 1150 2556 solebant
1168 2505 1223 2555 in
1244 2523 1428 2574 campo
1448 2504 1695 2558 scelerato

686 2605 852 2658 ,πορθ
882 2599 1091 2659 portam
1120 2583 1398 2637 Collinam.
1438 2584 1521 2635 Cf.
1563 2586 1695 2634 Dio-

686 2685 796 2738 nys.
822 2667 873 2731 l,
902 2667 1097 2735 78311,
1116 2667 1205 2733 67,
1226 2665 1316 2736 qui
1342 2663 1594 2715 classicus
1615 2677 1693 2714 est

684 2743 860 2805 locus;
884 2747 1033 2810 vul,
1059 2745 1151 2812 893
1178 2743 1277 2808 IX,
1302 2742 1388 2808 40.
1414 2743 1695 2813 Stuprato—

682 2839 793 2876 rem
808 2825 1085 2890 Corneliae,
1098 2822 1180 2874 vel
1194 2836 1497 2875 accusatum
1511 2823 1692 2894 potius

684 2908 854 2977 stupri
888 2917 1149 2957 memorat
1182 2903 1314 2956 Plin.
1345 2907 1511 2975 Epist.
1544 2907 1631 2956 cit.
1665 2903 1693 2978 §

689 3002 785 3050 to,
833 2984 1070 3036 Celerem
1099 3007 1111 3036 :
1166 3009 1188 3032 ιι
1210 2985 1461 3037 Fra-terea
1486 2985 1692 3050 Celer,

682 3067 858 3138 Eques
883 3066 1185 3130 Romanus,
1214 3066 1301 3116 cui
1324 3064 1569 3117 Cornelia
1594 3065 1694 3117 ob·

677 3145 984 3216 jiciehatur,
1016 3163 1179 3215 quum
1200 3144 1253 3194 in
1280 3144 1507 3196 Comitio
1533 3145 1693 3215 virgis

682 3225 991 3287 cederetur,
1012 3225 1066 3274 in
1089 3222 1193 3275 hac
1210 3241 1345 3274 voce
1361 3225 1665 3293 perstiterat
1677 3263 1694 3290 ,

683 3303 990 3375 Quidfeci?
1016 3302 1175 3356 Nihil
1190 3302 1321 3376 feci.
1346 3326 1368 3350 ι
1399 3302 1542 3354 Idem
1575 3321 1692 3355 ma-

656 3384 1014 3456 gnitudinem
1043 3386 1206 3437 animi
1238 3383 1497 3436 Corneliae
1527 3386 1581 3436 in
1611 3385 1692 3437 fe·-

682 3466 851 3520 rendo
880 3465 1143 3537 supplicio
1171 3479 1350 3518 narrat
1376 3463 1403 3535 §
1428 3481 1457 3535 7
1488 3483 1604 3536 seq.

760 3545 841 3598 16.
881 3549 1113 3618 Excepto
1137 3547 1382 3618 proetort'o
1411 3546 1519 3597 viro
1537 3585 1554 3612 ,
1589 3559 1688 3597 etc.

686 3624 901 3679 Valerio
930 3625 1191 3690 Lucieno,
1225 3623 1291 3675 de
1322 3643 1429 3696 quo
1457 3625 1564 3694 agit
1591 3623 1693 3675 Pli-

682 3707 758 3758 nii
781 3703 1006 3776 epistola
1025 3743 1041 3772 ,
1062 3703 1157 3755 ubi
1182 3703 1324 3756 haec:
1358 3726 1380 3749 κ
1398 3703 1691 3754 Confessus

678 3797 763 3837 est
800 3783 1015 3856 quidem
1044 3785 1307 3836 incestum
1329 3820 1346 3847 ,
1386 3780 1479 3833 sed
1516 3783 1693 3832 incer-

682 3875 824 3930 tum,
859 3876 1039 3915 utrum
1074 3864 1201 3932 quia
1232 3878 1413 3912 verum
1448 3873 1588 3925 erat,
1623 3877 1691 3911 an

684 3945 809 4018 quia
831 3946 1077 4016 graviora
1101 3942 1403 4004 metuebat,
1438 3941 1483 3992 si
1506 3956 1693 4010 negas-

684 4037 782 4078 set.
818 4021 1105 4077 Tremebat
1142 4024 1281 4074 enim
1317 4021 1654 4073 Domitianus
1675 4058 1693 4087 ,

684 4103 1045 4177 astuabatque
1066 4103 1267 4172 ingenti
1286 4098 1513 4164 invidia,
1536 4097 1694 4151 desti-

684 4195 849 4238 tutus.
872 4207 895 4233 ι
920 4186 1075 4249 Mox,
1099 4179 1127 4252 ς
1154 4199 1173 4234 1
1190 4199 1209 4234 1
1233 4203 1247 4234 =
1278 4205 1301 4231 ι
1322 4177 1562 4234 Ardebat
1581 4179 1694 4232 Do·

1786 2510 1933 2583 quod
1956 2513 2010 2561 in
2031 2511 2170 2582 agris
2193 2513 2299 2564 suis
2321 2510 2644 2563 occultasset
2661 2511 2789 2563 Cor-

1787 2590 1933 2644 neliae
1965 2591 2234 2656 libertam3
2263 2590 2351 2645 ille
2385 2592 2452 2645 ab
2475 2594 2565 2656 iis,
2599 2591 2787 2661 quibus

1783 2663 1895 2723 'erat
1925 2690 2095 2736 curae,
2129 2685 2507 2743 praemonetur,
2537 2673 2578 2724 si
2613 2671 2788 2723 Comi·

1782 2751 1912 2802 tium
1935 2765 1988 2803 et
2009 2753 2186 2822 virgas
2205 2752 2316 2821 pati
2339 2751 2506 2804 nollet
2525 2789 2542 2816 .,
2568 2751 2636 2804 ad
2663 2769 2788 2802 con-

1783 2829 2070 2881 fessionem
2089 2831 2430 2899 confugeret,
2451 2831 2602 2901 quasi
2623 2829 2692 2881 ad
2708 2847 2788 2882 vc·

1783 2907 1953 2966 niam;
1985 2907 2125 2958 fecit.
2147 2930 2170 2952 n
2199 2909 2387 2960 Postea
2414 2907 2718 2977 permisisse
2741 2908 2788 2958 ei

1784 2983 1978 3036 dicitur
2003 2986 2340 3038 Domitianus
2356 3022 2373 3050 ,
2407 3007 2430 3032 ιι
2451 2987 2496 3036 si
2529 3004 2636 3058 qua
2658 3003 2786 3056 pos·

1785 3080 1892 3130 set,
1929 3085 1994 3116 ex
2019 3065 2180 3116 rebus
2216 3068 2324 3118 suis
2361 3078 2602 3137 raperet,
2641 3079 2790 3120 ante·

1783 3163 1942 3218 quam
1967 3145 2110 3196 bona
2139 3144 2562 3216 publicarentur,
2587 3159 2640 3196 et
2661 3146 2789 3198 exsi-

1781 3223 1909 3276 lium
1949 3223 2136 3293 molle,
2173 3223 2317 3277 velut
2349 3227 2657 3298 praemium,
2693 3225 2788 3278 de-

1781 3305 1938 3357 disse.

1851 3385 1942 3436 IX.
1971 3399 2014 3436 1.
2041 3379 2565 3455 Impia...juvenc1's,·
2591 3399 2655 3435 ex
2670 3384 2789 3435 Vir-

1779 3462 1868 3534 gil.
1890 3463 2086 3534 Georg.
2108 3465 2180 3528 Π,
2205 3463 2324 3532 537.
2343 3461 2423 3514 Cf.
2442 3465 2591 3514 Arat.
2607 3461 2785 3516 Phaeu.

1788 3543 1903 3596 132.
1927 3545 2007 3595 De
2033 3562 2192 3594 aurea
2217 3556 2368 3594 aetate
2393 3559 2566 3594 sermo
2591 3557 2690 3596 est.

1855 3641 1902 3676 2.
1948 3623 2308 3693 Cupiditatis...
2338 3633 2494 3694 atque
2525 3623 2786 3688 avariae,

1781 3716 1882 3755 etc.
1906 3701 2193 3772 Cupiditati
2217 3702 2509 3772 opponitur
2531 3701 2788 3753 abstinen-

1783 3783 1885 3844 (ἔας
1912 3781 2031 3833 vide
2053 3781 2180 3832 Caes.
2212 3779 2312 3846 343
2335 3779 2570 3832 avart'tt'oe
2599 3779 2788 3832 libem-

1782 3859 1917 3914 litas.
1929 3858 2112 3912 Eidem
2129 3857 2417 3929 respondet
2427 3875 2656 3928 sequens
2665 3875 2786 3910 voc.

1779 3939 1994 3993 sordide.
2020 3941 2144 3991 Post
2169 3939 2358 4001 immo,
2384 3934 2603 3988 damnat
2625 3937 2788 3989 Erne-

1781 4021 1913 4072 stius
1949 4039 1978 4070 e
2004 4019 2232 4084 diverso,
2262 4029 2316 4069 et
2351 4033 2478 4068 sane
2509 4027 2592 4068 est
2625 4014 2785 4068 idem.

1781 4099 1885 4153 Sed
1916 4095 2330 4150 condonandum
2357 4093 2464 4149 hoc
2495 4095 2632 4149 mori
2658 4095 2788 4152 Sue·

1783 4179 1943 4246 tonii,
1968 4175 2034 4231 de
2058 4193 2171 4249 quo
2193 4175 2384 4250 sapius
2406 4173 2627 4229 dictum.
