3050 5004
330 954 471 1047 ipse
500 957 809 1047 aurigare
828 958 853 997 ⁵
874 1010 891 1041 ,
922 974 1127 1055 atque
1152 965 1351 1033 etiam
1380 974 1667 1061 spectari
1690 977 1936 1067 saepius
1961 979 2216 1051 voluit:
2247 992 2429 1079 posi-

331 1078 531 1159 toque
566 1068 637 1133 in
678 1066 892 1135 hortis
932 1071 1107 1138 inter
1139 1078 1407 1143 servitia
1449 1096 1517 1147 et
1557 1080 1896 1154 sordidam
1935 1088 2204 1182 plebem
2247 1098 2428 1165 rudi-

326 1192 555 1244 mento
576 1230 595 1261 ,
636 1181 1109 1250 universorum
1132 1208 1204 1252 se
1228 1188 1441 1257 oculis
1463 1193 1534 1258 in
1559 1196 1752 1263 Circo
1781 1204 2076 1271 maximo
2097 1206 2390 1298 praebuit
2407 1266 2422 1293 ‚

326 1285 551 1381 aliquo
584 1287 826 1357 liberto
860 1294 1169 1363 mittente
1197 1320 1518 1393 mappam
1537 1298 1566 1341 ⁶
1585 1356 1602 1386 ,
1637 1305 1820 1375 unde
1854 1315 2282 1403 magistratus
2325 1346 2426 1390 so-

324 1397 485 1487 lent.
532 1404 673 1469 Nec
710 1418 1069 1483 contentus
1118 1404 1364 1489 hurum
1408 1418 1656 1483 artium
1696 1425 2152 1513 experimenta
2191 1434 2424 1503 Romae

322 1510 587 1579 dedisse
611 1564 630 1595 ‚
660 1512 977 1581 Achaiam
995 1569 1012 1599 ,
1048 1533 1126 1583 ut
1147 1516 1437 1590 diximus
1462 1576 1479 1609 ,
1512 1514 1682 1618 petit
1699 1540 1724 1580 ⁷
1740 1583 1758 1612 ‚
1789 1530 1946 1601 hinc
1969 1542 2258 1609 maxime
2284 1568 2423 1613 mo-

320 1624 932 1691 ms.·1nstituerant
964 1628 1286 1711 civitates,
1324 1635 1509 1727 apud
1551 1652 1722 1733 quas
1757 1646 2000 1712 musici
2032 1672 2283 1741 agones
2313 1656 2418 1723 edi

322 1732 573 1816 solent,
606 1756 841 1803 omnes
866 1736 1385 1814 citharoedorum
1414 1768 1698 1818 coronas
1717 1750 1744 1790 ⁸
1766 1752 1852 1821 ad
1877 1758 2100 1849 ipsum
2128 1767 2415 1837 mittere.

319 1848 449 1913 Eas
486 1843 659 1914 adeo
696 1863 883 1940 grate
915 1853 1314 1943 recipiebat,
1352 1876 1430 1926 ut
1468 1859 1722 1955 legatos
1744 1920 1762 1949 ,
1796 1874 1914 1962 qui
1944 1874 2381 1963 pertulissent
2401 1934 2416 1961 ‚

318 1978 457 2022 non
472 1954 677 2023 modo
689 1959 945 2049 primos
959 1958 1367 2051 admitteret,
1387 1968 1505 2037 sed
1524 1976 1727 2043 etiam
1743 1977 2180 2053 familiaribus
2199 1990 2417 2080 epulis

390 2187 441 2253 4.
484 2190 673 2262 Groeqes
691 2190 899 2243 'duc-ere.
930 2194 1223 2265 Dubitant‚
1250 2197 1319 2251 de

316 2269 579 2341 antigisne
605 2270 899 2343 intelligant
921 2292 1125 2349 φημι,
1156 2296 1222 2329 an
1252 2278 1319 2329 de

313 2350 479 2419 equis.
510 2350 678 2414 Puto,
709 2348 775 2400 de
812 2353 1067 2424 utrisque.
1099 2356 1318 2409 Domini

310 2428 603 2481 factionum
642 2426 823 2481 locare
862 2430 1118 2484 nolebant
1157 2434 1316 2489 ludos

310 2507 589 2563 edentibus
614 2512 745 2581 juga
779 2527 875 2564 sua
915 2531 1035 2564 cum
1078 2517 1276 2586 aurigis
1296 2555 1315 2582 ‚

306 2591 412 2641 nisi
438 2592 491 2641 in
520 2603 695 2642 totum
718 2589 887 2656 diem,
914 2597 1163 2664 quoniam
1182 2597 1315 2648 mul-

308 2671 561 2742 tiplicatis
589 2670 997 2726 missibus‘huic
1030 2673 1179 2727 lucro
1201 2680 1313 2746 jam

306 2765 455 2804 erant
482 2752 719 2804 assueti.‘

378 2841 427 2892 5.
466 2840 599 2891 Mox
642 2849 696 2890 et
733 2839 841 2910 ipse
879 2841 1153 2913 aurigare,
1204 2857 1307 2896 etc.

303 2917 472 2969 Tacit.
501 2919 697 2970 Annal.
718 2919 867 2984 XIV,
900 2920 991 2985 14,
1022 2919 1310 2974 “Clausum

304 2997 437 3052 valle
481 3000 743 3052 Vaticana
786 3002 1015 3068 spatium
1044 3040 1061 3068 ‚
1100 3003 1155 3054 iu
1198 3021 1307 3074 quo

302 3097 469 3150 equos
516 3092 764 3149 regeret,
809 3077 955 3130 baud
999 3084 1307 3151 promiscuo

300 3159 633 3230 spectaculo.
660 3159 786 3210 Mox
819 3157 962 3209 ultro
993 3162 1175 3211 vocari
1208 3179 1306 3231 po-

297 3238 462 3309 pulus
488 3240 791 3304 Romanus,
822 3236 1179 3309 laudibusque
1206 3259 1303 3291 ex-

298 3317 515 3386 tollere,
544 3330 603 3369 ut
634 3329 713 3369 est
738 3315 927 3386 vulgus
960 3317 1180 3388 cupiens
1208 3337 1303 3370 vo·

296 3395 591 3469 luptatum,
628 3409 708 3464 et,
751 3397 793 3447 si
830 3393 1021 3446 eodem
1056 3397 1302 3468 Princeps

297 3478 497 3546 trahat,
522 3478 716 3529 laetum.
753 3477 997 3529 Ceterum
1026 3477 1301 3549 evulgatus

294 3557 505 3628 pudor,
532 3575 643 3610 non
677 3559 994 3622 satietatem,
1023 3570 1081 3610 ut
1102 3558 1301 3611 reban-

294 3650 397 3703 tur,
414 3638 507 3690 sed
526 3639 923 3689 incitamentum
942 3636 1143 3703 attulit,
1158 3651 1257 3688 etc.
1270 3661 1293 3686 ι

293 3718 371 3770 lta
384 3719 510 3786 XV,
526 3717 829 3785 44‚dicitur
857 3739 879 3762 οι
895 3715 1079 3769 habitu
1105 3722 1299 3791 auriga?

294 3802 581 3871 permixtus
610 3797 783 3867 plebi,
809 3795 893 3848 vel
922 3799 1187 3851 curriculo
1212 3802 1297 3852 in-

293 3881 495 3930 sistens.
527 3901 551 3925 »
585 3877 741 3928 Cont'.
776 3875 1173 3946 Xiphil.LX11‚
1213 3879 1292 3931 15.

291 3959 481 4029 Turpis
504 3955 595 4009 ille
614 3953 895 4007 Narcissus
915 3956 1059 4027 apud
1078 3957 1294 4022 Raetus,

294 4035 629 4088 Britannicus
648 4073 666 4099 ,
716 4045 819 4084 act.
868 4035 957 4100 IV,
1003 4053 1078 4086 sc.
1128 4037 1189 4102 4,
1236 4049 1297 4088 ut

291 4136 411 4168 cum
434 4116 727 4188 Agrippina
760 4111 1017 4165 But-rhum
1052 4129 1105 4166 et
1134 4115 1296 4168 Sene-

290 4215 403 4248 cam
440 4199 495 4247 in
536 4193 721 4246 odium
762 4193 1029 4262 adduc-av,
1068 4193 1192 4248 talia
1230 4195 1297 4248 «le

1410 2206 1656 2279 Principe
1667 2208 1810 2264 abiis
1820 2212 2034 2284 publice
2039 2219 2390 2293 jactarifingit
2405 2246 2416 2275 :

1408 2306 1515 2349 Pom-
1531 2317 1646 2352 toute
1660 2313 1862 2356 ambitioni
1873 2347 1884 2365 ,
1899 2330 2004 2371 pour
2015 2326 2134 2360 verto
2147 2320 2368 2395 singuliere
2377 2357 2388 2375 ,

1406 2366 1440 2407 ll
1453 2368 1604 2410 excelle
1615 2372 1640 2411 ἃ
1652 2372 1847 2415 cond-sire
1861 2390 1917 2417 un
1936 2376 2034 2419 char
2045 2376 2150 2421 dans
2163 2380 2202 2422 Ιι
2216 2398 2389 2428 carm-re
2405 2403 2414 2413 ·

1405 2426 1440 2467 Δ
1453 2428 1640 2484 dispater
1651 2430 1724 2473 des
1738 2436 1824 2488 prix
1839 2434 2026 2490 indignes
2039 2437 2090 2479 de
2103 2454 2166 2481 ses
2179 2444 2334 2494 minu

1404 2489 1439 2532 A
1462 2502 1505 2531 se
1524 2490 1686 2564 douper
1707 2494 1918 2539 lui-meme
1940 2512 1993 2540 en
2016 2501 2215 2557 spectaclc
2232 2519 2308 2548 nux
2328 2508 2410 2548 Ro-

1537 2565 1580 2593 m
1581 2566 1692 2594 aaaaa

1404 2611 1437 2652 A
1451 2611 1570 2654 venir
1583 2585 1804 2670 prod'iffuer
1817 2631 1860 2658 ιι
1873 2618 1964 2662 voix
1977 2633 2046 2662 sur
2055 2635 2112 2663 un
2127 2621 2218 2664 then
2225 2633 2302 2675 tre;

1402 2673 1433 2714 Δ
1450 2672 1598 2716 recitet
1609 2672 1681 2717 da
1693 2676 1839 2720 chaun
1855 2680 1953 2736 qu'il
1969 2691 2065 2724 veut
2077 2686 2198 2740 qu'on
2213 2685 2385 2730 idolum
2399 2708 2412 2742 ς

1402 2733 1554 2776 'randi-
1576 2751 1655 2791 qne
1673 2737 1746 2782 det
1768 2738 1942 2794 soldats,
1966 2740 2017 2785 de
2035 2759 2224 2790 momen:
2241 2764 2292 2791 en
2317 2765 2409 2792 mo-

1535 2811 1676 2850 mens,

1402 2857 1515 2900 Vont
1527 2861 1718 2904 unnher
1729 2877 1834 2918 pour
1844 2863 1902 2907 lui
1915 2863 1988 2909 da
1999 2868 2385 2924 applaudissemeus.

1398 2948 1664 3002 Posterius
1685 2949 1792 3004 hoc
1819 2953 2019 3025 Tacit,
2039 2959 2228 3014 Annal.
2257 2965 2376 3018 xvi
2389 3007 2404 3034 ‚

1400 3026 1461 3098 5,
1482 3027 1574 3079 ubi
1595 3028 1784 3082 milites
1806 3055 1827 3079 ιι
1840 3052 1937 3104 per
1951 3055 2149 3090 cuneos
2170 3041 2400 3110 stabant,

1396 3123 1465 3156 ne
1493 3107 1644 3176 quod
1671 3114 1924 3182 temporis
1950 3133 2278 3172 momentum
2306 3125 2402 3174 im-

1392 3188 1509 3256 pari
1555 3186 1784 3240 clamore
1798 3231 1816 3256 ,
1861 3208 1952 3245 aut
1998 3198 2205 3252 silentio
2253 3207 2402 3273 segni

1391 3270 1694 3339 praeteriret.
1715 3295 1738 3318 ιι
2127 3275 2140 3288 “

1462 3365 1513 3419 6.
1553 3365 1748 3441 Aliquo
1778 3368 1956 3425 liberto
1980 3376 2217 3430 mittente
2247 3400 2399 3455 map-

1384 3465 1546 3518 pam‚·
1568 3445 1622 3498 h.
1663 3467 1708 3498 e.
1739 3467 1933 3522 mappa
1966 3454 2175 3520 signum
2201 3459 2395 3528 dante,

1391 3544 1602 3578 cursum
1632 3529 1920 3599 incipiendi
1951 3533 2030 3584 vel
2053 3538 2292 3592 mittendi
2309 3543 2396 3610 ju-

1386 3624 1451 3677 ga
1478 3625 1505 3657 e
1524 3624 1755 3659 carcere.
1777 3609 1856 3659 Cf.
1887 3611 2101 3665 Panvin.
2132 3616 2199 3668 de
2231 3619 2393 3674 Ludis

1387 3687 1618 3738 Cir-cens.
1650 3689 1698 3752 I,
1740 3688 1800 3754 14
1833 3687 2021 3760 (Thes.
2057 3694 2218 3748 Graev.
2258 3713 2390 3752 tom.

1386 3766 1455 3816 lx
1468 3804 1483 3827 ‚
1500 3785 1554 3837 p.
1579 3783 1596 3816 1
1609 3767 1677 3820 66
1693 3785 1803 3838 seq.
1816 3768 1854 3837 );
1874 3766 2147 3843 Bulenger.
2160 3775 2391 3830 deCirco

1384 3847 1538 3897 Rom.
1560 3865 1680 3918 cap.
1708 3847 1942 3918 16(ibid.
1965 3871 2087 3923 pag.
2111 3855 2215 3925 629
2235 3859 2388 3931 seq.).

1459 3959 1506 4011 7.
1547 3943 1863 3998 Achaiam...
1893 3946 2057 4016 pem,-
2095 3967 2218 4003 ann.
2264 3954 2390 4024 819.

1386 4022 1542 4074 Conf.
1563 4023 1764 4094 Xiphit.
1789 4027 1948 4078 Lxln
1965 4065 1980 4090 ‚
2013 4029 2060 4080 8.

1457 4119 1507 4172 8.
1537 4120 2136 4176 Omnescitharoedorum
2157 4145 2386 4184 coronas.

1386 4196 1523 4249 Vide
1549 4196 1616 4247 :ul
1641 4218 1760 4269 cap.
1786 4199 1868 4252 26.
2262 4201 2270 4215 ’

2013 4319 2113 4360 12.
