3050 5004
396 691 534 795 e.·
615 572 1388 799 SUETONlln
1444 566 2412 821 mmmm

608 895 631 919 ·
786 1010 1249 1135 TITUS
1337 1008 2023 1213 FLAVIUS

624 1315 2174 1483 VESPASIANUS.

335 2204 390 2274 1.
431 2166 891 2279 Renuuous
920 2214 1125 2280 trium
1156 2216 1544 2306 Principum
1575 2232 1642 2282 et
1667 2188 1852 2283 caede
1875 2218 2216 2284 incertum
2235 2216 2354 2285 diu
2383 2234 2452 2286 et

330 2325 532 2420 quasi
554 2342 803 2412 vagum
824 2322 1189 2413 imperium
1217 2327 1516 2417 suscepit
1538 2325 1962 2421 firmavitque
1985 2324 2258 2394 tandem
2284 2348 2450 2419 gens

330 2437 603 2508 Flavia:
630 2433 918 2502 obscura
952 2433 1068 2502 illa
1104 2435 1414 2531 quidem,
1447 2462 1528 2506 ac
1562 2441 1706 2508 sine
1739 2437 1896 2508 ullis
1924 2435 2261 2533 majorum
2290 2442 2451 2508 ima·

328 2547 603 2641 ginibus
622 2599 641 2629 ,
684 2542 804 2612 sed
840 2561 1066 2612 tamen
1105 2547 1518 2640 Reipublicae
1557 2571 1991 2644 nequaquam
2021 2545 2446 2642 poenitenda;

327 2672 597 2728 constet
625 2655 815 2738 licet,
853 2658 1309 2724 Domitianum
1342 2657 1760 2751 cupiditatis¹
1789 2683 1868 2728 ac
1903 2661 2174 2728 saevitiae
2205 2660 2460 2727 merito

329 2791 579 2863 poenas.
602 2767 829 2834 luisse.
866 2767 1061 2834 Titus
1096 2765 1367 2836 Flavius
1398 2773 1637 2840 Petro²
1654 2821 1672 2851 ‚
1699 2769 2055 2862 municeps
2086 2771 2443 2850 Reatinus,

324 2879 511 2948 bello
527 2877 702 2947 civili
719 2880 1278 2969 Pompeianarum
1292 2883 1590 2974 partium
1603 2883 1922 2948 Centurio
1937 2905 2025 2948 an
2041 2881 2408 2949 ³Evocatus
2424 2935 2443 2964 ,

322 2990 631 3083 profugit
665 3012 749 3056 ex
786 2985 1169 3056 Pharsalica
1202 2991 1378 3074 acie,
1412 2989 1830 3087 domumque
1865 3015 1937 3060 se
1969 2989 2257 3060 contulit
2284 3017 2297 3057 :
2326 2989 2444 3059 uhi

322 3098 607 3182 deinde,
636 3099 833 3166 venia
860 3113 931 3164 et
960 3100 1281 3166 missione
1309 3101 1696 3194 impetrata,
1723 3103 2104 3170 coactiones
2131 3117 2442 3193 argeum·

394 3325 440 3374 1.
467 3339 513 3374 ι.
542 3321 869 3392 cupiditatis.
883 3322 1173 3391 Quomodo
1188 3324 1351 3376 intel-³
1428 3326 1560 3380 ieret
1605 3325 1790 3380 vocab.
1843 3327 2136 3393 Evocatus,
2181 3324 2444 3378 dederunt

318 3399 534 3472 figenda
564 3402 659 3465 sit,
688 3400 845 3454 docet
872 3401 1025 3453 locus
1048 3405 1246 3456 Domit.
1275 3423 1336 3475 9,
1433 3430 1455 3453 a
1474 3407 1764 3472 Centurio,
1810 3407 2065 3457 incertum
2108 3415 2322 3476 sponte,
2373 3421 2440 3456 an

266 3489 275 3500 ⁴
318 3479 417 3532 ubi
432 3479 674 3552 jungitur
694 3498 814 3532 cum
829 3482 1078 3547 avaritia,
1099 3496 1151 3534 et
1164 3501 1335 3554 oppo-
1426 3495 1683 3538 evocatus.
1701 3507 1724 3532 n
1745 3485 1948 3554 Optimi
1963 3479 2132 3536 codd.
2151 3484 2443 3534 omiserunt

315 3563 467 3614 nitur
486 3559 815 3612 abstinentia.
843 3561 923 3613 cf.
958 3559 1023 3612 sd
1055 3559 1183 3614 Caes.
1215 3580 1334 3632 cap.
1424 3566 1668 3636 ineptum
1695 3561 1990 3633 glossema,
2021 3561 2104 3613 vel
2127 3563 2182 3612 in
2205 3563 2442 3632 margine

316 3639 419 3708 54,
448 3641 566 3692 init.
1426 3657 1632 3695 tantum
1653 3652 1946 3694 servarunt.
1968 3640 2213 3706 Evocati,
2239 3639 2309 3693 dc
2329 3642 2444 3711 qui-

393 3739 444 3773 2.
492 3721 670 3772 Petro.
711 3718 854 3772 Male
896 3718 985 3772 alii
1033 3721 1334 3784 Petronius,
1424 3722 1525 3776 bus
1557 3721 1674 3774 vide
1704 3718 1772 3772 ad
1807 3719 1962 3773 calb.
1997 3736 2088 3784 ιο,
2125 3716 2313 3772 iisdem
2338 3719 2442 3771 ho-

315 3799 471 3874 quod
498 3819 609 3850 non
648 3817 947 3870 cognomen
980 3815 1086 3866 est,
1115 3799 1211 3852 sed
1238 3818 1333 3852 no·
1424 3801 1648 3855 non-ibus
1677 3799 2084 3872 insignibusque
2120 3798 2439 3862 utebantur,

314 3898 461 3933 men.
483 3909 549 3918 -
572 3881 651 3931 De
672 3879 858 3947 Beate,
882 3878 1084 3952 oppido
1109 3877 1335 3932 Sabino-
1425 3894 1477 3932 et
1506 3881 1728 3933 omnino
1755 3877 1938 3932 eadem
1968 3877 2227 3950 dignitate
2257 3893 2439 3945 erant,

316 3975 467 4022 rum,
508 3953 625 4008 vide
656 3955 846 4009 Cellsr.
876 3958 1073 4029 Geogr.
1106 3961 1226 4008 Ant.
1260 3959 1333 4020 11,
1424 3976 1532 4030 qua
1551 3958 1935 4022 Centuriones,
1959 3969 2017 4007 ut
2036 3953 2201 4021 adeo,
2219 3973 2328 4026 quo
2349 3974 2440 4008 no-

314 4054 381 4106 9,
408 4055 529 4108 pag.
560 4035 681 4104 778.
1424 4039 1565 4089 mine
1583 4036 1761 4090 iocum
1781 4034 1932 4088 illum
1953 4037 2008 4088 in
2024 4034 2212 4088 militia
2235 4037 2438 4088 tenuis·

388 4116 444 4168 3.
486 4116 729 4170 Centurio
771 4135 843 4167 an
878 4117 1159 4168 Evocatus.
1199 4113 1332 4178 Alii,
1424 4127 1504 4168 set
1520 4115 1759 4180 Flavius,
1783 4116 1972 4168 seriori
1997 4113 2242 4185 scriptori
2265 4116 2436 4166 incer-

302 4198 426 4249 sine
466 4195 633 4248 dubio
660 4214 721 4248 ex
750 4196 1069 4266 ignorantia,
1098 4191 1227 4266 quid
1247 4211 1335 4248 vn·
1425 4208 1536 4246 tum
1563 4212 1677 4248 esse
1699 4207 1899 4264 posset.
