3050 5004
704 460 827 505 ιιι
892 478 903 485 -
1444 435 1519 499 C.
1573 434 2046 502 SUETONII

692 588 811 635 rus
848 561 1151 633 edixerat
1166 612 1185 645 ‚
1228 590 1257 623 a
1278 558 1467 629 velut
1498 558 1588 627 ad
1627 559 1924 629 subitam
1959 557 2473 656 condictamque
2487 558 2540 601 ¹³
2569 578 2804 631 coenu-

692 674 833 745 lam
870 674 1155 741 invitare
1196 694 1273 739 se
1320 668 1673 763 populum.
1703 702 1732 733 n
1785 676 1924 739 Nec
1967 669 2112 738 ullo
2151 671 2516 763 spectaculi
2533 750 2540 756 ,
2557 696 2806 764 genere

689 780 1183 855 communior¹4
1206 797 1325 849 aut
1344 784 1692 851 remissior
1719 797 1893 865 erat,
1916 780 2120 863 adeo,
2144 797 2224 848 ut
2246 779 2508 850 oblatos
2533 786 2808 851 victori·-

694 896 823 965 bus
846 916 1089 963 aureos
1110 946 1127 975 ,
1156 891 1423 986 prolata
1444 894 1717 961 sinistra
1739 894 1992 985 puriter
2013 911 2171 959 cum
2194 890 2401 983 vulgo
2416 942 2433 975 ,
2460 915 2624 961 voce
2646 892 2810 986 digi-

694 1012 917 1103 tisque
944 1021 1370 1087 numeraret,
1400 1025 1481 1072 ac
1506 1028 1689 1098 saepe
1713 1002 2048 1073 hortando
2072 1003 2510 1100 rogandoque
2535 1004 2623 1074 ad
2644 1005 2811 1074 hila-

696 1122 963 1187 ritatem
1001 1115 1310 1207 homines
1352 1132 1756 1209 provocaret
1773 1168 1790 1199 ,
1834 1117 2122 1183 dominos
2159 1114 2528 1184 identidem
2571 1116 2809 1210 appel-

572 1254 581 1263 ·
692 1229 879 1311 lans,
908 1228 1229 1295 immixtis
1252 1226 1597 1294 interdum
1618 1225 1878 1318 frigidis
1903 1242 1973 1294 et
1991 1228 2328 1295 arcessitis
2349 1222 2554 1319 jocis:
2587 1225 2808 1321 qualis

668 1358 675 1363 ·
696 1352 832 1422 est,
862 1338 1000 1407 ut¹⁵
1024 1362 1239 1433 quum
1256 1335 1663 1404 Palumbum
1682 1336 2184 1429 postulantibus
2198 1389 2217 1421 ,
2249 1368 2277 1398 α
2297 1337 2618 1405 daturum
2637 1360 2710 1404 se
2725 1390 2743 1419 ‚
2769 1366 2799 1399 υ

696 1450 1039 1541 promisit,
1092 1476 1121 1508 οι
1144 1450 1201 1515 si
1245 1462 1487 1539 captus
1528 1462 1726 1515 esset.
1753 1476 1782 1508 n
1833 1444 2013 1515 Illud
2056 1446 2261 1540 plane
2304 1444 2807 1543 ²⁶quantumvis

696 1559 1059 1629 salubriter
1086 1576 1155 1627 et
1178 1561 1251 1627 in
1282 1574 1628 1651 tempore:
1657 1582 1874 1653 quum
1898 1558 2244 1646 ‚essedario
2261 1612 2281 1643 ,
2309 1584 2438 1654 pro
2469 1578 2610 1655 quo
2639 1582 2808 1655 qua-

698 1686 855 1739 tuor
876 1670 997 1739 filii
1027 1668 1593 1763 deprecabantur,
1621 1693 1870 1762 magno
1897 1674 2203 1739 omnium
2233 1670 2461 1739 favore
2489 1668 2810 1739 indulsis-

699 1800 803 1853 set
844 1782 1089 1851 rudem
1107 1836 1124 1868 ,
1173 1781 1477 1850 tabulam
1516 1780 1701 1849 illico
1747 1784 1966 1867 misit,
2012 1782 2386 1851 admonens
2433 1782 2770 1877 populum
2789 1834 2808 1865 ‚

706 1928 736 1959 a
760 1913 1016 1992 quanto
1042 1912 1250 1988 opere
1276 1894 1528 1963 liberos
1553 1897 1896 1989 suscipere
1917 1893 2197 1964 deberet
2212 1950 2229 1980 ‚
2262 1919 2434 1993 quos
2460 1894 2718 1965 videret
2739 1912 2814 1963 et

700 2005 1049 2099 gladiatori
1092 2004 1405 2099 praesidio
1439 2008 1805 2101 gratiaeque
1842 2031 2011 2075 esse.
2040 2038 2068 2069 n
2106 2004 2332 2075 Edidit
2358 2025 2424 2076 et
2457 2009 2530 2075 in
2557 2006 2810 2074 Martio

699 2140 941 2210 campo
974 2105 1544 2210 expugnaiionem
1571 2114 2155 2213 direptionemque
2183 2117 2479 2211 oppidi¹⁷
2517 2115 2606 2185 ud
2637 2118 2811 2184 imn-

700 2231 927 2321 ginem
955 2227 1302 2312 bellicam,
1332 2246 1401 2296 et
1421 2228 1834 2298 deditionem
1865 2233 2226 2300 Britanniae
2253 2254 2522 2325 regum,
2555 2250 2812 2323 praese-

698 2479 883 2520 tantur
930 2464 1249 2540 appellavit,
1300 2464 1383 2522 vel
1434 2466 1712 2538 corrigunt

700 2565 825 2598 cum
850 2548 1033 2618 Lipsio
1060 2545 1343 2620 appellari.
1374 2545 1478 2600 Sed
1504 2549 1712 2618 primus

1799 2471 2118 2526 incuriosior
2139 2468 2195 2521 h.
2226 2468 2263 2522 1.
2287 2468 2392 2522 fuit
2418 2468 2692 2540 scriptoris
2717 2468 2814 2522 sti-

1797 2549 1898 2602 lus.
1920 2551 2164 2621 Frigidus
2183 2551 2440 2622 Principis
2451 2551 2612 2620 jocus
2629 2551 2684 2600 in
2710 2551 2815 2601 Pa-

699 2629 775 2680 ita
811 2626 1107 2699 appellavit
1140 2625 1395 2678 Claudius
1432 2644 1497 2677 ex
1535 2627 1712 2678 imita-

698 2710 847 2760 tione
885 2707 1125 2758 ciborum
1143 2743 1161 2770 ‚
1198 2706 1293 2758 ubi
1331 2705 1586 2777 sportulae
1625 2724 1711 2757 re-

701 2799 797 2838 cto
820 2804 979 2838 θωπι-
1002 2798 1371 2857 opponuntur.

778 2884 797 2917 ι
808 2867 861 2920 3.
882 2867 1311 2938 Condictamque3
1323 2863 1503 2918 subito
1516 2883 1711 2938 nempe

700 2945 770 2998 ab
800 2947 1017 3005 amici„
1044 2945 1189 2997 haud
1217 2943 1311 2996 diu
1338 2959 1707 3016 praeparatam.

782 3040 799 3074 ι
810 3025 861 3090 4.
884 3024 1240 3094 communior.
1250 3025 1393 3078 Male
1409 3023 1477 3076 al.
1494 3028 1709 3078 comior.

1801 2629 1967 2684 lumbi
1982 2630 2291 2700 gladiatoris
2311 2631 2556 2695 nomine,
2577 2629 2724 2702 quod
2737 2628 2814 2683 ud

1800 2728 1952 2762 avem
1967 2710 2204 2781 ejusdem
2220 2710 2452 2762 nominis
2473 2709 2764 2762 deflecteha
2771 2722 2811 2763 t.

1879 2790 1962 2842 16.
1981 2789 2680 2863 Illudplanequantumm's,
2701 2802 2809 2841 etc.

1799 2868 1984 2921 Deleri
2027 2885 2240 2920 comma
2279 2881 2404 2941 post
2440 2867 2621 2940 plane.
2667 2867 2815 2940 Sup-

1801 2946 1950 3018 plent
1968 2945 2236 3019 friqidum
2266 2947 2346 3000 vel
2380 2947 2669 3000 arcessitum
2701 2957 2810 3012 est,

1803 3027 1950 3098 quod
1979 3045 2090 3078 non
2123 3028 2318 3100 placet.
2344 3029 2459 3079 Imo
2487 3045 2596 3080 uno
2627 3025 2814 3098 frigidi

700 3103 858 3156 Illum
880 3103 1049 3155 Graeci
1072 3123 1238 3170 ιοιιος,
1266 3103 1335 3156 ιὰ
1354 3102 1563 3156 literam
1581 3121 1710 3171 nos,
1795 3109 1908 3178 joci
1935 3107 2180 3180 exemplo
2200 3106 2486 3160 defunctus
2513 3119 2702 3158 auctor
2723 3105 2816 3158 ud·

701 3201 775 3238 tm
797 3183 1007 3235 homme
1024 3199 1294 3234 commun.
1316 3183 1620 3236 Communis
1639 3196 1714 3235 ta-

702 3283 853 3331 men,
882 3263 987 3316 hoc
1016 3277 1122 3330 est,
1150 3268 1247 3336 qui
1280 3264 1348 3316 ad
1370 3283 1712 3317 communem

700 3343 935 3396 laetitiam
962 3342 1210 3416 vulgique
1240 3342 1419 3396 studia
1440 3363 1498 3396 se
1525 3342 1712 3396 demit·

701 3435 867 3490 teret,
896 3423 1089 3493 majori
1116 3441 1241 3475 cum
1268 3422 1431 3476 laude
1466 3441 1584 3475 esse
1610 3441 1713 3495 po-

702 3517 870 3570 terat,
900 3523 1059 3574 quam
1089 3505 1345 3571 remissus,
1376 3503 1431 3555 h.
1458 3522 1504 3556 e.
1535 3502 1712 3574 digni-

703 3587 826 3638 tatis
849 3601 957 3636 suae
981 3597 1143 3656 atque
1166 3583 1350 3636 decori
1372 3601 1592 3656 prorsus
1615 3587 1714 3636 im·-

703 3675 929 3730 iuemor‚
949 3665 1025 3715 ita
1046 3674 1108 3713 ut
1130 3663 1395 3716 sinistram
1418 3675 1544 3734 toga
1567 3681 1713 3715 erse·

704 3757 875 3810 reret,
902 3742 1051 3815 quod
1086 3753 1276 3814 turpe,
1304 3755 1357 3794 et
1389 3761 1485 3813 per
1515 3740 1712 3812 digitos

702 3838 1041 3892 numeraret,
1072 3822 1257 3876 addito
1284 3841 1417 3876 voce
1452 3841 1711 3892 numero,

706 3904 849 3976 quod
876 3903 1091 3956 incultae
1112 3901 1260 3975 plebi
1278 3901 1393 3954 fleri
1414 3901 1569 3954 solet.

784 3983 865 4036 16.
906 3982 1090 4052 Qualis
1110 3995 1211 4050 απ,
1240 3994 1325 4046 ut,
1352 3993 1455 4034 etc.
1482 3983 1600 4034 Nisi
1619 3981 1712 4034 ad·

705 4062 889 4114 diticia
923 4077 1047 4115 sunt
1081 4083 1201 4116 voc.
1240 4061 1413 4136 qualis
1444 4075 1553 4129 est,
1594 4064 1716 4134 qui-

706 4139 813 4194 bus
840 4140 1161 4214 explicatum
1192 4149 1331 4214 puto
1362 4156 1594 4214 sequens
1621 4154 1708 4208 ut,

1801 3186 1906 3258 dit,
1925 3186 2058 3238 illud
2081 3187 2342 3259 (quidem)
2361 3185 2528 3260 plane
2546 3185 2601 3237 h.
2625 3205 2671 3238 e.
2693 3189 2813 3239 sine

1801 3265 1970 3318 dubio
1988 3305 2006 3332 ,
2043 3279 2188 3318 certe
2215 3264 2344 3337 (nisi
2375 3263 2658 3336 legendum
2687 3281 2816 3317 sane

1802 3359 1926 3398 eum
1953 3345 2122 3418 altero
2152 3344 2316 3412 libro,
2351 3343 2500 3416 quod
2527 3343 2814 3415 praestat),

1799 3425 2164 3498 quantumvis,
2197 3423 2253 3476 h.
2285 3441 2333 3476 e.
2365 3423 2520 3476 valde
2543 3421 2819 3476 salubriter

1801 3513 1854 3555 et
1901 3504 1960 3556 in
2007 3513 2236 3576 tempore
2287 3503 2418 3554 feeit
2465 3503 2780 3573 monuitque
2796 3539 2814 3568 ‚

1802 3598 1968 3654 quum
1983 3619 1999 3648 ‚
2023 3594 2124 3633 etc.
2147 3583 2304 3633 Hunc
2321 3597 2477 3633 usum
2498 3597 2616 3631 voc.
2641 3595 2813 3651 quan-

1803 3662 1994 3714 tumvis
2017 3661 2340 3714 confirmant
2365 3660 2472 3712 loci
2497 3657 2664 3730 Galig.
2707 3657 2778 3711 53
2793 3697 2812 3725 ,

1802 3741 2138 3812 φιαηιιιηιυίι
2153 3738 2424 3810 faciendus
2459 3748 2510 3789 et
2541 3745 2814 3809 promeret,

1803 3832 1858 3872 et
1881 3817 2068 3871 Claud.
2105 3835 2166 3870 ιο
2182 3857 2199 3886 ,
2227 3819 2559 3892 quantumvis
2579 3815 2818 3869 mirabili

1802 3917 1943 3954 casu.
1961 3927 2036 3939 -
2053 3901 2136 3951 De
2157 3899 2299 3951 rudis
2316 3897 2576 3950 beneflcio
2595 3897 2720 3950 vide
2745 3896 2815 3949 ad

1801 3976 1977 4032 Tiber.
2009 3997 2129 4050 cap.
2162 3996 2211 4048 7.

1879 4073 1960 4129 ¹7·
1997 4059 2181 4111 Edidit
2209 4067 2338 4112 et...
2368 4057 2814 4134 expuqnationem

1801 4140 2245 4212 diruptimiemqw
2275 4137 2482 4212 oppidi,
2517 4137 2619 4188 eie.
2645 4137 2814 4188 Perti-
