3050 5004
610 473 743 540 332
1362 475 1435 539 C.
1486 466 1961 543 SUETON'H

594 604 853 693 accepit
876 627 891 668 :
916 614 1243 694 praeterea
1266 600 1700 669 consulatum
1713 600 1774 683 ⁶,
1795 624 1998 695 quem
2025 602 2232 693 gessit
2251 624 2376 695 per
2398 599 2574 670 duos
2599 626 2715 671 no-

596 713 906 780 vissimos
920 714 1082 780 anni
1102 735 1375 782 menses
1391 740 1406 781 :
1424 713 1728 783 medium
1743 729 2037 807 tempu5‚
2055 712 2142 781 ad
2157 712 2712 807 proconsulatum

595 847 815 919 usque
828 878 847 908 ‚
864 827 934 891 in
950 828 1086 893 otio
1106 848 1513 921 secessuque
1534 831 1670 919 egit
1682 880 1701 911 ,
1723 827 2164 920 Agrippinam
2181 828 2427 894 timens
2443 878 2460 908 ,
2477 842 2710 918 poten·

594 950 735 1003 tem
756 934 981 1005 adhuc
1002 936 1185 1029 apud
1208 936 1426 1005 filium
1440 988 1459 1018 ,
1482 952 1552 1005 et
1571 936 1878 1005 defuncti
1901 959 2175 1032 quoque
2197 937 2528 1003 Narcissi7
2549 938 2714 1004 ami-

594 1067 713 1113 cos
732 1038 1068 1139 perosam.
1090 1048 1263 1113 Exin
1282 1048 1562 1115 sortitus
1580 1044 1946 1127 Africamss,
1965 1048 2396 1138 integerrime
2413 1070 2541 1113 nec
2565 1048 2710 1115 siue

592 1180 841 1249 magna
880 1155 1269 1252 dignatione
1283 1174 1314 1221 9
1348 1157 1884 1239 administravit;
1923 1160 2052 1227 nisi
2097 1158 2286 1253 quod
2329 1155 2708 1255 Adrumeti‚

592 1263 921 1335 seditione
945 1266 1243 1361 quadam
1257 1319 1276 1350 ,
1296 1291 1461 1361 rapa
1482 1270 1554 1335 in
1578 1292 1738 1335 eum
1753 1265 1935 1361 jacta
1959 1284 2138 1336 sunt.
2167 1266 2390 1336 Rediit
2405 1282 2590 1337 certe
2611 1269 2710 1335 ni-

588 1374 732 1444 hilo
758 1377 1174 1470 opulentior,
1212 1394 1289 1445 ut
1322 1377 1469 1472 qui,
1501 1400 1719 1470 prope
1751 1375 2082 1445 labefacta
2110 1372 2252 1470 jam
2284 1374 2454 1459 fide,
2477 1378 2706 1445 omnia

587 1484 842 1579 praedia
888 1488 1077 1557 fratri
1114 1488 1427 1581 obligarit
1450 1497 1532 1570 ¹⁰,
1569 1489 2088 1584 necessarioque
2133 1486 2223 1555 ad
2267 1488 2704 1579 mangonicos

589 1616 891 1696 quaestus
916 1597 1331 1668 sustinendae
1350 1600 1694 1692 dignitatis
1713 1624 1919 1669 causa
1941 1597 2366 1667 descenderit
2388 1626 2404 1665 ε
2425 1615 2703 1692 propter

588 1709 773 1808 quod
796 1711 1005 1805 vulgo
1036 1711 1252 1780 Mulio
1277 1711 1648 1780 vocabatur
1667 1722 1682 1750 ¹
1697 1722 1710 1751 ²
1725 1764 1740 1779 .
1769 1715 2134 1781 Convictus
2157 1733 2432 1805 quoque
2457 1709 2704 1779 dicitur

656 1949 709 2002 6.
752 1952 1007 2005 Proetem
1044 1950 1373 2005 comiatum
1382 1975 1401 2015 ,·
1431 1955 1495 2005 Δ.
1528 1955 1594 2005 U.
1693 1954 1918 2027 impiqer
1940 1953 2114 2025 Afros.
2141 1950 2248 2007 Sed
2271 1964 2556 2025 poetarum
2581 1950 2702 2003 lau·-

582 2030 718 2097 804,
748 2031 894 2084 unde
918 2031 1121 2085 Consul
1152 2047 1269 2087 erat
1292 2031 1599 2107 designatus
1687 2033 1783 2088 des
1807 2034 1938 2087 nihil
1961 2035 2168 2087 faciunt
2189 2032 2260 2085 ad
2281 2030 2576 2085 historiam.

580 2127 765 2163 mense
782 2110 1011 2165 Octobri
1034 2111 1274 2183 ejusdem
1298 2114 1441 2165 anni.
1459 2112 1597 2178 Vide
1765 2131 1846 2170 ιο.
1875 2114 1947 2168 Ue
1958 2112 2110 2186 qui...
2129 2112 2312 2167 omnia
2324 2110 2524 2184 predia
2531 2109 2701 2181 fratri

582 2192 783 2243 Domit.
822 2208 867 2257 ι,
892 2206 947 2245 et
970 2193 1040 2245 cf.
1068 2191 1214 2263 Pigh.
1239 2192 1435 2247 Annal.
1460 2207 1591 2247 tom.
1687 2192 1947 2269 obliyarit.
1967 2192 2136 2245 Tacit.
2159 2190 2290 2243 nist.
2311 2191 2405 2257 111,
2423 2188 2516 2256 65,
2538 2210 2562 2237 ιι
2579 2186 2698 2240 Fla-

580 2272 681 2335 111,
702 2289 827 2343 pag.
850 2270 975 2340 584.
1686 2273 1803 2325 vius
1829 2271 2084 2339 Sabinus,
2113 2282 2266 2321 aetate
2283 2270 2450 2341 prior,
2475 2268 2696 2339 privatis

652 2368 704 2423 7.
750 2351 1021 2423 Defuncti.
1038 2389 1049 2403 .
1066 2392 1079 2405 .
1116 2350 1352 2406 Narcissi
1368 2372 1389 2413 ‚-
1436 2370 1596 2423 quem
1683 2353 1960 2424 utriusque
1975 2350 2162 2415 rebus,
2187 2351 2508 2403 auctoritate
2527 2364 2697 2419 pecu-

576 2432 875 2505 Agrippina
898 2430 967 2483 ad
996 2444 1222 2483 mortem
1252 2431 1433 2504 adegit
1464 2451 1590 2485 ann.
1683 2431 1878 2501 niaque
1910 2430 2300 2502 Vespasianum
2335 2425 2592 2480 anteibat.
2627 2428 2698 2479 Et

576 2511 702 2582 807.
728 2512 885 2565 Conf.
910 2511 1084 2564 Tacit.
1118 2512 1314 2565 Annal.
1342 2513 1490 2578 xm,
1535 2528 1592 2576 ις

577 2591 715 2656 Dio,
738 2588 829 2642 Lx
843 2627 861 2656 ,
888 2589 977 2657 34.

648 2670 699 2723 8.
738 2671 880 2722 Exin
903 2669 1109 2724 sortitus
1136 2670 1407 2742 Africam3
1431 2671 1495 2722 A.
1520 2673 1588 2722 U.

573 2746 708 2813 816,
738 2747 797 2800 C.
822 2748 1077 2800 Memmio
1112 2747 1343 2816 Regulo,
1366 2747 1427 2799 L.
1456 2750 1592 2800 Ver-

574 2828 723 2898 ginio
751 2827 893 2880 Rufo
919 2827 1101 2892 Coss.,
1126 2829 1213 2878 cui
1237 2842 1379 2877 anno
1401 2823 1591 2880 saltem

572 2906 762 2958 tribuit
772 2910 817 2977 ej
824 2924 887 2958 us
896 2905 1339 2978 proconsulatum
1352 2905 1587 2978 Pighius,

575 3001 705 3040 tom.
733 2988 833 3052 111,
858 3005 915 3057 p.
943 2986 1064 3057 597.

640 3083 694 3136 9.
730 3065 1075 3138 Integer-rime
1110 3083 1203 3118 nec
1241 3065 1353 3118 sine
1388 3083 1586 3140 maqna

568 3146 901 3218 diqnatione,
918 3157 1018 3198 etc.
1041 3144 1239 3198 Contra
1260 3144 1430 3199 Tacit.
1448 3149 1582 3200 nist.

566 3229 642 3294 n,
693 3243 795 3297 97„
823 3228 1095 3299 famosum
1147 3225 1477 3299 invisumque
1520 3227 1586 3280 il-

567 3305 637 3358 lie
692 3303 1135 3379 proconsulatum
1192 3307 1584 3376 Vespasianum

566 3388 738 3458 egisse
752 3386 882 3438 dicit
892 3425 908 3452 ,
924 3385 1017 3438 sed
1031 3382 1303 3440 Vitellium
1328 3385 1585 3458 integrum

566 3483 631 3520 ac
660 3466 1041 3538 favorabilem.
1084 3465 1217 3518 Tam
1264 3463 1470 3518 diversa
1515 3465 1586 3520 de

566 3547 883 3617 praesidibus
912 3546 1251 3600 subditorum
1277 3559 1401 3598 sunt
1430 3545 1584 3617 judi-

566 3627 677 3690 eia,
707 3639 769 3679 ut
794 3628 847 3678 in
874 3625 1153 3678 historiam
1177 3627 1335 3679 etiam
1363 3643 1584 3697 prorsus

564 3707 833 3760 contraria
853 3719 1149 3759 transeant.
1164 3707 1372 3776 Nempe
1386 3708 1584 3777 Vespa-

563 3789 773 3852 sianus,
798 3789 1009 3859 integer
1034 3787 1163 3840 alias
1188 3800 1244 3840 et
1264 3784 1501 3858 probus,
1524 3787 1580 3837 in

562 3869 840 3939 provincia
860 3866 1235 3920 abstinentiam
1248 3901 1267 3932 ,
1287 3881 1396 3935 qua
1416 3864 1583 3934 Impe-

563 3959 709 4000 rator
723 3949 879 4000 etiam
896 3947 1094 4014 carnit,
1112 3962 1307 4018 parum
1323 3941 1580 4014 probasse

561 4025 775 4080 videtur
799 4049 813 4078 ι
850 4025 1096 4079 homines
1135 4025 1317 4078 omnia
1354 4020 1580 4096 perdere

562 4104 769 4158 malunt
790 4145 809 4172 ,
856 4125 1013 4179 quam
1064 4105 1371 4176 pecuniam.
1420 4102 1578 4156 Silius

472 4209 483 4219 ·
558 4183 676 4238 Ital.
699 4185 799 4254 111,
820 4183 951 4257 599,
970 4183 1036 4236 de
1054 4183 1419 4256 Vespasiano,
1440 4193 1578 4256 reget

1683 2510 2262 2564 credebam-affectam
2273 2512 2388 2580 ejus
2401 2506 2562 2559 tidem
2569 2525 2694 2578 pra·

1675 2592 1908 2662 juvisse,
1937 2591 2094 2645 domo
2120 2590 2359 2662 agrisque
2375 2587 2589 2660 piqnori
2607 2604 2696 2639 ae-

1681 2669 1856 2739 ceptis.
1877 2691 1902 2716 n
1935 2668 2180 2721 Ceterum
2205 2665 2451 2737 obligarit
2471 2667 2691 2717 omnino

1678 2747 2066 2818 praeferendum
2091 2747 2162 2798 al.
2185 2745 2461 2820 obliquat,
2491 2741 2694 2818 obliga·

1681 2838 1784 2895 rat,
1813 2839 1866 2880 et
1895 2825 2168 2899 obliqavit.
2197 2826 2367 2878 Unice
2389 2825 2534 2876 enim
2555 2841 2690 2874 con-

1675 2906 1821 2958 venit
1852 2906 1974 2958 usui
2009 2905 2266 2958 Suetonii.
2303 2900 2424 2956 Alia
2461 2918 2548 2954 res
2577 2914 2692 2955 erat

1674 2983 1854 3037 Vitell.
1889 2986 1924 3038 6
1951 2985 2008 3036 in
2037 2983 2310 3049 hausisset,
2335 2980 2430 3034 ubi
2461 2999 2547 3034 nes
2576 2993 2692 3034 erat

1675 3065 1913 3130 incerta,
1952 3077 2006 3116 et
2043 3077 2104 3116 nt
2141 3065 2338 3116 incerta
2369 3061 2439 3115 ab
2465 3073 2688 3114 auctore

1675 3157 2108 3197 commemorata.
2127 3142 2206 3196 lbi
2221 3142 2445 3194 hauserit
2455 3159 2566 3192 non
2583 3158 2688 3192 ma·

1672 3225 1752 3294 gis
1777 3238 1917 3277 stare
1942 3235 2182 3295 poterat,
2217 3239 2375 3292 quam
2398 3218 2454 3270 h.
2477 3216 2514 3269 l.
2547 3217 2687 3270 obla·-

1672 3317 1828 3380 qamt
1849 3303 1932 3356 vel
1955 3299 2255 3374 obligasset.
2635 3325 2640 3330 -

1753 3400 1774 3434 1
1789 3400 1832 3436 ι.
1861 3384 2085 3453 Propter
2108 3379 2306 3454 quod...
2329 3375 2508 3430 Mulio
2537 3394 2685 3428 voca-

1677 3465 1840 3520 batur.
1872 3462 1949 3514 lta
1985 3457 2258 3514 Ventidius
2287 3453 2462 3508 Mulio
2492 3453 2688 3508 dieitur

1675 3561 1704 3614 ξι
1729 3543 1838 3594 Cic.
1865 3539 1932 3593 ad
1965 3541 2080 3592 Div.
2109 3539 2188 3604 X,
2213 3536 2304 3600 18,
2325 3533 2378 3585 h.
2413 3551 2458 3586 e.
2490 3535 2582 3606 qui
2608 3535 2688 3586 vi-

1672 3635 1816 3676 ctum
1841 3617 2220 3691 comparandis
2245 3614 2404 3667 mulis
2437 3615 2684 3685 farreque

1671 3701 1728 3752 in
1765 3713 1936 3754 castra
1979 3693 2328 3752 convehendo
2371 3691 2684 3746 adolescens

1671 3782 1772 3834 sibi
1800 3791 2231 3853 comparaverat,
2268 3789 2330 3828 ut
2363 3773 2701 3846 interpreta-‘

1672 3873 1758 3914 tur
1791 3861 2096 3927 Manutius,
2131 3858 2378 3929 idemque
2417 3872 2448 3908 a
2475 3853 2684 3924 Plinio,

1669 3942 1804 3994 fflst.
1831 3942 1953 3994 Nat.
1980 3940 2101 4005 vn,
2123 3937 2191 4004 43
2221 3935 2380 4007 (44),
2401 3931 2571 3986 mulio
2594 3953 2684 3986 ce-

1667 4017 1873 4072 strensis
1899 4015 2277 4089 ,raffau-rancus.
2302 4013 2535 4079 Gellius,
2564 4013 2680 4080 XV,

1671 4098 1730 4166 4,
1755 4100 1924 4152 fusius
1945 4110 2124 4150 narrat
2138 4135 2154 4164 ,
2173 4113 2296 4148 eum
2322 4115 2346 4140 ι
2359 4096 2558 4146 victum
2579 4091 2680 4145 sibi

1669 4196 1804 4250 aegre
1833 4177 2162 4251 quasivisse,
2197 4192 2428 4246 eumque
2463 4169 2678 4226 sordide
