3050 5004
1029 514 1710 589 ,vasrAsiAan
2304 514 2438 604 359

328 663 543 734 quum
590 662 801 732 super
844 654 1200 730 urgentem
1238 638 1698 707 valetudinem
1733 638 2148 708 creberrimo
2181 640 2442 733 frigidae

324 776 528 846 aquae
549 750 721 821 usu³
758 754 961 819 etiam
988 754 1302 819 intestina
1329 754 1660 836 vitiasset,
1691 776 1818 821 nec
1845 776 1928 821 eo
1953 756 2188 821 minus·
2207 776 2445 821 mune-

326 861 515 931 ribus
552 864 997 955 imperatoriis
1030 882 1113 930 ex
1144 863 1635 931 consuetudine
1673 863 2100 958 fungeretur,
2130 880 2210 931 ut
2241 867 2444 933 etiam

324 972 696 1066 legationes
738 969 1005 1040 audiret
1038 972 1330 1057 cubans,
1367 971 1521 1042 alvo
1563 991 1844 1068 repente
1883 998 2100 1070 usque
2136 974 2225 1042 ad
2260 974 2454 1063 defe-¹

324 1086 619 1151 ctionem
667 1081 921 1167 soluta,
982 1087 1556 1177 «Imperatorem,
1589 1116 1616 1145 n
1679 1088 1805 1169 ait,
1871 1116 1898 1147 α
1924 1100 2218 1155 stantem
2270 1088 2450 1154 mori

326 1212 641 1287 oportere
654 1192 705 1262 4.
736 1225 765 1257 n
805 1200 1123 1289 Dumque
1150 1198 1546 1288 ‚consurgin
1583 1220 1666 1263 ae
1691 1199 1963 1279 nititur,
1992 1199 2170 1265 inter
2197 1200 2446 1265 manus

328 1303 831 1372 sublevantium
867 1307 1237 1373 exstinctus
1277 1322 1412 1390 est,
1448 1308 1543 1373 IX
1575 1305 1912 1375 Kalendas
1953 1306 2149 1407 Julii,
2186 1330 2448 1377 annum

286 1486 293 1497 ,
330 1417 613 1506 gerens⁵
648 1418 863 1485 aetatis
901 1420 1394 1509 sexagesimum
1426 1441 1509 1486 ac
1543 1442 1842 1502 nonum,
1881 1443 2224 1513 superque
2259 1442 2452 1487 men-

332 1548 478 1592 sem
504 1550 585 1593 ae
616 1524 795 1592 diem
824 1529 1210 1619 septimum.

428 1641 633 1703 XXV.
682 1641 1014 1705 Convenit
1040 1641 1216 1706 inter
1234 1662 1483 1707 omnes
1503 1692 1520 1719 ,
1551 1656 1688 1707 tam
1725 1654 1990 1707 certum
2021 1665 2180 1707 eum
2206 1639 2293 1708 de
2327 1665 2454 1708 sua

331 1771 756 1844 suorumque
794 1751 1103 1839 genitura
1142 1774 1411 1843 semper
1450 1751 1695 1833 fuisse,
1739 1767 1815 1818 ut
1851 1766 2011 1844 post
2043 1749 2348 1819 assiduas
2382 1754 2450 1819 in

334 1882 411 1925 se
443 1856 945 1950 conjurationes
982 1886 1189 1929 ausus
1223 1866 1310 1930 sit
1338 1862 1678 1930 affirmare
1711 1867 2025 1945 Senatui,
2072 1894 2100 1924 α
2127 1880 2246 1930 aut
2281 1861 2453 1931 filios

335 1966 465 2034 sibi
502 1993 937 2039 successuros
960 2024 976 2054 ,
1016 1989 1134 2040 aut
1168 1977 1511 2041 neminem
1535 1984 1580 2041 ¹.
1607 2005 1634 2035 n
1675 1975 1933 2041 Dicitur
1969 1977 2172 2042 etiam
2205 1974 2452 2043 vidisse

337 2077 689 2172 quondam
722 2105 845 2173 per
874 2083 1173 2175 quietem
1210 2098 1532 2151 stateram
1562 2086 1634 2151 in
1665 2084 1888 2152 media
1919 2103 2112 2179 parte
2141 2083 2456 2154 vestibuli

340 2189 660 2257 Palatinae
690 2189 937 2259 domus
965 2196 1252 2284 positam
1287 2196 1595 2261 examine
1629 2218 1864 2289 aequo;
1899 2220 2114 2289 quum
2143 2198 2214 2263 in
2245 2195 2456 2264 altera

338 2298 535 2368 lance
577 2300 899 2373 Claudius
951 2321 1017 2370 et
1062 2308 1241 2371 Nero
1290 2320 1578 2385 starent,
1626 2308 1697 2371 in
1741 2305 1952 2372 altera
1997 2310 2142 2398 ipse
2187 2330 2267 2374 ac
2312 2306 2451 2373 filii.

410 2541 461 2592 3.
502 2542 813 2594 Creberrt‘mo
824 2543 1045 2616 friqidoe
1064 2562 1213 2617 aquoe
1236 2563 1347 2596 usu.

334 2619 473 2672 Plin.
504 2623 570 2672 H.
598 2622 669 2672 N.
693 2621 895 2687 XXXI,
928 2638 990 2674 2:
1022 2643 1044 2668 a
1064 2621 1267 2674 Cutiliae
1295 2625 1349 2673 in

332 2699 541 2752 Sabinis
569 2699 899 2774 qelidissimoe
928 2713 1084 2754 suctu
1117 2702 1351 2773 quodam

334 2797 565 2850 corpora
582 2777 865 2844 invadunt,
882 2794 943 2832 ut
955 2799 1127 2852 prope
1144 2799 1351 2833 morsus

334 2859 506 2910 videri
525 2853 695 2930 possit
706 2897 724 2925 ,
742 2861 1025 2930 aptissimae
1040 2860 1319 2920 ‘stomacho
1330 2897 1348 2922 ,

332 2941 539 3003 nervis,
562 2941 813 2992 universo
836 2941 1067 3011 corpori.
1091 2964 1114 2989 a
1148 2941 1231 2994 cf.
1260 2943 1351 2992 vi-

337 3032 475 3071 truv.
502 3019 648 3085 vm,
677 3019 729 3072 3.

410 3103 463 3165 4.
501 3099 934 3171 Imperatorem...
966 3108 1187 3152 stantem
1216 3102 1354 3153 mori

334 3189 589 3249 oportere.
609 3177 691 3231 cf.
711 3177 914 3250 Xiphil.
936 3177 972 3230 l.
995 3196 1041 3229 c.
1063 3178 1241 3231 Aurel.
1263 3181 1351 3230 Vi·

336 3268 479 3322 ctor,
502 3258 642 3328 Epic.
665 3276 731 3327 9,
756 3279 779 3303 σι
799 3255 1003 3310 Deinde
1022 3259 1217 3310 ventris
1238 3257 1354 3310 elu-

335 3339 424 3388 vie
444 3337 615 3389 fessus
630 3375 647 3404 ,
673 3350 728 3390 et
750 3354 1033 3408 assurgens
1046 3374 1064 3403 ‚
1085 3336 1320 3390 Stantem
1336 3377 1353 3404 ‚

336 3421 444 3482 ait,
485 3419 865 3489 Imperatorem
905 3413 1161 3468 excedere
1201 3419 1353 3470 terris

336 3499 511 3553 decet.
532 3521 555 3546 υ

414 3578 465 3630 5.
480 3578 702 3631 Annum
708 3595 910 3650 gerens.
925 3575 1007 3628 Al.
1017 3595 1191 3652 agens,
1205 3577 1354 3648 quod

337 3661 549 3710 Ernest.
578 3658 783 3727 recepit
807 3674 931 3708 eum
958 3655 1090 3708 aliis.
1122 3656 1353 3708 Servavi-

338 3755 459 3790 mns
491 3735 626 3789 illud
658 3754 781 3788 cum
802 3729 990 3788 Burm.
1024 3747 1076 3788 et
1104 3734 1351 3788 Oudend.

340 3835 479 3890 quos
504 3815 655 3884 vide,
686 3827 747 3867 ut
772 3819 973 3881 rarius,
1008 3829 1060 3868 et
1091 3814 1240 3888 quod
1267 3834 1353 3868 se-

339 3897 563 3969 quentia
582 3914 838 3968 superque
855 3895 990 3966 (hoc
1012 3907 1120 3963 est,
1139 3909 1193 3946 et
1208 3897 1358 3947 insu-

336 3975 471 4050 per)
488 3993 715 4028 mensem
728 3994 792 4027 ac
803 3976 943 4027 diem
956 3976 1231 4046 septimum
1244 3993 1359 4026 ver·

1442 2563 1560 2617 cap.
1591 2546 1680 2617 2),
1704 2558 1944 2597 mortuus
1973 2544 2064 2597 die
2089 2545 2156 2597 23
2178 2549 2302 2598 Jun.
2330 2565 2453 2600 ann.

1441 2625 1565 2676 832.
1595 2621 1758 2691 Quod
1781 2625 1922 2676 euim
1949 2624 2174 2695 Eutrop.
2203 2626 2327 2690 vn,
2363 2627 2456 2692 13,

1446 2729 1468 2752 a
1491 2722 1690 2755 aunum
1715 2705 1880 2756 aetatis
1904 2723 2063 2776 aqens
2083 2707 2456 2780 sexaqesimum

1442 2801 1672 2846 nonum,
1692 2807 1714 2830 n
1735 2795 1790 2833 et
1807 2782 1987 2834 Aurei.
2005 2783 2208 2834 Victor.
2231 2783 2372 2854 Epit.
2394 2808 2458 2859 9,

1445 2885 1468 2908 a
1488 2878 1686 2913 annum
1706 2877 1862 2932 aqens
1883 2860 2000 2911 vitae
2016 2861 2208 2933 absque
2227 2881 2333 2914 uno
2347 2880 2460 2934 sep-

1440 2939 1784 3012 tuaqesimum
1795 2976 1814 3004 ,
1835 2961 1860 2988 n
1881 2937 1940 2990 id
1959 2937 2030 2992 ob
2045 2937 2350 2993 futilitatem
2363 2939 2460 2992 bo-

1438 3039 1557 3072 rum
1578 3019 1899 3090 scriptorum
1917 3019 2226 3092 nullamque
2244 3022 2301 3072 in
2319 3039 2461 3074 com-

1439 3097 1693 3170 putandis
1712 3100 1865 3151 annis
1884 3097 2214 3170 diligentiam
2235 3117 2344 3152 non
2371 3119 2460 3152 cu-

1438 3177 1686 3230 randum.
1711 3177 1910 3251 Xiphil.
1937 3178 1972 3231 l.
1997 3197 2044 3230 e.
2071 3197 2278 3231 nonum
2297 3197 2360 3231 ac
2383 3199 2460 3232 sev

1438 3261 1767 3328 xagesimum
1781 3276 1980 3310 annum
1999 3257 2156 3326 dicit,
2177 3278 2297 3312 eum
2319 3279 2460 3313 meu-

1440 3337 1576 3390 sibus
1607 3347 1739 3390 octo.
1771 3339 2004 3390 Zonaras
2033 3350 2158 3390 octo
2187 3339 2458 3393 mensibus

1443 3416 1557 3468 dies
1583 3418 1740 3468 etiam
1765 3429 1890 3467 octo
1913 3435 2012 3488 per
2035 3435 2268 3469 errorem
2291 3418 2459 3471 addit.

1442 3495 1600 3548 Conf.
1626 3493 1984 3568 Oudendorp.
2015 3509 2070 3549 et
2093 3497 2323 3550 Reimar.
2348 3503 2460 3552 suis

1442 3577 1594 3628 locis.

1514 3657 1682 3708 XXV.
1728 3673 1772 3708 1.
1811 3655 2139 3730 Autfilios...
2169 3669 2264 3709 aut
2289 3662 2459 3712 nemi-

1444 3754 1584 3788 nem.
1601 3737 1823 3807 Eutrop.
1839 3734 1877 3786 Ι.
1893 3753 1941 3787 e.
1969 3757 1992 3780 οι
2006 3735 2315 3790 Genituram
2327 3737 2460 3791 filio.-

1443 3834 1561 3869 rum
1577 3817 1652 3868 ita
1667 3815 1934 3887 cognitam
1955 3813 2168 3884 habuit,
2189 3829 2278 3884 ut,
2292 3836 2460 3889 quum

1442 3896 1620 3950 mulne
1659 3907 1852 3949 eontra
1893 3915 2014 3948 eum
2061 3899 2462 3967 conjurationes

1443 3976 1632 4028 fierent
1641 4015 1659 4043 ‚
1679 3993 1811 4047 quas
1823 3975 2124 4048 patefactas
2136 3977 2341 4046 ingenti
2357 3977 2464 4034 dia-

338 4059 417 4110 bo
430 4057 778 4130 agensminus
797 4057 1137 4110 conveniunt.
1157 4053 1360 4129 Aqebat
1446 4054 1786 4108 simulatione
1823 4055 2132 4122 contemsit,
2169 4056 2226 4107 in
2261 4055 2463 4113 Senatu

338 4137 485 4189 enim
500 4153 701 4187 anuum
719 4133 1149 4210 septtmqesimum
1162 4171 1180 4200 ‚
1196 4146 1357 4186 natus

340 4215 430 4268 die
474 4231 535 4285 ¹7
572 4213 862 4269 Novembr.
905 4231 1027 4268 ann.
1070 4213 1169 4284 762
1208 4213 1356 4284 (vide

1446 4133 1666 4202 dixerit,
1701 4144 1800 4186 aut
1815 4131 1971 4207 filios
1997 4134 2095 4188 siba·
2123 4153 2466 4208 successuros,

1446 4227 1538 4268 aut
1561 4215 1842 4270 neminem.
1863 4239 1888 4264 a
1921 4215 2080 4269 Conf.
2107 4233 2228 4288 quoe
2255 4220 2462 4294 Vespa-
