3050 5004
1157 482 1488 548 GALBA.
1925 556 1931 561 .
2232 430 2361 553 1.ἰ5ι

285 607 684 702 Augustales
703 656 722 691 ,
765 620 1152 700 cooptatus:
1190 622 1392 701 atque
1437 629 1522 675 ex
1566 628 1648 674 eo
1690 622 1993 700 tempore
2034 628 2247 703 prope
2279 610 2371 680 ad

281 720 584 789 medium
605 719 890 785 Neronis
911 718 1366 810 principatum
1387 718 1456 783 in
1481 739 1751 785 secessu
1773 716 2143 809 plurimum
2164 722 2369 805 vixit3

283 855 367 898 ne
393 829 484 897 ad
511 827 916 919 gestandum
933 834 956 863 ²
987 825 1260 917 quidem
1285 850 1591 920 unquam
1620 826 1811 895 aliter
1834 829 1961 895 iter
1990 831 2335 921 ingressus
2352 878 2372 911 ,

284 964 488 1036 quam
520 954 600 1005 ut
631 960 860 1004 secum
891 936 1202 1005 vehiculo
1235 933 1577 1029 proximo³
1617 934 1836 1005 decies
1879 940 2261 1008 sestertium
2298 942 2373 1011 in

284 1076 450 1120 auro
479 1050 778 1133 efferret,
815 1048 1032 1117 donec
1065 1052 1137 1115 in
1170 1048 1418 1141 oppido
1456 1049 1706 1117 Fundis
1730 1052 2021 1117 moranti
2049 1053 2373 1144 Hispania

289 1164 813 1235 Tarraconensis
842 1160 1068 1228 oblata
1091 1160 1253 1228 est4.
1279 1160 1669 1255 Acciditque
1688 1214 1705 1245 ,
1734 1178 1840 1247 ut,
1867 1186 2079 1256 quum
2104 1166 2376 1256 provin·

286 1278 456 1341 ciam
485 1276 830 1364 ingressus
866 1272 1270 1341 sacrificaret
1295 1277 1470 1341 intra
1501 1273 1719 1343 aedem
1745 1275 2087 1368 publicam
2108 1329 2124 1360 ,
2159 1300 2375 1370 puero

286 1407 324 1451 e
349 1385 670 1451 ministris
687 1436 704 1466 ‚
733 1406 1033 1451 acerram
1055 1386 1341 1467 tenenti,
1373 1383 1656 1478 capillus
1685 1402 1963 1477 repente
1988 1400 2131 1452 toto
2160 1388 2377 1481 capite

288 1492 730 1561 canesceret⁵.
759 1498 898 1561 Nec
917 1490 1310 1576 defuerunt,
1333 1497 1451 1589 qui
1473 1497 2107 1588 interpretarentur,
2131 1496 2378 1587 signifi·

289 1606 422 1671 cari
452 1627 685 1671 rerum
709 1604 1184 1685 mutationem,
1219 1626 1826 1699 successurumque
1851 1602 2083 1697 juveni
2112 1629 2376 1689 senem,

289 1711 416 1781 hoc
438 1728 572 1795 est,
597 1715 824 1804 ipsum
855 1714 1125 1787 Neroni.
1154 1717 1306 1779 Non
1343 1713 1559 1782 multo
1595 1731 1749 1808 post
1778 1718 1850 1782 in
1880 1714 2253 1782 Cantabriae
2284 1713 2381 1783 la-

291 1848 442 1893 cum
467 1822 728 1893 fulmen
750 1820 996 1891 decidit
1019 1850 1034 1889 ε
1062 1840 1482 1919 repertaeque
1507 1844 1667 1893 sunt
1688 1827 2047 1896 duodecim
2068 1849 2337 1895 secures
2357 1876 2377 1909 ‚

291 1932 886 2027 haudambiguum
909 1937 1156 2003 summi
1179 1938 1442 2028 imperii
1464 1942 1759 2029 signum.

381 2066 494 2129 lx.
528 2068 655 2129 Per
678 2080 827 2129 octo
851 2086 1066 2130 annos
1087 2072 1101 2101 ¹
1133 2066 1313 2131 varie
1337 2081 1404 2132 et
1437 2066 1929 2162 inaequabiliter
1959 2067 2377 2157 provinciam
2486 2066 2495 2071 ’

295 2170 479 2239 rexit.
503 2176 727 2241 Primo
749 2198 932 2257 acer,
961 2173 1326 2242 vehemens
1345 2229 1362 2260 ,
1389 2182 1547 2247 etin
1566 2179 1951 2247 coercendis
1975 2176 2251 2273 quidem
2272 2176 2378 2245 de·

295 2367 369 2417 De
408 2364 669 2420 sodalibus
694 2366 1066 2441 Augustalibus
1101 2382 1292 2439 praeter
1376 2385 1531 2439 runt,
1550 2386 1726 2425 ortum
1746 2374 2101 2429 existimantes
2121 2390 2184 2423 ex
2196 2372 2377 2439 aliter,

295 2444 460 2495 Taciti
481 2444 585 2497 loc.
606 2446 829 2498 cit.vide
845 2465 960 2518 quae
980 2446 1205 2498 diximus
1223 2445 1286 2497 ad
1378 2464 1430 2504 et
1445 2452 1692 2524 inyressus
1706 2471 1824 2504 cum
1843 2452 2041 2522 Lipsio‚
2059 2452 2209 2505 Misc.
2228 2453 2381 2505 Cent.

295 2522 478 2576 Claud.
503 2541 624 2596 cap.
651 2525 703 2576 6.

1377 2531 1477 2598 111,
1504 2533 1602 2601 Ep.
1630 2534 1699 2598 11,
1728 2531 2041 2583 mutandum
2068 2533 2129 2582 in·
2146 2547 2377 2603 egressus.

366 2623 411 2656 a.
459 2605 549 2656 Ad
577 2607 882 2678 gestandum
893 2625 912 2667 ,-
958 2607 1192 2677 passi-ve,
1231 2619 1292 2658 ut

296 2681 502 2734 Sallust.
519 2684 550 2735 J
557 2703 641 2755 ug.
659 2685 747 2750 62,
763 2707 784 2730 ιι
802 2703 966 2756 quum
979 2687 1096 2756 ipse
1109 2685 1180 2736 ad
1197 2687 1294 2736 im·

293 2763 580 2831 perandum
625 2762 884 2816 Tisidium
937 2778 1246 2831 vocaretur,
1265 2787 1286 2812 ι

297 2841 386 2894 ubi
416 2841 538 2894 vide
574 2841 718 2896 Cot-t.
750 2862 873 2896 cum
904 2857 1094 2916 magna
1121 2856 1294 2896 tamen

297 2923 544 2973 cautione
559 2920 814 2992 legendus
827 2959 844 2987 ‚
860 2925 1112 2995 quoniam
1131 2923 1299 2975 multa

297 2998 538 3072 exempla
567 3020 712 3053 more
736 3021 833 3054 suo
864 3001 1065 3068 attulit,
1096 3001 1160 3053 ad
1188 3021 1298 3054 rem

297 3076 424 3128 nihil
453 3079 702 3130 facientia
718 3117 736 3144 ‚
759 3078 1055 3150 diversique
1083 3097 1300 3151 prorsus

296 3159 530 3224 generis,
567 3171 628 3209 ut
650 3160 824 3209 omnia
853 3159 1022 3228 primo
1051 3156 1173 3209 loco
1197 3177 1300 3228 po-

297 3235 396 3286 sita
415 3253 587 3306 usque
609 3233 678 3285 ad
695 3234 862 3286 Cicer.
889 3235 1055 3304 Epist.
1079 3235 1180 3304 lx,
1203 3235 1266 3288 25
1282 3273 1300 3302 ‚

299 3331 328 3363 a
349 3331 456 3383 quo
479 3312 699 3365 meliora
716 3313 996 3384 incipiunt.
1033 3313 1300 3380 Ceterum,

299 3394 582 3447 Suetonius
607 3414 715 3446 non
736 3393 1068 3448 insolentiori
1089 3394 1302 3448 dicendi

299 3475 460 3527 modo
502 3476 560 3528 in
590 3494 654 3526 eo
691 3478 888 3543 utitur,
933 3493 1093 3545 quam
1135 3494 1297 3546 quum

297 3557 670 3626 pmterveltens
686 3560 892 3627 passive
910 3557 1066 3622 dicit,
1083 3557 1135 3608 id
1158 3557 1300 3630 quod

300 3636 488 3707 saepius
503 3636 651 3687 facit.
668 3637 793 3687 Mox
808 3632 965 3688 aliter
975 3634 1301 3703 addidimus,

301 3716 444 3785 quod
465 3715 600 3768 alter
614 3715 742 3794 qu.
763 3715 976 3768 exhibet
989 3753 1006 3782 ‚
1027 3735 1149 3768 cum
1161 3716 1297 3768 Rob.

303 3793 480 3864 steph.
499 3793 668 3846 Graev.
689 3793 1045 3868 Oudendorp.
1061 3809 1112 3846 et
1129 3795 1304 3866 quod,

303 3873 498 3924 omisso
515 3870 606 3924 illo
618 3910 635 3938 .,
652 3873 750 3924 nisi
769 3874 917 3944 sequi
932 3873 1180 3938 debebat,
1193 3892 1300 3924 non

303 3967 488 4022 quam,
509 3965 570 4004 ut
589 3962 732 4004 recte
751 3965 932 4004 monet
952 3950 1198 4004 Oudend.
1212 3987 1229 4015 .,
1252 3963 1304 4003 et

305 4029 450 4100 quod
491 4047 720 4102 sequens
756 4029 880 4095 iter,
923 4049 1017 4082 cur
1054 4029 1304 4082 exciderit

305 4109 540 4178 ejusdem
551 4113 670 4164 soni
682 4127 804 4178 vox,
818 4110 1106 4164 clarissime
1124 4110 1302 4164 docet.

307 4189 406 4242 Alii
420 4189 608 4244 vocab.
636 4191 736 4244 iter
755 4189 1074 4262 ejiciendum
1091 4209 1304 4244 censue·

1449 2610 1503 2663 3.
1543 2611 1795 2665 Vehiculo
1825 2612 2099 2684 prox-imo,-
2137 2610 2191 2663 h.
2226 2629 2273 2662 e.
2307 2610 2386 2662 le·

1381 2695 1604 2756 cticam,
1640 2711 1742 2764 qua
1768 2691 2107 2764 gestabatur,
2144 2692 2383 2764 proxime

1383 2772 1654 2840 sequenti,
1684 2769 1829 2841 quod
1854 2789 1962 2822 nou
1988 2769 2263 2832 viderunt,
2293 2769 2385 2840 qui

1383 2866 1503 2900 cum
1520 2851 1803 2902 Tot-tentio
1824 2849 2147 2921 ineptissime
2163 2847 2389 2902 scriben-

1385 2926 1512 2978 dum
1538 2926 1733 2982 duxere
1762 2947 1829 2980 «e
1851 2930 2092 3000 proximo
2110 2951 2133 2974 ιο
2167 2924 2280 2980 scil.
2306 2927 2391 2979 lo-

1387 3025 1481 3072 co,
1507 2999 1695 3060 sensus
1717 3006 1822 3060 loci
1841 3025 2061 3079 prorsus
2079 3006 2267 3076 ignari.

1458 3083 1508 3151 4.
1548 3087 1750 3139 Donec.
1766 3127 1779 3138 .
1794 3126 1806 3138 .
1822 3124 1835 3137 .
1848 3087 2108 3158 Hispania
2126 3125 2137 3136 .
2155 3126 2167 3137 .
2184 3125 2195 3136 .
2214 3082 2389 3138 oblata

1387 3173 1475 3216 est.
1496 3164 1649 3215 Conl'.
1676 3163 1943 3217 Plutarch.
1964 3163 2117 3216 Galb.
2144 3163 2195 3216 3.
2216 3166 2387 3216 Tacit.
2420 3169 2437 3196 ⁸

1387 3242 1520 3293 nist.
1540 3245 1589 3310 1,
1606 3243 1703 3312 49,
1730 3266 1753 3290 ιι
1762 3245 1873 3312 jam
1890 3244 2070 3294 senior
2088 3244 2389 3294 citeriorem

1389 3322 1699 3392 Hispaniam
1714 3324 1830 3393 pari
1840 3323 2048 3393 justitia
2063 3322 2341 3372 continuit.
2358 3341 2387 3368 u

1387 3399 1533 3452 Adiit
1552 3402 1815 3471 Hispaniae
1829 3402 2108 3472 imperium
2123 3419 2245 3451 ann.
2264 3401 2388 3467 814,

1390 3491 1449 3531 ut
1475 3492 1622 3552 patet
1646 3482 1803 3532 etiam
1833 3499 1896 3532 ex
1932 3481 2084 3531 initio
2120 3479 2393 3549 sequentis

1389 3577 1507 3630 cap.
1536 3559 1619 3611 Cf.
1646 3558 1795 3628 Pigh.
1824 3572 1953 3610 tom.
1979 3559 2079 3624 111,
2109 3577 2164 3629 p.
2195 3557 2315 3624 595.

1463 3637 1514 3691 5.
1552 3637 1887 3710 Acciditque,
1913 3649 1999 3690 ut.
2017 3675 2029 3688 .
2046 3677 2058 3688 .
2080 3635 2303 3707 capillus
2318 3673 2388 3692 ..-

1391 3726 1500 3770 toto
1518 3717 1689 3788 capite
1709 3728 2006 3770 canesceret.
2036 3712 2169 3768 Vide
2186 3714 2391 3787 Xiphil.

1389 3795 1577 3863 LXIV,
1611 3811 1655 3846 1.

1461 3875 1551 3925 lx.
1598 3891 1643 3926 ι.
1681 3874 1789 3925 Per
1812 3883 1925 3927 octo
1955 3889 2150 3938 annos,
2188 3885 2291 3924 etc.
2322 3871 2393 3923 ab

1393 3971 1515 4005 ann.
1538 3951 1671 4019 814,
1698 3971 1866 4024 usque
1895 3953 1963 4005 ad
1988 3953 2119 4018 sn,
2142 3968 2395 4003 annume-

1391 4045 1505 4084 rato
1532 4051 1679 4084 more
1700 4033 1865 4085 Roma
1874 4051 2063 4084 norum
2090 4049 2263 4098 anno,
2284 4047 2393 4102 quo

1393 4109 1525 4164 adiit
1550 4113 1909 4182 provinciam,
1934 4123 1989 4164 et
2016 4128 2123 4182 quo
2148 4109 2391 4162 decessit.

1392 4191 1569 4243 Etiam
1594 4193 1861 4243 consentit
1882 4187 2145 4243 Plutarch.
2164 4187 2316 4241 Galb.
2338 4187 2391 4254 4.
