3050 5004
1203 474 1484 540 NERO.

296 607 619 671 Senatum
642 616 837 695 gestu
868 616 1153 668 notaret.
1182 601 1594 669 Histrionem
1621 616 1690 667 et
1709 598 2193 694 philosophum
2217 604 2394 669 Nero

294 713 463 781 nihil
491 712 820 806 amplius,
856 734 1061 805 quam
1090 709 1275 799 Urbe
1308 709 1636 805 Italiaque
1675 712 2061 795 summovit,
2099 710 2209 779 vel
2235 734 2394 781 con-

298 840 512 891 temtu
552 824 775 891 omnis
814 821 1141 905 infamiae,
1170 821 1278 889 vel
1316 844 1404 888 ne
1438 818 1716 889 fatendo
1759 819 2066 891 dolorem
2103 824 2394 891 irritaret

294 935 585 1026 ingenia.

386 1047 527 1111 XL.
579 1041 817 1111 Talem
842 1043 1223 1136 Principem
1248 1038 1456 1134 paulo
1480 1042 1708 1107 minus
1737 1041 2250 1135 quatuordecim
2277 1065 2392 1109 an-

294 1178 421 1223 nos
440 1166 457 1194 ¹
486 1177 851 1250 perpessus
875 1170 1209 1222 terrarum
1231 1152 1415 1221 orbis
1429 1203 1447 1233 ‚
1471 1151 1750 1221 tandem
1771 1151 2104 1236 destituit;
2129 1154 2394 1221 initium

294 1264 696 1333 facientibus
718 1262 927 1334 Gallis
942 1316 961 1347 ‚
980 1261 1153 1333 duce
1174 1268 1213 1331 J
1218 1262 1357 1331 ulio
1380 1261 1661 1331 Vindice
1679 1272 1734 1346 ²,
1761 1266 1878 1358 qui
1900 1280 2048 1331 tum
2067 1287 2218 1331 eam
2240 1287 2394 1357 pro-

290 1379 585 1445 vinciam
602 1380 1023 1470 Propraetore
1046 1372 1409 1443 obtinebat.
1432 1371 1834 1441 Praedictum
1847 1397 1888 1441 a
1905 1373 2392 1443 mathematicis

294 1490 544 1557 Neroni
570 1486 733 1555 olim
760 1504 933 1571 erat,
961 1486 1107 1555 fore
1120 1536 1139 1568 ,
1168 1502 1249 1553 ut
1274 1482 1686 1580 quandoque
1724 1484 2234 1553 destitueretur:
2279 1510 2396 1554 un·

294 1595 379 1665 (Ie
406 1595 525 1664 illa
544 1620 681 1667 Vox
706 1592 853 1689 ejus
882 1594 1318 1665 celeberrima
1333 1646 1352 1677 ,
1378 1610 1439 1667 τὸ
1460 1614 1666 1687 τεχνίον
1691 1616 1838 1668 πᾶσα
1861 1616 1986 1687 γαῖα
2005 1614 2187 1688 τρέφει·
2204 1592 2230 1635 ³
2253 1621 2392 1691 quo

291 1702 553 1800 majore
604 1706 861 1775 scilicet
898 1708 1097 1773 venia
1126 1702 1572 1773 meditaretur
1607 1704 2104 1775 citharoedicam
2143 1722 2391 1790 artem,

292 1821 587 1913 Principi
613 1818 741 1886 sibi
764 1832 1023 1909 gratam
1037 1868 1055 1901 ,
1089 1818 1355 1909 privato
1380 1818 1852 1885 necessariam.
1879 1818 2394 1911 Spoponderam

292 1944 523 1996 tamen
552 1924 831 2022 quidam
880 1925 1199 1995 destituto
1240 1928 1536 1995 Orientis
1577 1926 2110 1997 dominationem
2123 1928 2177 2013 4,
2223 1954 2394 1997 non·

293 2037 467 2106 nulli
488 2040 889 2106 nominatim
916 2060 1204 2130 regnum
1233 2035 1858 2132 Hierosolymorum
1872 2092 1889 2123 ,
1916 2038 2147 2133 plures
2171 2044 2391 2137 omnis

2258 496 2390 563 217
2487 552 2495 560 ἱ

292 2152 595 2242 pristinae
632 2148 921 2217 fortunae
962 2151 1476 2217 restitutionem.
1514 2154 1636 2218 Cui
1675 2154 1818 2244 spei
1858 2154 2136 2244 pronior
2149 2152 2174 2192 ⁵
2193 2206 2212 2237 ,
2257 2157 2394 2221 Bri·
2491 2176 2498 2185 ·

292 2265 524 2331 tannia
562 2264 1013 2357 Armeniaque
1048 2264 1297 2331 amissa
1311 2312 1329 2345 ,
1366 2286 1449 2329 ac
1488 2287 1726 2346 rursus
1763 2280 2052 2359 utraque
2087 2281 2352 2358 recepta
2371 2318 2389 2347 ,

291 2500 537 2556 Atellano
551 2521 661 2556 non
675 2521 869 2574 magna
882 2502 1166 2578 querenda
1187 2523 1299 2558 eru·

292 2581 452 2650 ditio,
476 2582 573 2634 sed
599 2582 831 2636 scurrilis
854 2582 1035 2655 lepos,
1052 2583 1222 2656 qualis
1240 2585 1297 2636 in

1386 2523 1433 2557 c.
1454 2507 1658 2578 incepit
1680 2517 1884 2558 motum
1909 2500 2109 2556 Vindex
2127 2505 2278 2557 initio
2303 2522 2392 2556 an-

1386 2585 1441 2637 ni
1464 2583 1598 2650 821,
1637 2595 1690 2634 et
1726 2601 1783 2636 se
1819 2583 2024 2654 ipsum,
2057 2601 2116 2634 re
2151 2582 2390 2634 nondum

290 2663 435 2734 vulgi
466 2663 698 2717 dicteriis
736 2663 1138 2736 prover-hiisque
1180 2683 1296 2718 esse

292 2741 444 2798 solet.
477 2744 592 2795 Nos
625 2743 861 2796 similiter
899 2742 1079 2796 dicere
1113 2763 1296 2817 posse-

292 2841 433 2874 mus:
450 2823 527 2875 La
538 2835 675 2876 nort
690 2842 811 2878 vom
824 2825 918 2877 tire
926 2843 1030 2897 par
1042 2823 1113 2877 les
1124 2826 1296 2897 pictis,-

294 2899 345 2954 le
360 2899 533 2954 dieue
551 2920 677 2956 vous
694 2921 877 2976 potasse
896 2923 961 2956 en
989 2903 1163 2974 mser,
1192 2917 1291 2956 ete.

293 2979 391 3032 cm·
414 2979 581 3033 multa
600 2981 814 3053 placent
828 3021 846 3050 ‚
870 2983 1025 3036 adeat
1046 2985 1295 3036 Burman·

294 3075 441 3110 num.

356 3137 469 3190 XL.
506 3155 550 3191 1.
580 3138 757 3194 Paulo
778 3141 955 3195 mima
978 3143 1299 3214 quatuorde-

292 3216 395 3268 cim
414 3235 599 3270 annos.
626 3218 711 3270 cf.
734 3220 871 3272 infra
887 3257 905 3285 ‚
939 3239 1055 3292 cap.
1084 3221 1168 3292 51.
1192 3224 1296 3274 Eu·

293 3307 430 3367 trop.
459 3297 584 3362 vn,
613 3315 675 3367 9,
708 3296 902 3350 obiisse
934 3297 1063 3353 dicit
1090 3299 1296 3371 imperii

294 3389 433 3424 anno
448 3386 635 3444 quarto
648 3374 865 3428 decimo.
884 3375 1085 3448 Xipbil.
1102 3379 1293 3444 LXIII,

294 3469 397 3524 29,
442 3446 571 3522 ἶρξιν
610 3452 686 3506 ἔτι
724 3455 984 3524 δεκατρία,
1028 3456 1108 3508 καὶ
1143 3459 1293 3524 μῖνας

291 3529 419 3586 ὅκκ’
428 3573 445 3596 ,
464 3553 658 3607 nempe
676 3553 709 3587 a
728 3537 903 3590 medio
922 3539 1147 3591 Octobri
1164 3559 1289 3593 anu.

291 3612 423 3684 807,
462 3633 634 3686 usque
679 3615 749 3670 ad
792 3617 1023 3669 medium
1070 3620 1289 3672 suniu-

292 3710 413 3744 ann.
438 3694 535 3746 821
549 3731 563 3746 .
580 3695 737 3748 Plura
754 3697 877 3748 vide
900 3697 1049 3770 apud
1071 3698 1290 3752 Ouden-

288 3769 443 3844 dorp.
484 3771 554 3824 ad
591 3772 647 3825 h.
686 3773 721 3825 Ι.
761 3787 813 3828 et
844 3777 1071 3830 Reimar.
1106 3777 1175 3831 ad
1198 3779 1292 3832 xi-

288 3850 421 3922 phil.
444 3851 549 3905 loc.
576 3855 666 3906 cit.

360 3947 408 3982 2.
446 3932 593 3983 Duce
624 3932 779 3986 Jutio
812 3935 1046 3988 Vindice.
1080 3936 1164 3988 cf.
1198 3937 1292 3988 Xi-

289 4007 417 4080 phil.
434 4011 627 4076 LXIII,
649 4027 733 4063 22.
758 4011 1022 4066 Plutarch.
1048 4012 1203 4066 Galb.
1228 4015 1291 4082 4,

289 4084 383 4139 ubi
407 4087 647 4144 samiae
679 4089 942 4157 στρατηγός
978 4093 1205 4159 dicitur,
1240 4106 1293 4146 et

292 4181 405 4234 quae
426 4163 641 4236 collegit
672 4168 897 4222 Reimar.
931 4171 997 4224 ad
1024 4171 1219 4244 xiphit.
1254 4173 1287 4224 Ι.

1385 2664 1648 2734 perfecta,
1672 2661 1849 2734 gladio
1881 2663 2162 2714 interemit.
2187 2661 2388 2733 Xiphil.
2488 2695 2502 2708 =

1386 2760 1505 2813 cap.
1535 2743 1620 2810 24.
1639 2772 1712 2783 —
1729 2744 1830 2794 Pro
1859 2741 2054 2810 Gallis,
2079 2743 2256 2794 Burm.
2287 2761 2393 2798 ma·

1384 2821 1530 2875 lebat
1554 2823 1760 2876 Gauiis.
1789 2820 2071 2894 vulgatam
2096 2835 2274 2876 tuetur
2299 2825 2390 2878 Xi-

1384 2902 1647 2974 philinus,
1673 2922 1792 2976 cap.
1823 2921 1905 2956 22.

1456 2983 1507 3036 3.
1545 2983 1607 3036 ’1⁸6
1632 2985 1867 3050 τιχνίοι...
1888 2979 2062 3052 τρίφιε.
2087 2985 2170 3036 Cf.
2187 2983 2389 3055 Xiphil.

1384 3083 1503 3137 cap.
1535 3082 1622 3135 27,
1645 3079 1698 3118 et
1721 3085 1842 3118 cum
1867 3067 2167 3136 Baumgart.
2189 3078 2388 3117 rectam

1384 3144 1648 3215 vulgatam
1675 3159 1804 3216 puta
1815 3183 1831 3212 ‚
1845 3147 2040 3198 senarii
2051 3146 2267 3214 vestigia
2283 3163 2392 3198 ser-

1384 3235 1595 3276 vantem
1611 3263 1627 3290 ‚
1649 3243 1804 3295 quem
1826 3225 1968 3276 varie
1991 3226 2268 3275 restituere
2293 3225 2389 3275 viri

1384 3302 1546 3355 docti.
1573 3303 1709 3355 Vide
1735 3305 2017 3354 Burmanni
2038 3301 2163 3354 edit.

1454 3383 1505 3450 4.
1520 3383 1892 3456 Spoponderan
1901 3394 1954 3434 t..
1964 3421 1976 3434 .
1993 3382 2218 3434 Orientis
2226 3381 2388 3433 donti-

1382 3462 1668 3513 nationem,
1691 3461 1844 3530 Vulg.
1869 3461 2303 3533 Spoponderam,
2334 3475 2388 3512 et

1380 3539 1620 3591 destituto
1639 3539 1714 3607 ei,
1735 3553 1788 3592 et
1809 3539 2193 3592 ordinationem
2213 3539 2390 3592 Orien-

1382 3619 1459 3672 tis.
1484 3618 1756 3671 Edidimus
1780 3622 2104 3691 optimorum
2125 3619 2294 3672 Codd.
2313 3619 2386 3672 le-

1380 3700 1612 3750 ctionem
1649 3713 1776 3772 post
1811 3698 2058 3752 Oudend.
2093 3712 2147 3751 et
2183 3700 2384 3752 Ernest.

1384 3778 1780 3831 ordinationem
1805 3780 2106 3832 Gronovius
2143 3780 2384 3832 defendit

1380 3858 1511 3911 locis
1533 3896 1550 3923 ,
1589 3869 1774 3912 nostro
1810 3858 1956 3911 nullo
1991 3857 2154 3912 modo
2187 3877 2384 3910 conve-

1380 3936 1660 3989 nientibus,
1793 3974 1796 3983 .

1450 4015 1501 4068 5.
1545 4017 1644 4069 Cui
1656 4019 1766 4087 spei
1779 4017 2012 4087 pronior.
2033 4017 2114 4070 Cf.
2133 4017 2380 4071 Oudend.

1380 4095 1449 4146 ad
1470 4096 1616 4148 hunc
1639 4095 1816 4149 locum
1835 4135 1852 4162 ,
1877 4109 1929 4148 et
1950 4099 2156 4151 Ernest.
2187 4097 2254 4150 ad
2275 4099 2385 4150 Ta·

1383 4175 1469 4226 cit.
1500 4174 1689 4228 Annal.
1718 4179 1804 4240 lv,
1829 4176 1912 4228 60.
