3050 5004
1198 496 1476 563 NERO.
1506 548 1514 554 .

2256 499 2378 587 193

296 624 471 693 ditur
488 676 506 707 ,
534 623 743 693 soleis
778 620 1115 691 mularum
1152 622 1484 713 argenteis
1504 630 1556 659 ¹⁰
1575 672 1592 703 ‚
1629 622 2096 689 canusinatis¹²
2139 621 2384 689 mulio-

294 735 491 803 nibus
510 754 537 817 ,·
548 731 885 803 armillata
898 749 967 799 et
983 730 1331 825 phalerata
1350 755 1508 801 cum
1520 734 1875 799 Mazacum
1895 730 2158 799 turba¹²
2181 748 2386 828 atque

298 867 651 913 cursorum
659 894 675 910 .

384 962 625 1025 XXXI.
678 960 829 1025 Non
879 958 950 1023 in
996 954 1125 1022 alia
1170 979 1243 1023 re
1288 971 1517 1023 tamen
1563 954 1951 1025 damnosior
1975 968 1988 994 ¹
2014 1011 2033 1040 ,
2068 982 2278 1052 quam
2315 963 2390 1027 in

298 1066 713 1137 aedificando.
762 1071 1055 1133 Domum
1102 1090 1143 1132 a
1194 1065 1445 1134 Palatio
1496 1066 1832 1161 Esquilias
1889 1077 2146 1162 usque²
2191 1070 2350 1139 fecit
2367 1124 2388 1155 ,

298 1200 501 1272 quam
550 1183 771 1269 primo
808 1174 1259 1243 Transitorium
1277 1228 1295 1259 ,
1336 1197 1493 1245 mox
1510 1228 1530 1257 ‚
1571 1176 1884 1245 incendio
1925 1174 1951 1216 ³
1969 1178 2350 1249 absumtam
2370 1235 2389 1264 ,

296 1292 807 1383 restitutamque
825 1340 845 1369 ‚
868 1292 1151 1355 Ater-eam
1179 1290 1574 1357 nominavit.
1601 1294 1702 1357 De
1723 1286 1920 1382 cujus
1949 1294 2166 1385 spatio
2191 1310 2396 1388 atque

299 1400 485 1469 cultu
517 1400 865 1469 suffecerit
894 1398 1044 1467 haec
1081 1398 1409 1467 retulisse.
1448 1396 1922 1467 Vestibulum‘*
1947 1398 2094 1493 ejus
2129 1402 2293 1486 fuit,
2319 1407 2396 1473 in

300 1535 433 1606 quo
452 1510 777 1579 Colossus
808 1526 1081 1579 centum
1104 1511 1339 1603 viginti
1358 1506 1620 1602 pedum
1651 1525 1859 1579 staret
1889 1513 2102 1603 ipsius
2133 1512 2393 1605 effigie;

299 1749 513 1806 perator
542 1737 701 1787 etiam
728 1748 981 1789 sexcenta
1004 1734 1195 1788 dicitur
1215 1754 1303 1788 ve-

300 1811 473 1865 hicula
490 1812 722 1879 duxisse,
736 1832 975 1867 asserens
990 1814 1176 1867 decem
1196 1814 1307 1865 mil·

302 1892 435 1947 libus
459 1893 787 1947 camelorum
820 1899 1093 1948 Persarum
1126 1914 1303 1967 regem

302 1974 399 2025 iter
416 1974 592 2027 faeere
604 2012 621 2041 ,
642 1986 697 2055 ,⁰⁸
719 1976 987 2029 Neronem
1005 1975 1306 2050 quingentis

302 2070 533 2106 carrucis
556 2068 657 2106 iter
678 2072 853 2106 inisse.
876 2079 897 2103 ιι

376 2150 455 2185 lo.
509 2132 675 2186 Soleis
716 2131 988 2185 mularum
1033 2134 1300 2206 arqenteis.

300 2208 431 2262 Vide
452 2210 684 2263 OEsaub.
706 2211 771 2263 ad
792 2210 935 2263 hunc
954 2212 1159 2273 locum3
1181 2214 1305 2265 Rei-

303 2310 427 2344 mar.
452 2291 521 2345 ad
546 2291 744 2363 xiphil.
769 2294 932 2359 LXII,
966 2294 1050 2347 28.
1074 2294 1301 2359 Plinius,

302 2372 429 2424 nist.
450 2372 577 2425 Nat.
604 2372 851 2439 XXXIII,
880 2371 1126 2442 11(49)‚
1155 2394 1177 2418 α
1198 2374 1305 2424 Νο-

302 2464 406 2502 stra
420 2462 575 2504 oetate
592 2452 819 2524 Poppaea
830 2488 848 2518 ‚
868 2456 1063 2523 conjux
1078 2452 1302 2505 Neronis

302 2531 591 2600 Principis,
616 2527 1017 2582 delicatioribus
1047 2531 1305 2601 jumentis

302 2610 409 2661 suis
417 2608 793 2662 soleasexauro
806 2628 1021 2682 quoque
1031 2609 1298 2662 induere.-

378 2705 399 2740 ι
414 2703 459 2740 ι.
482 2687 813 2740 canusinatis
820 2709 841 2749 ς
859 2685 913 2738 h.
934 2705 981 2740 e.
1000 2685 1201 2738 indutis
1217 2703 1307 2739 ve-

300 2765 497 2831 stibus,
519 2786 550 2819 e
563 2766 689 2819 lana
706 2765 973 2820 Canusina
990 2766 1167 2830 factis,
1188 2767 1305 2829 cui,

304 2859 433 2898 teste
462 2845 659 2910 Plinio,
686 2848 829 2912 vm,
852 2846 919 2912 48
938 2844 1077 2915 (73),
1100 2863 1307 2896 summa

304 2924 569 2978 nobilitas.
617 2924 901 2978 Canusium
949 2922 1152 2994 Apuliae
1200 2934 1307 2974 erat

304 3003 579 3077 oppidum.

379 3103 459 3138 12.
502 3088 629 3138 cum
661 3085 943 3137 Mazacum
978 3085 1142 3136 turba.
1182 3084 1307 3134 Ma-

304 3183 443 3218 zaces
468 3163 549 3215 vel
586 3163 814 3216 Mazices
838 3163 1167 3216 Mauritaniae
1200 3179 1307 3231 po·-

304 3243 487 3316 pnlus‚
512 3261 741 3316 quorum
758 3242 881 3313 equi
900 3259 931 3292 e
948 3239 1305 3292 nobilissimis.

306 3322 575 3376 Phala-rati
608 3334 785 3374 antem
810 3337 1035 3373 cursores
1062 3318 1309 3371 dicuntur

304 3407 461 3458 etiam
486 3406 697 3456 Petron.
720 3420 842 3473 cap.
868 3401 951 3454 28.

372 3484 562 3538 xxxl.
602 3499 644 3534 1.
684 3481 1032 3542 Damnosior3
1062 3492 1309 3532 sumtuo-

304 3565 429 3616 sior.
456 3563 659 3614 Tamen
684 3559 830 3614 abest
856 3563 909 3612 in
938 3558 1075 3629 vulg.

378 3659 427 3694 2.
462 3642 695 3694 Domum
731 3659 765 3689 a
800 3637 1013 3692 Palatio
1043 3636 1310 3709 Esquilias

304 3739 489 3794 usque,
515 3732 619 3772 etc.
645 3719 813 3770 Tacit.
840 3714 1030 3770 Annal.
1064 3716 1179 3780 XV,
1212 3717 1309 3786 39,

302 3801 525 3854 domum
562 3797 733 3864 dicit,
772 3815 923 3867 «qua
960 3795 1217 3847 Palatium
1257 3807 1310 3846 et

302 3883 606 3934 Maecenatis
630 3877 821 3930 hortos
844 3877 1259 3928 continuaverat.
1280 3899 1304 3923 n

304 3962 455 4014 Horti
484 3961 625 4012 enim
650 3956 1015 4011 Maecenatiani
1040 3959 1093 4008 in
1120 3956 1311 4027 Esqui-

302 4042 391 4094 liis
414 4054 581 4092 erant.
610 4039 693 4092 cf.
720 4037 947 4090 Martial.
978 4037 1156 4108 Epigr.
1180 4038 1233 4102 1,
1260 4052 1307 4088 α.

376 4121 429 4174 3.
482 4119 739 4172 lucendio
784 4119 1089 4172 absumtam.
1140 4115 1309 4166 Tacit.

307 4197 552 4254 Amul-l.
574 4217 623 4250 c.
650 4199 875 4270 «Neque
894 4211 1071 4250 tamen
1091 4195 1201 4248 sisti
1220 4214 1313 4266 po-

496 4291 589 4356 Il.

1390 1738 1491 1787 tuit
1512 1738 1676 1809 ignis,
1703 1739 1832 1809 quin
1860 1749 1912 1789 et
1933 1734 2192 1823 galatiam
2216 1749 2269 1791 et
2289 1737 2395 1789 ‹lo-

1392 1833 1509 1867 mus
1528 1828 1579 1866 et
1593 1826 1786 1868 cuncta
1796 1816 1996 1868 circum
2011 1816 2398 1870 haurirentur.»

1391 1896 1471 1947 De
1494 1894 1655 1946 domo
1681 1896 1904 1947 Neronis
1926 1896 2100 1947 Aurea
2119 1895 2237 1947 vide
2261 1898 2402 1947 Mar·

1392 1975 1519 2025 tian.
1540 1976 1629 2040 lv,
1661 1974 1722 2025 18
1745 1972 1934 2047 (quem
1951 1975 2094 2027 enim
2117 1973 2298 2028 locum
2317 1975 2401 2027 Pi·

1392 2053 1556 2105 tiscus
1583 2052 1854 2119 excitavit,
1883 2053 1959 2120 V,
1997 2068 2058 2103 υ
2073 2092 2090 2121 ,
2129 2052 2198 2105 de
2238 2052 2403 2105 Ther-

1392 2131 1491 2184 mis
1519 2132 1627 2203 agit
1661 2134 1915 2196 Neronis,
1954 2130 2022 2185 de
2059 2132 2254 2204 quibus
2279 2132 2402 2185 vide

1394 2230 1560 2283 supra
1577 2228 1695 2284 cap.
1719 2230 1740 2263 ι
1752 2213 1840 2285 2);
1861 2216 2056 2267 Donat.
2074 2216 2144 2266 111
2157 2256 2175 2284 ,
2191 2214 2250 2278 53
2271 2214 2404 2266 Nar-

1394 2290 1503 2344 din.
1524 2291 1744 2359 111,·13;
1769 2307 1823 2345 et
1853 2292 1922 2345 ab
1958 2292 2059 2345 illis
2087 2295 2298 2345 citatos.
2326 2296 2404 2346 Ea

1393 2371 1596 2423 Urbem
1623 2384 1789 2423 totam
1814 2374 2041 2423 cinctam
2064 2373 2254 2434 fnisse,
2279 2389 2403 2422 nar-

1392 2465 1476 2506 rat
1489 2450 1619 2504 Plin.
1635 2454 1698 2504 H.
1719 2454 1764 2504 N
1773 2490 1786 2504 .
1802 2452 2043 2517 xxxvl,
2060 2450 2120 2504 15
2136 2448 2208 2520 (e.
2226 2449 2313 2516 24,
2327 2448 2398 2520 5).

1394 2532 1525 2584 Vide
1535 2533 1662 2584 Tac.
1677 2543 1818 2583 nost.
1834 2530 1918 2582 ed.
1927 2545 1974 2582 -ι,
1985 2532 2074 2596 IV,
2089 2549 2145 2602 p.
2163 2530 2286 2600 5²7.
2301 2531 2399 2581 Eo.

1465 2610 1516 2676 4.
1561 2607 1900 2662 Vestibulum.
1939 2606 2188 2662 Oudend.
2222 2605 2404 2658 mallet

1400 2687 1694 2756 Vestibula,
1720 2688 1800 2741 vel
1823 2687 2077 2742 Vestibula·
2085 2725 2102 2754 ,
2127 2699 2188 2739 ut
2209 2689 2403 2740 refera-

1393 2782 1483 2821 tur
1504 2768 1574 2820 ad
1593 2777 1742 2822 tauta
1764 2767 1950 2820 laxitas
1959 2806 1978 2834 ,
2001 2766 2212 2838 injuria.
2239 2766 2403 2818 Recte

1394 2847 1658 2900 Walther.
1685 2847 1904 2900 Observ.
1927 2865 2051 2919 pag.
2072 2843 2169 2912 25,
2191 2858 2403 2911 monet,

1398 2941 1519 3000 post
1547 2937 1696 2980 tanta
1727 2926 1918 2978 laxitas
1947 2923 2310 2997 supplendum
2339 2943 2406 2976 ex

1396 3006 1636 3062 anteced.
1667 3009 1776 3080 ejus
1791 3005 1926 3077 fuit.
1951 3008 2206 3057 Pmterea
2237 3003 2294 3058 V
2285 3005 2403 3056 esti-

1398 3079 1583 3131 bulum
1608 3077 1868 3152 ejusfuit‚
1904 3079 1958 3128 in
1989 3095 2121 3148 quo,
2153 3087 2254 3128 etc.
2289 3089 2401 3128 estz

1402 3158 1774 3212 «Vestibulum
1801 3159 1914 3227 ejus
1948 3167 2153 3210 tautum
2171 3155 2318 3226 ficit,
2344 3165 2408 3205 ut

1400 3237 1453 3290 in
1474 3233 1875 3290 eoColossus....
1901 3247 2090 3299 staret,
2107 3232 2163 3285 h.
2189 3253 2234 3285 e.
2263 3245 2405 3285 stare

1395 3329 1596 3388 posset.
1625 3337 1648 3362 n
1689 3317 1808 3366 Jam
1844 3313 2124 3384 sequiturz
2161 3308 2404 3380 ejusdem

1396 3393 1590 3448 domus
1609 3406 1752 3445 tanta
1772 3391 1984 3456 laxitas,
2005 3404 2106 3442 etc.
2131 3390 2266 3444 Sane
2284 3389 2404 3442 bre-

1396 3476 1528 3528 vitas
1549 3485 1850 3526 contortam
1869 3489 2258 3541 nonnunquam
2281 3468 2405 3521 red-

1398 3554 1475 3607 dit
1488 3553 1728 3606 Suetonii
1743 3551 2055 3602 orationem.
2071 3579 2144 3590 --
2157 3546 2399 3602 Colossus.

1396 3635 1622 3697 Plinius,
1655 3632 1892 3694 XXXIV,
1922 3649 1953 3701 7
1974 3627 2137 3699 (18),
2167 3648 2197 3680 a
2229 3629 2404 3680 Zeno-

1396 3714 1530 3766 doro
1572 3713 1773 3764 ·factum
1814 3709 2033 3776 scribit,
2062 3708 2168 3759 CX
2201 3705 2400 3778 pedum

1398 3790 1734 3864 longitudine
1759 3789 1892 3856 (nisi
1919 3808 2068 3842 error
2095 3801 2176 3840 est
2202 3789 2259 3838 in
2295 3807 2401 3840 nu-

1400 3872 1607 3945 mero),
1635 3884 1688 3922 et
1719 3893 1742 3916 c·
1761 3869 1994 3922 dicatum
2021 3865 2156 3919 Solis
2181 3884 2401 3920 venera-

1400 3956 1551 4006 tioni.
1574 3977 1596 4000 ι·
1624 3951 1887 4005 Sidereum
1911 3945 2170 4002 Colossum
2193 3947 2400 4000 Martia-

1400 4031 1463 4084 lis
1492 4027 1621 4081 dicit
1651 4029 1753 4080 loc.
1783 4029 1874 4078 cit.
1908 4025 2064 4078 Plura
2091 4023 2158 4077 de
2185 4023 2276 4078 illo
2305 4023 2400 4076 de·-

1399 4112 1592 4165 derunt
1622 4111 1818 4162 Donat.
1849 4108 1885 4160 l.
1919 4126 1967 4160 c.
1996 4119 2048 4159 et
2073 4107 2302 4160 Reimar.
2332 4107 2400 4162 ad

1399 4189 1601 4263 Xiphil.
1627 4189 1820 4254 LXVI,
1848 4187 1928 4241 15.

2045 4279 2128 4342 13
