3050 5004
1200 524 1491 591 OTHO.
2259 522 2398 615 295

302 656 519 726 etatis
566 650 796 721 anno⁶
820 704 839 736 ‚
892 666 960 719 et
1003 652 1443 745 nonagesimo
1488 667 1558 719 et
1604 654 1842 746 quinto
1889 652 2156 744 imperii
2210 666 2237 715 7
2257 652 2393 725 die.

392 768 545 835 ΧΠ.
594 767 819 833 Tanto
836 761 1127 833 Othonis
1148 761 1377 832 animo
1396 785 1828 857 nequaquam
1855 784 2104 856 corpus
2135 777 2254 831 aut
2286 760 2406 833 ha-

298 873 479 945 bitus
510 874 875 965 competiit.
902 874 1137 943 Fuisse
1164 874 1347 940 enim
1370 871 1659 942 traditur
1682 887 1750 941 et
1771 868 2058 941 modicae
2081 888 2355 944 staturae
2375 924 2403 953 .

298 1000 367 1053 et
398 981 579 1053 male
605 982 893 1078 pedatus
921 982 1374 1077 scambusque
1393 992 1409 1019 ¹
1440 1008 1455 1049 ε
1494 980 1984 1052 munditiarum
2010 1006 2170 1053 vero
2201 1007 2408 1079 paene

296 1093 729 1165 muliebrium
752 1144 778 1177 ,
816 1094 1011 1163 vulso
1046 1116 1331 1186 corpore
1346 1110 1373 1141 ²
1396 1146 1415 1177 ,
1460 1091 1824 1186 galericulo
1871 1095 2074 1187 capiti
2121 1108 2408 1187 propter

294 1211 639 1279 raritatem
662 1205 1065 1300 capillorum
1088 1206 1405 1299 adaptato
1428 1223 1495 1274 et
1529 1230 1798 1276 annexo
1815 1256 1836 1289 ‚
1873 1221 1950 1274 ut
1978 1229 2182 1274 nemo
2211 1205 2401 1277 dino-

296 1314 557 1387 seeret³
578 1344 595 1385 ε
620 1319 789 1413 quin
812 1332 881 1385 et
899 1317 1147 1386 laniem·
1166 1314 1465 1411 quotidie
1488 1318 1768 1387 rasitare
1785 1368 1804 1399 ‚
1829 1340 1910 1385 ac
1931 1340 2108 1411 pane
2131 1314 2408 1387 madido.

296 1430 509 1499 linere
532 1446 974 1499 consuetum:
1002 1428 1208 1524 idque
1231 1430 1600 1500 instituisse
1621 1454 1664 1497 a
1685 1431 1906 1523 prima
1927 1428 2248 1521 lanugine
2265 1478 2284 1511 ,
2313 1451 2404 1497 ne

294 1538 617 1609 barbatus
649 1564 956 1635 unquam
981 1554 1195 1608 esset:
1230 1563 1419 1607 sacra
1444 1542 1646 1608 etiam
1675 1538 1868 1608 Isidis
1895 1564 2076 1635 saepe
2098 1542 2170 1606 in
2193 1539 2404 1608 lintea

296 1648 743 1743 religiosaque
766 1666 951 1717 veste
964 1648 999 1707 4
998 1648 1371 1771 propalam
1392 1648 1792 1719 celebrasse.
1821 1654 1948 1717 Per
1973 1674 2128 1744 quae
2149 1649 2404 1719 factum

296 1775 567 1855 putem,
608 1774 686 1827 ut
724 1782 907 1827 mors
955 1757 1100 1853 ejus
1121 1811 1139 1843 ,
1179 1762 1457 1828 minime
1507 1782 1894 1853 congruens
1933 1762 2127 1843 vitae,
2165 1756 2408 1853 majori
2441 1786 2446 1789 ·

296 1866 627 1943 miraculo
648 1861 875 1937 fuerit.
906 1868 1107 1940 Multi
1122 1873 1572 1994 ‘praesentium
1601 1869 1892 1939 militum
1917 1894 2078 1939 cum
2095 1854 2405 1963 plurimo

299 1980 461 2048 fletu
485 2000 733 2049 manus
758 2004 839 2049 ac
872 1981 1082 2075 pedes
1110 1980 1395 2076 jacentis
1424 1983 1797 2052 exosculati
1813 1983 1875 2068 ⁵,
1913 2014 1939 2044 κ
1963 1983 2408 2051 fortissimum

368 2234 426 2286 6.
456 2232 735 2289 Tricesimo
757 2246 809 2288 et
830 2248 1011 2290 octavo
1030 2235 1195 2290 oetatt‘s
1211 2254 1305 2289 an-

304 2334 386 2369 no.
417 2317 497 2366 Ita
526 2329 578 2367 et
600 2315 924 2390 Eutropius,
944 2320 1067 2384 vn,
1098 2336 1117 2370 ι
1135 2334 1180 2382 ι,
1215 2320 1307 2390 qui

302 2396 453 2466 sequi
466 2392 601 2447 solet
616 2396 925 2449 Suetonium
937 2435 954 2464 ‚
975 2408 1027 2449 et
1046 2398 1306 2468 interpres

300 2476 415 2544 ejus
436 2472 674 2543 Gnaeus,
702 2476 958 2530 Paeanius.
985 2479 1183 2530 Verum
1208 2476 1307 2530 Ta-

303 2555 388 2605 cit.
412 2573 531 2624 cap.
558 2555 656 2622 50,
686 2578 708 2603 a·
728 2557 882 2608 Hunc
902 2560 1019 2609 vitae
1041 2555 1201 2608 finem
1218 2555 1309 2608 ha-

300 2631 416 2685 buit
440 2633 659 2703 septimo
678 2645 731 2686 et
754 2635 1007 2689 tricesimo
1031 2636 1197 2686 aetatis
1218 2653 1307 2686 an-

301 2729 389 2764 no.
410 2715 543 2766 »lta
575 2726 629 2765 et
654 2713 836 2766 Aurel.
862 2714 1065 2779 Victor,
1090 2714 1229 2786 Epic.
1254 2731 1302 2766 c.

345 2791 654 2853 ,Pl.utarch
686 2813 735 2845 c.
772 2793 863 2856 183
899 2805 952 2846 et
986 2793 1309 2846 accuratissi-

302 2887 384 2919 me
304 2807 602 2940 ”xiphik
624 2871 804 2955 LXIV,
831 2871 922 2938 15,
940 2891 995 2922 το
998 2869 1080 2923 &ro
1096 2868 1151 2922 ἰδ
1174 2856 1308 2926 π’λος

300 2949 369 3015 τᾷ
392 2947 624 3003 Ὀθωνι“
588 2937 817 3044 „sylva”
848 2947 1093 3044 ξίσσιντι..
1072 2947 1198 3004 omni
1227 2947 1307 3000 aa)

297 3047 367 3095 τρι
372 3027 551 3083 ἄκοπα.
584 3047 695 3095 στι,
724 3027 943 3084 irdsu‘
915 3028 1086 3098 ημορὸι
1118 3016 1303 3083 horca.

298 3105 468 3160 Natus
493 3109 633 3160 enim
656 3108 745 3161 die
770 3109 836 3162 28
857 3107 1027 3180 April.
1055 3126 1179 3160 ann.
1204 3109 1305 3180 785

300 3183 447 3252 (vide
476 3206 593 3259 cap.
629 3185 721 3257 2),
750 3188 909 3258 periit
932 3186 1018 3239 die
1050 3203 1109 3258 17
1138 3187 1303 3260 April.

302 3285 424 3322 ann.
450 3269 575 3321 822.
597 3271 873 3321 Assentior
895 3282 1069 3320 autem
1096 3267 1311 3322 ouden-

301 3347 489 3419 dorpio
502 3384 519 3413 ,
538 3350 628 3419 qui
640 3383 657 3414 ‚
671 3366 782 3400 non
799 3345 1169 3418 corrigendum
1186 3345 1309 3401 Sue-

302 3429 509 3480 tonium
549 3439 731 3478 censet
766 3447 797 3478 e
838 3427 1059 3494 Tacito,
1096 3439 1157 3478 ut
1192 3425 1307 3480 aliis

299 3507 603 3581 placuerat,
630 3507 857 3560 maxime
884 3505 1083 3578 Ryckio
1112 3505 1184 3558 ad
1204 3509 1306 3559 Ta·

299 3589 386 3641 cit.
412 3586 447 3639 l.
475 3605 523 3640 c.
548 3584 694 3659 quod
718 3599 861 3638 vetat
884 3604 1099 3660 quoque
1121 3589 1309 3638 Eutro-
1336 3631 1361 3646 ,.

298 3669 374 3739 pii
397 3680 451 3720 et
472 3667 665 3719 Paeanii
686 3666 999 3732 auctoritas,
1030 3664 1125 3718 sed
1146 3666 1309 3738 respi-

298 3744 547 3798 ciendum
564 3763 764 3796 morem
778 3743 987 3810 Nostri,
1006 3763 1207 3797 annum
1221 3763 1307 3798 na-
1366 3806 1373 3812 .

298 3825 516 3876 tivitatis
561 3825 857 3895 mortisque
901 3822 1111 3875 calculo
1158 3841 1305 3876 com·

298 3901 632 3975 prehendere
662 3902 823 3955 soliti.
846 3902 925 3954 cf.
952 3903 1111 3954 etiam
1132 3903 1302 3956 Reim.

301 3980 368 4033 ad
388 3979 838 4052 xiphil.10e.cit.

370 4077 420 4130 7.
458 4061 534 4112 Et
558 4058 895 4134 nonagesimo
921 4069 977 4111 et
997 4060 1183 4134 quinto
1215 4060 1309 4112 im-

296 4139 430 4223 perii
451 4139 555 4192 die.
573 4137 777 4227 Xipbil.
797 4139 903 4192 loc.
926 4141 1015 4192 cit.
1038 4139 1237 4209 οἱμξιιπι
1255 4137 1307 4190 ἃ

298 4217 467 4288 impar-e
518 4209 815 4286 ησυῦιιοπι,
847 4221 1165 4274 assentiente
1195 4221 1293 4272 Zo-

1394 2254 1552 2303 nara3
1575 2234 1841 2291 Plutarch.
1862 2236 2012 2305 ἔρξαις
2026 2234 2078 2289 ἢ
2095 2232 2212 2307 τρεῖς
2223 2235 2374 2303 fine
2387 2254 2402 2270 ·

1393 2317 1614 2389 Joseph.
1641 2316 1700 2369 B.
1723 2320 1771 2369 J.
1807 2319 1897 2384 IV,
1931 2334 1994 2387 9,
2031 2334 2092 2387 9.‚
2128 2314 2296 2383 ffpe'pae
2322 2310 2405 2369 d‘v'e

1394 2394 1475 2447 aa>
1496 2395 1614 2466 τρεῖς
1629 2394 1797 2461 phac.
1823 2395 2068 2447 Aliorum
2091 2393 2208 2447 vide
2228 2412 2409 2447 recen·

1395 2494 1513 2530 sum
1541 2475 1686 2549 apud
1707 2476 1934 2530 Reimar.
1963 2475 2032 2530 ad
2053 2475 2254 2548 xiphil.
2285 2476 2320 2530 l.
2352 2496 2400 2530 c.

1394 2556 1680 2625 Quomodo
1696 2555 2058 2610 constituendi
2073 2557 2180 2607 sint
2193 2558 2402 2628 imperii

1396 2634 1510 2687 dies
1547 2653 1576 2686 e
1605 2635 1774 2688 Tacit.
1811 2635 1942 2687 nist.
1973 2634 2048 2700 11,
2078 2631 2174 2700 55,
2196 2633 2290 2687 ubi
2315 2655 2404 2687 aur-

1396 2714 1568 2766 ditum
1593 2715 1773 2766 Romae
1798 2713 1865 2766 de
1885 2725 2054 2765 morte
2077 2713 2306 2768 Othonis
2330 2715 2406 2767 le-

1394 2797 1592 2866 gimus,
1642 2813 1804 2865 quum
1844 2790 2074 2845 Cereales·
2109 2791 2225 2844 ludi
2263 2794 2410 2846 forte·

1398 2885 1699 2945 agerentur,
1725 2872 1868 2926 idem
1901 2872 2092 2940 docet,
2122 2873 2402 2928 discedens

1397 2973 1429 3006 a
1446 2954 1610 3026 Lipsii
1628 2955 1886 3006 sententia
1905 2953 1973 3005 ad
1993 2955 2160 3006 Tacit.
2183 2953 2287 3006 loc.
2310 2955 2400 3007 cit.

1396 3046 1451 3085 et
1470 3033 1656 3084 Gra-vii
1680 3032 1750 3084 ad
1772 3032 1918 3085 hunc
1942 3046 2081 3085 nost.
2167 3093 2174 3100 .

1465 3113 1580 3164 XII.
1611 3129 1654 3164 1.
1681 3113 2040 3187 Scambusque.
2063 3115 2140 3166 ha
2160 3113 2394 3166 Turneb.

1395 3191 1618 3246 Advers.
1649 3195 1726 3259 V,
1769 3211 1790 3245 ι
1811 3231 1830 3260 ,
1865 3193 1969 3265 legi
1996 3195 2156 3264 jussit
2191 3213 2220 3248 e
2253 3194 2398 3248 libris

1396 3271 1769 3352 erhibentibus
1781 3274 2110 3346 curtibusque.
2125 3273 2282 3344 Vulg.
2299 3273 2402 3327 cal-

1521 3370 1603 3404 ue.

1396 3371 1516 3483 ”affl
1559 3429 1722 3486 Vulso
1749 3448 1977 3502 corpore.
2015 3429 2150 3482 Vide
2186 3444 2296 3483 not.
2327 3429 2402 3484 ad

1393 3509 1520 3562 Caes.
1551 3529 1670 3580 cap.
1702 3509 1792 3575 45.

1466 3589 1515 3640 3.
1555 3588 1868 3640 Dinosceret.
1904 3589 1982 3640 Ita
2011 3588 2198 3659 optimi
2225 3586 2397 3641 codd.

1393 3685 1494 3738 pro
1521 3665 1854 3738 diqnosceret.

1465 3746 1516 3812 4.
1555 3746 1716 3804 Sacra
1747 3747 2008 3798 etiamn..
2036 3744 2092 3795 in
2127 3743 2340 3798 lintea..
2382 3781 2398 3798 .

1396 3832 1560 3888 veste,
1590 3835 1692 3875 etc.
1719 3822 1854 3875 Vide
1885 3823 2134 3874 Pitiscum
2161 3820 2230 3873 ad
2256 3821 2403 3875 bunc

1386 3902 1612 3968 locum,
1650 3901 1716 3954 de
1750 3902 1897 3954 cultu
1929 3901 2081 3956 Isidis
2119 3902 2402 3974 linteisque

1395 3983 1630 4036 vestibus
1664 3983 2000 4035 sacerdotum
2031 3981 2273 4053 plurimis
2309 4001 2402 4035 ex-

1396 4075 1704 4134 ponentem.

1468 4142 1516 4194 5.
1557 4138 1777 4193 Multi...
1804 4119 2104 4194 exoxitlati
2129 4139 2210 4192 Cf.
2229 4140 2400 4192 Tacit.

1396 4232 1449 4272 et
1470 4219 1738 4273 Plutarch.
1762 4219 1832 4273 ad
1851 4239 1970 4292 cap.
1999 4238 2018 4273 1
2035 4237 2054 4272 1
2083 4221 2289 4274 citatos.
