3050 5004
725 483 807 562 42
1464 479 1537 540 c,
1591 474 2059 542 SUETONH
2106 456 2111 463 '

717 610 814 674 ria
829 661 846 690 ,
873 630 1087 701 quum
1105 602 1202 672 t'ot
1221 604 1731 672 criminantibus
1754 600 2169 675 credendum
2194 618 2393 670 esset.
2420 606 2831 697 Equestrem

715 715 1023 784 ordinem
1039 768 1057 797 ‚
1083 730 1161 783 ut
1193 738 1410 783 scenae
1443 734 1801 810 arenaeque
1830 712 2189 782 devotum⁵
2210 766 2228 795 ,
2260 712 2531 781 assidue
2560 718 2825 807 prosci-

713 828 832 896 dit.
875 827 1188 895 Infensus
1217 827 1434 895 turbae
1459 880 1478 909 ,
1518 827 1770 896 faventi
1812 823 2141 893 adversus
2186 824 2488 892 studium
2532 825 2777 892 suum⁶
2799 876 2817 909 ,

711 937 1149 1005 exclamavit:
1191 968 1216 999 a
1242 940 1516 1005 Utinam
1544 936 1843 1031 populus
1864 942 2209 1004 Romanus
2242 958 2451 1003 unam
2482 940 2819 1005 cervicem

711 1045 1020 1115 haberet!
1051 1078 1077 1110 n
1121 1053 1486 1141 Quumque
1521 1050 1861 1115 Tetrinius
1907 1045 2079 1113 latro
2095 1056 2119 1096 ⁷
2161 1045 2649 1137 postularetur,
2692 1075 2720 1106 a
2744 1064 2821 1115 et

709 1163 826 1253 qui
871 1159 1293 1252 postularent
1309 1213 1327 1242 ‚
1371 1161 1709 1227 Tetrinios
1752 1180 1929 1241 esse,
1956 1190 1983 1219 n
2036 1160 2149 1225 ait.
2210 1160 2481 1225 Retiarii
2528 1161 2817 1226 tunicati

705 1274 1008 1365 quinque
1053 1293 1340 1339 numero
1394 1274 1721 1366 gregatim
1774 1271 2169 1339 dimicantes
2189 1324 2206 1353 ,
2255 1272 2401 1337 sine
2446 1272 2817 1339 certamine

705 1380 846 1448 ullo
897 1380 1178 1450 totidem
1230 1382 1651 1451 secutoribus
1708 1378 2241 1449 succubuerant⁸
2274 1406 2289 1447 :
2338 1402 2553 1476 quum
2594 1380 2816 1448 occidi

693 1488 1121 1584 juberentur,
1170 1516 1384 1575 unus,
1433 1508 1735 1560 resumta
1778 1492 2075 1575 fuscina,
2120 1513 2355 1560 omnes
2388 1494 2673 1559 victores
2704 1494 2818 1559 in—

704 1606 986 1671 teremit.
1041 1608 1231 1673 Hanc
1267 1621 1344 1672 ut
1379 1604 1915 1673 crudelissimam
1956 1601 2207 1671 caedem
2252 1618 2319 1669 et
2360 1597 2635 1669 deflevit
2672 1602 2819 1669 edi-

702 1734 842 1799 cto,
879 1733 947 1784 et
977 1742 1092 1785 eos
1111 1770 1128 1799 ,
1167 1720 1286 1811 qui
1317 1730 1621 1811 spectare
1654 1718 2166 1797 sustinuissent,
2198 1730 2579 1782 exsecratus
2604 1731 2725 1782 est.

791 1830 1028 1895 XXXI.
1081 1831 1290 1915 Queri
1335 1831 1535 1895 etiam
1584 1826 1813 1921 palam·
1856 1824 1943 1893 de
1994 1824 2375 1893 conditione
2424 1840 2815 1919 temporum

700 1957 980 2007 suorum
1012 1938 1306 2033 solebat,
1338 1940 1524 2035 quod
1558 1936 1767 2006 nullis
1796 1934 2290 2013 calamitatibus
2326 1935 2617 2030 publicis
2644 1938 2815 2003 insi-

697 2050 1082 2139 gnirentur:
1120 2052 1402 2139 Augusti
1438 2052 1897 2141 principatum
1930 2046 2122 2115 clade
2158 2050 2488 2126 Variana3
2516 2045 2810 2129 Tiberii,
2874 2112 2879 2117 .

696 2160 895 2225 ruina
936 2160 1477 2251 spectaculorum
1499 2178 1516 2208 ¹
1559 2161 1744 2254 apud
1787 2160 2071 2229 Fidenas
2098 2214 2115 2243 ,
2158 2156 2669 2227 memorabilem
2708 2158 2813 2225 fa-

697 2281 914 2336 ctum:
949 2292 1074 2337 suo
1103 2269 1508 2339 oblivionem
1546 2274 1901 2339 imminere
1928 2272 2372 2363 prosperitate
2400 2284 2651 2335 rerum.
2689 2276 2813 2336 At·

695 2399 828 2472 que
855 2379 1225 2449 identidem
1253 2385 1671 2449 exercituum
1702 2382 1919 2449 caedes
1940 2434 1957 2463 ,
1984 2381 2233 2448 famem
2255 2434 2272 2464 ,
2311 2379 2765 2473 pestilentiam
2789 2431 2808 2460 ‚

694 2488 1001 2558 incendia
1017 2545 1034 2574 ,
1061 2490 1324 2560 hiatum
1352 2490 1651 2589 aliquem
1672 2509 1871 2560 terrae
1894 2488 2188 2585 optabat.

785 2607 1058 2672 XXXII.
1095 2601 1410 2674 Animum
1436 2629 1707 2702 quoque
1734 2606 2139 2687 remittenti,
2172 2601 2469 2698 ludoque
2492 2621 2560 2670 et
2584 2601 2810 2695 epulis

689 2712 918 2780 dedito
930 2767 947 2798 ,
969 2713 1206 2782 eadem
1219 2716 1557 2786 dictorum
1574 2718 2045 2810 factorumque
2064 2715 2318 2782 saevitia
2336 2713 2592 2780 aderat.-
2610 2717 2823 2806 Saepe·

693 2933 812 2985 Ιέοη
843 2935 1172 3008 Buonaparte
1203 2934 1374 3006 (absit
1403 2939 1625 3007 invidia,
1655 2943 1700 2994 si
1792 2931 1951 3008 Quod
1984 2938 2052 2990 ad
2081 2935 2281 2991 dictum
2310 2929 2553 3006 Caligula³
2584 2940 2833 3003 attinet„

692 3029 814 3061 cum
839 3012 952 3062 Caii
979 3017 1191 3068 nomine
1215 3035 1408 3069 nomen
1435 3021 1548 3088 ejus
1574 3038 1701 3071 con·
1788 3014 1909 3069 vide
1926 3037 2039 3089 quae
2062 3031 2180 3088 post
2200 3029 2466 3067 narratam
2482 3017 2594 3086 ejus
2614 3034 2805 3067 necem

683 3091 1042 3164 jungamus),
1078 3093 1144 3146 de
1178 3115 1372 3166 magno
1401 3099 1589 3150 Tacito
1624 3089 1702 3150 lo·
1792 3098 2004 3169 subjicit
2024 3099 2154 3163 Dio,
2180 3097 2325 3164 LIX,
2350 3096 2439 3148 30.

693 3189 858 3242 quens
889 3193 901 3222 :
939 3196 960 3218 ι
981 3168 1038 3222 ῙΙ
1060 3195 1092 3224 a
1121 3173 1386 3228 calomnia(
1405 3177 1620 3230 Tibe-re!
1636 3201 1659 3224 ι
1862 3195 1911 3248 7.
1951 3177 2107 3231 Latro
2124 3201 2142 3239 ,·
2178 3181 2290 3230 sine
2318 3176 2482 3228 dubio
2514 3174 2803 3228 damnatus

767 3247 817 3302 5.
863 3249 935 3302 Ut
952 3269 1114 3304 scenoe
1141 3273 1408 3328 arenoeque
1435 3255 1696 3310 devotum.
1780 3259 1893 3327 jam
1910 3255 1975 3307 ad
1993 3273 2223 3309 arenam.
2238 3255 2713 3316 -Postularetur‚·
2732 3257 2815 3308 ad»

691 3329 916 3382 Ernestii
943 3332 1338 3403 interpretatio,
1369 3357 1390 3381 κ
1411 3336 1567 3390 nimis
1592 3349 1698 3389 stu·
1789 3338 1959 3406 ipsam
1988 3345 2218 3387 arenam.
2261 3360 2326 3376 --
2368 3335 2625 3386 Tetrinios
2660 3347 2764 3387 esse
2786 3358 2805 3396 ,-

688 3406 898 3460 diosum
920 3413 1346 3482 spectaculorum
1363 3417 1699 3468 scenicorum
1744 3422 1747 3430 '
1790 3415 1979 3486 dignos
1996 3455 2014 3482 ,
2044 3418 2135 3487 qui
2166 3427 2219 3467 et
2248 3415 2348 3486 ipsi
2373 3413 2443 3466 ad
2471 3414 2672 3465 ferrum
2696 3413 2803 3466 da-

689 3499 742 3540 et
769 3485 1234 3560 gladiatoriortun.‚
1255 3517 1276 3539 ι
1315 3495 1576 3546 nimis'est
1604 3513 1699 3546 an·
1790 3507 1989 3546 rentur.

689 3569 1127 3637 gusta.Furorem
1143 3570 1521 3643 proscindebat
1536 3575 1697 3646 Equi·
1862 3573 1912 3624 8.
1951 3572 2253 3625 licuerit...
2290 3572 2599 3624 secutoribus
2620 3579 2801 3622 succu-

690 3661 834 3715 tmn,
883 3669 1074 3721 operas
1120 3654 1174 3703 in
1223 3672 1380 3706 scena
1427 3673 1695 3728 arenaque
1784 3653 2016 3704 buerant.
2044 3653 2241 3703 Totum
2268 3666 2459 3722 pugnae
2480 3667 2649 3722 genus
2673 3648 2799 3702 ittu-

685 3727 990 3798 proebendi‚
1023 3729 1090 3782 de
1117 3750 1225 3803 quo
1249 3729 1451 3785 dictum
1482 3733 1553 3786 ad
1580 3734 1695 3788 Au·
1785 3744 2007 3783 stratum
2031 3731 2151 3783 vide
2178 3750 2208 3782 a
2236 3731 2445 3800 Lipsio,
2474 3731 2685 3782 Saturn.
2716 3722 2796 3794 11,

689 3819 828 3877 gast.
855 3825 973 3877 cap.
1001 3806 1087 3872 43.
1786 3829 1816 3883 7
1842 3821 1895 3863 et
1920 3813 1980 3876 8,
2010 3821 2062 3862 et
2090 3811 2159 3862 ab
2191 3814 2409 3883 interpr.
2448 3808 2689 3861 Juvenal.
2718 3811 2795 3873 II,

761 3885 811 3936 6.
851 3883 1069 3936 Faventt'
1094 3883 1331 3940 adversus
1354 3891 1581 3942 studium
1610 3909 1695 3943 su-
1792 3893 1917 3960 143,
1940 3905 1991 3944 et
2010 3889 2155 3954 Vm,
2179 3909 2280 3945 200
2302 3910 2413 3961 seq.
2438 3909 2543 3961 quo
2564 3889 2688 3941 loco
2710 3907 2797 3942 ac-

691 3981 799 4014 um.
827 3964 981 4016 Conf.
1008 3965 1142 4030 Dio,
1164 3965 1309 4030 LIX,
1345 3969 1421 4020 13.
1447 3967 1573 4022 Erat
1598 3989 1697 4022 au·
1726 3987 1735 3996 ·
1784 3985 1965 4024 curate
1989 3970 2122 4024 illud
2148 3969 2485 4023 describitur.

693 4053 799 4093 tem
837 4039 1080 4096 addictus
1118 4043 1436 4116 deditusque
1469 4047 1695 4100 Prasinae
1854 4050 2043 4101 xxxl.
2094 4067 2134 4100 ι.
2162 4051 2331 4102 Ruina
2356 4045 2802 4120 spectaculorun2;

691 4117 938 4188 factioni,
954 4135 1014 4174 ut
1029 4137 1208 4176 narrat
1224 4125 1418 4176 Noster
1432 4164 1448 4191 ,
1466 4145 1587 4198 cap.
1607 4127 1691 4181 55.
1787 4125 2195 4201 Amphitheatri.
2222 4123 2355 4178 vide
2382 4118 2561 4180 Tiber.
2594 4125 2680 4192 40.
