3050 5004
652 465 776 545 164
1397 468 1470 531 C.
1522 468 1992 535 SUETONH

641 620 681 659 a
704 595 943 660 ceteris
970 592 1278 659 tribuit³z
1318 594 1785 689 commisitque
1813 598 2014 663 etiam
2037 597 2452 668 camelorum
2481 604 2746 697 quadri·

606 710 611 713 ’
642 726 779 793 gas,
812 700 1021 769 Ludis
1044 753 1061 783 ,
1091 721 1264 794 quos
1292 724 1419 791 pro
1452 706 1824 771 aeternitate
1857 708 2116 798 imperii
2145 728 2492 802 susceptos
2518 715 2747 807 appel-

636 812 761 878 lari
792 813 1113 877 Max-imos
1141 809 1428 894 voluit4,
1465 836 1549 879 ex
1577 828 1866 907 utroque
1894 815 2130 883 ordine
2155 834 2223 885 et
2248 843 2414 888 sexu
2435 822 2743 919 plerique

633 922 925 991 ludicras
945 939 1171 1015 partes
1202 924 1692 993 sustinuerunt.
1721 930 2124 995 Notissimus
2151 933 2370 1024 Eques
2395 938 2740 1003 Romanus

631 1034 993 1127 elephanto
1035 1032 1488 1126 supersedens
1527 1058 1650 1127 per
1688 1034 2151 1106 catadromum
2187 1038 2590 1111 decucurrit.
2635 1049 2740 1113 In·

633 1147 834 1214 ducta
869 1161 973 1211 est
1009 1159 1079 1211 et
1112 1144 1366 1210 Afranii
1406 1160 1668 1235 togata,
1715 1170 1869 1239 quae
1905 1150 2278 1216 Incendium
2315 1154 2735 1239 inscribitur;

631 1281 1200 1352 concessumque,
1238 1272 1319 1323 ut
1354 1260 1602 1329 scenici
1635 1256 1932 1326 ardentis
1971 1260 2211 1330 domus
2249 1264 2736 1356 supellectilem

632 1368 1037 1469 diriperent,
1080 1392 1161 1436 ac
1202 1367 1328 1434 sibi
1373 1366 1724 1435 haberent.
1772 1372 2013 1461 Sparsa
2055 1388 2124 1439 et
2162 1372 2420 1465 populo
2459 1376 2736 1446 missilia

629 1483 934 1547 omnium
967 1478 1231 1547 rerum⁵
1272 1504 1395 1572 per
1427 1504 1662 1548 omnes
1695 1480 1872 1549 dies:
1907 1483 2174 1576 singula
2205 1486 2502 1579 quotidie
2525 1488 2736 1559 millia

627 1596 853 1661 avium
892 1590 1225 1686 cujusque
1262 1596 1565 1684 generiS,
1605 1592 1958 1685 multiplex
1997 1620 2247 1688 penuS,
2290 1612 2562 1667 tesserae
2599 1600 2733 1668 fru-

622 1707 1006 1786 mentariae,
1050 1707 1253 1779 vestis
1274 1756 1291 1785 ,
1339 1728 1619 1787 aurum,
1664 1722 2022 1795 argentum
2045 1760 2062 1789 ,
2112 1731 2394 1799 gemmae
2415 1762 2432 1791 ,
2476 1735 2732 1805 marga-

620 1820 764 1885 ritae
790 1871 806 1901 ‚
859 1816 1105 1884 tabulae
1159 1819 1392 1909 pictae,
1451 1820 1823 1910 mancipia,
1871 1816 2225 1910 jumenta,
2276 1838 2478 1915 atque
2528 1802 2728 1893 etiam

622 1944 991 1996 mansuetae
1022 1927 1216 2007 ferae3
1252 1932 1614 1996 novissime
1644 1954 1850 1996 naves
1873 1983 1890 2013 ‚
1927 1931 2164 1999 insulae
2184 1985 2201 2015 ,
2233 1936 2396 2025 agri.

716 2043 861 2105 ΧΙΙ.
896 2041 1037 2103 Hos
1061 2036 1258 2104 ludos
1290 2041 1616 2127 spectavit
1639 2037 1676 2105 e
1700 2042 2033 2131 proscenii
2059 2042 2320 2133 fastigio
2337 2053 2378 2109 ¹.
2407 2050 2722 2130 Munere,

622 2148 805 2245 quod
839 2152 911 2215 in
946 2148 1453 2241 Amphitheatro
1488 2149 1714 2243 ligneo
1734 2167 1791 2234 ²,
1824 2156 2098 2245 regione
2131 2156 2354 2222 Martii
2382 2160 2600 2249 campi
2626 2161 2725 2225 in-

617 2280 723 2329 tra
758 2264 918 2327 anni
956 2262 1249 2351 spatium
1286 2260 1609 2327 fabricato
1631 2313 1648 2342 ,
1687 2259 1908 2345 dedit,
1954 2267 2294 2332 neminem
2321 2266 2594 2349 occidit,
2633 2292 2720 2335 ne

618 2378 976 2443 noxiorum
999 2370 1294 2466 quidem.
1324 2371 1642 2440 Exhibuit
1665 2372 1928 2442 autem³
1951 2376 2036 2443 ad
2063 2376 2314 2446 ferrum
2336 2380 2536 2445 etiam
2560 2402 2720 2473 qua-

620 2486 1012 2580 dringentos
1060 2488 1411 2554 Senatores
1432 2539 1449 2569 ,
1499 2502 1987 2582 sexcentosque
2029 2492 2301 2584 Equites
2345 2494 2678 2557 Romanos
2699 2543 2716 2574 ,

688 2749 739 2800 3.
778 2748 917 2800 loca
937 2747 1123 2820 Equiti
1152 2759 1398 2799 secreta...
1430 2748 1621 2799 tribuit.
1716 2765 1921 2814 rerum,
1947 2761 2048 2800 etc.
2073 2747 2209 2798 vide
2233 2749 2435 2820 Xiphil.
2463 2751 2605 2818 LXI,
2638 2751 2717 2802 18.

615 2829 785 2878 Tacit.
825 2826 1017 2878 Annal.
1044 2827 1157 2890 XV,
1188 2826 1254 2876 32
1272 2865 1289 2890 ‚
1328 2849 1349 2872 α
1370 2828 1622 2896 Equitum
1715 2857 1784 2865 —
1810 2827 2035 2892 Insuloe,
2065 2825 2285 2892 domne,
2317 2842 2378 2880 ut
2401 2848 2553 2899 saepe.

614 2907 977 2956 Romanorum
1000 2902 1149 2954 locos
1174 2903 1429 2954 sedilibus
1451 2902 1623 2974 plebis
1784 2904 1897 2955 ΧΠ.
1935 2921 1979 2954 ι.
2007 2905 2058 2954 E
2081 2907 2341 2975 proscenia·
2355 2905 2595 2976 fastiqio.
2630 2911 2721 2958 In-

616 2985 921 3054 anteposuit
954 2979 1097 3052 apud
1121 2981 1349 3034 Circum.
1376 2984 1621 3052 Namque

615 3064 684 3115 ad
726 3082 845 3116 eam
886 3062 1024 3114 diem
1066 3062 1342 3114 indiscreti
1382 3060 1620 3124 inibant,

616 3145 741 3215 quia
764 3143 848 3194 Iex
874 3142 1064 3193 Roscia
1092 3140 1254 3206 nihil,
1276 3141 1377 3190 nisi
1402 3139 1468 3191 de
1489 3158 1622 3210 qua-

612 3221 911 3275 tuordecim
932 3217 1236 3284 ordinibus,
1260 3222 1459 3281 sanxit3
1480 3242 1502 3266 ι
1528 3217 1621 3269 ubi

610 3301 731 3353 vide
776 3300 1033 3372 Lipsium.
1072 3297 1226 3348 Conf.
1263 3298 1511 3348 Tor-rent.
1553 3295 1622 3348 ad

610 3383 755 3434 hunc
782 3381 993 3445 locum,
1014 3390 1069 3430 et
1094 3395 1207 3450 quae
1230 3378 1532 3430 notavimus
1553 3375 1620 3427 ad

608 3461 798 3514 Claud.
832 3479 949 3532 cap.
983 3476 1067 3511 αι.

682 3541 734 3608 4.
776 3539 961 3605 Ludis,
996 3555 1174 3610 quos...
1206 3533 1467 3608 appellari
1492 3534 1618 3586 Ma-

609 3622 778 3673 ximos
802 3617 995 3682 voluit,
1023 3628 1123 3667 etc.
1145 3614 1225 3666 cf.
1250 3612 1447 3684 xiphil.
1474 3615 1616 3680 LXI,

616 3717 698 3770 37,
730 3696 823 3750 ubi
858 3697 1188 3757 Renum-um,
1228 3696 1320 3763 qui
1347 3711 1469 3744 cum
1502 3690 1618 3744 aliis

608 3776 969 3830 catadromum
993 3786 1137 3825 recte
1159 3773 1339 3824 funem
1362 3773 1619 3842 interpre-

610 3873 772 3924 tatur,
804 3877 835 3908 a
868 3873 1075 3909 summo
1104 3855 1310 3905 fornice
1340 3851 1409 3903 ad
1441 3853 1614 3904 solum

606 3935 998 4009 Amphitheatri
1034 3933 1249 4002 oblique
1280 3931 1615 3984 descenden-

607 4031 730 4068 tem.
770 4014 1098 4088 Elephantos
1122 4009 1466 4082 funambulos
1502 4013 1615 4062 No-

608 4111 715 4150 ster
744 4100 903 4150 etiam
936 4106 1191 4148 memorat
1219 4090 1373 4144 Galb.
1405 4090 1455 4142 6.

680 4181 729 4234 5.
768 4179 956 4251 Sparsa
984 4187 1089 4227 et...
1121 4171 1337 4226 missilia
1372 4171 1612 4223 omnium

1713 2983 1794 3034 fra
1809 3019 1825 3045 ‚
1851 3001 1969 3052 cap.
1996 2982 2092 3046 26,
2116 3000 2180 3032 ex
2197 2994 2348 3052 parte
2365 2984 2624 3051 proscenii
2643 3003 2721 3036 su-

1707 3060 1914 3132 periori.
1940 3059 2021 3111 cf.
2049 3058 2117 3111 de
2141 3061 2411 3130 proscenio
2434 3059 2716 3132 Bulenger.

1711 3140 1778 3191 de
1801 3139 2036 3190 Theatro
2053 3177 2068 3200 ,
2096 3140 2148 3204 l,
2178 3139 2260 3191 26.

1785 3237 1832 3270 2.
1851 3217 2332 3288 InAmphitheatro
2349 3217 2554 3291 liquem·
2567 3221 2718 3292 quod

1711 3315 1837 3349 ann.
1867 3299 1926 3350 81
1943 3315 1962 3348 ι
1991 3309 2316 3349 exstructum
2331 3335 2347 3363 ‚
2368 3301 2533 3369 tangit
2553 3299 2716 3353 modo

1710 3379 1878 3429 Tacit.
1918 3374 2105 3428 Annal.
2137 3377 2287 3442 xm,
2327 3377 2417 3444 31,
2457 3399 2480 3424 ι
2501 3381 2716 3432 Nerone

1709 3459 1788 3522 11„
1813 3460 1871 3510 L.
1897 3459 2088 3509 Pisone
2115 3457 2295 3524 Coss..‚
2319 3477 2492 3530 pauca
2513 3478 2714 3510 memo-

1708 3537 1790 3590 ria
1819 3535 1980 3606 digna
1999 3554 2252 3602 evenere,
2279 3539 2381 3589 nisi
2407 3539 2494 3589 cui
2523 3537 2712 3606 libeat,

1707 3613 1988 3668 laudandis
2039 3613 2400 3668 fundamentis
2451 3631 2504 3670 et
2551 3615 2716 3670 trabi-

1707 3694 1826 3758 bus,
1842 3696 1958 3766 quis
1971 3694 2156 3746 molem
2173 3696 2564 3768 Amphitheatri
2574 3696 2712 3770 apud

1709 3793 1956 3845 campum
1972 3775 2155 3826 Martis
2165 3775 2341 3828 Caesar
2354 3789 2710 3844 exstruxerat,

1706 3853 1976 3906 volumina
1999 3854 2236 3926 implere.
2261 3879 2284 3904 υ
2312 3855 2446 3908 Vide
2473 3855 2616 3927 Lips.
2643 3854 2712 3908 de

1706 3933 2112 4004 Amphitheatro
2129 3973 2146 4001 ‚
2171 3937 2224 4000 1,
2254 3934 2302 3986 5.

1779 4013 1829 4066 3.
1865 4013 2121 4066 Exhibuit
2153 4024 2342 4065 autem.
2366 4053 2377 4064 .
2397 4051 2410 4064 .
2431 4049 2444 4062 .
2476 4022 2529 4065 et
2565 4013 2709 4065 varia

1704 4109 1872 4145 arenoe
1901 4093 2202 4146 ministeria.
2233 4093 2314 4144 Cf.
2342 4091 2539 4163 Xiphil.
2561 4092 2706 4162 th,

1713 4189 1792 4242 17,
1822 4170 1917 4224 ubi
1939 4171 2127 4244 pluro,
2154 4173 2323 4224 Tacit.
2355 4169 2545 4225 Annel.
2565 4173 2705 4242 XIV,
