3050 5004
1387 475 1459 539 C.
1511 474 1982 543 SUETONII

636 622 861 681 carm,
898 614 1175 694 tamque
1210 622 1350 667 non
1386 599 1711 670 absimilis
1747 602 1919 671 facie
1945 603 2218 674 Tiberio
2249 610 2540 703 Principi
2571 612 2728 694 fuit,

634 726 714 778 ut
743 705 1049 804 plerique
1081 725 1509 803 procreatum
1549 735 1632 779 ex
1665 735 1747 781 eo
1774 711 2147 782 crederent.
2183 715 2494 786 Urbanos
2526 719 2736 788 hono·

638 471 771 560 276

513 826 527 838 ’
632 843 771 901 reS,
813 819 1367 911 proconsulatum
1412 820 1649 888 Africae
1672 875 1689 900 ‚
1736 838 1803 889 et
1842 824 2370 896 exn-nordinaria
2410 831 2690 923 imperia
2711 885 2730 914 ,

631 933 1049 1000 severissime
1074 929 1592 1000 administravit.
1619 939 1842 1001 Ausus
1867 938 2068 1003 etiam
2093 956 2195 1004 est
2214 941 2287 1005 in
2317 939 2588 1033 Illyrico
2611 946 2733 1010 mi·

626 1041 781 1112 lites
806 1041 1137 1137 quosdam
1152 1095 1170 1126 ,
1198 1040 1384 1137 quod
1406 1059 1599 1110 motu
1622 1043 1880 1112 Camilli
1899 1043 1929 1095 4
1952 1069 2034 1114 ex
2062 1051 2452 1138 poenitentia
2477 1061 2731 1146 praepo-

626 1157 791 1223 sitos
816 1178 974 1222 suos
989 1207 1007 1237 ,
1029 1157 1225 1248 quasi
1243 1152 1639 1237 defectionis
1663 1151 1988 1223 adversus
2011 1157 2368 1227 Claudium
2390 1182 2725 1248 auctores,

626 1264 1043 1348 occiderant,
1068 1267 1287 1359 capite
1321 1267 1595 1357 punire,
1624 1283 1692 1333 et
1719 1264 1995 1360 quidem
2021 1287 2176 1337 ante
2212 1274 2548 1365 Principia
2567 1275 2626 1358 ⁵,
2651 1298 2726 1343 se

624 1399 884 1460 coram3
911 1378 1219 1469 quamvis
1247 1375 1333 1443 ob
1360 1374 1430 1443 id
1453 1378 1680 1468 ipsum
1704 1395 2048 1469 promotos
2073 1381 2144 1447 in
2166 1380 2565 1474 ampliorem
2588 1407 2728 1474 gra-

624 1485 793 1554 dum
814 1512 855 1554 a
881 1485 1160 1554 Claudio
1189 1488 1405 1554 sciret.
1439 1491 1591 1573 Quo
1623 1487 1800 1554 fiicto
1820 1539 1837 1572 ,
1873 1490 2051 1556 sicut
2073 1489 2355 1582 gloriam
2383 1495 2602 1576 auxit,
2631 1497 2724 1562 ita

622 1602 905 1693 gratiam
922 1602 1167 1666 minuit
1189 1626 1203 1667 ε
1228 1623 1435 1694 quam
1452 1616 1684 1666 tamen
1703 1617 1966 1694 mature
1990 1605 2440 1694 recuperavit,
2463 1603 2722 1674 detecta

622 1711 883 1806 Equitis
905 1712 1187 1777 Romani
1205 1708 1444 1777 fraude
1455 1710 1507 1792 ⁶,
1525 1733 1754 1805 quem,
1770 1711 2211 1804 prodentibus
2232 1715 2466 1797 servis,
2485 1739 2721 1783 necem

621 1821 904 1890 Claudio
929 1845 1201 1913 parare,
1241 1837 1682 1913 compererat.
1715 1825 2020 1916 Namque
2049 1839 2117 1890 et
2147 1826 2431 1891 Senatus
2463 1823 2720 1894 honore

620 1933 997 2012 rarissimo,
1032 1947 1255 1996 statua
1284 1933 1354 1996 in
1378 1929 1629 1997 Palatio
1653 1933 1872 2023 posita
1886 1945 1941 2012 7,
1970 1947 2366 2024 prosecutus
2390 1950 2494 2001 est
2517 1957 2714 2020 eum;

620 2056 690 2108 et
714 2037 1035 2109 Claudius
1058 2037 1375 2107 allectum
1398 2043 1576 2108 inter
1601 2040 1958 2132 patriciosss
1979 2039 2370 2110 collaudans
2393 2044 2720 2138 amplissi-

620 2153 747 2220 mis
772 2150 1023 2242 verbis,
1054 2150 1185 2219 hoc
1208 2174 1482 2247 quoque
1506 2150 1788 2246 adjecit:
1827 2183 1853 2214 α
1872 2155 2025 2237 Vir,
2053 2179 2188 2249 quo
2221 2154 2530 2224 meliores
2555 2155 2716 2225 libe-

618 2289 731 2333 ros
761 2264 1011 2333 habere
1044 2288 1129 2332 ne
1162 2279 1322 2357 opto
1356 2261 1654 2358 quidem.
1682 2296 1708 2327 υ
1752 2270 1850 2333 Ex
1891 2264 2082 2333 Albia
2113 2270 2454 2350 Terentia,
2494 2268 2717 2362 splen-

685 2514 738 2582 4.
764 2516 941 2567 ‘Motu
985 2512 1224 2576 camilli‚·
1264 2511 1619 2568 Scriboniani.

612 2593 749 2647 Vide
774 2593 965 2647 Claud.
1006 2593 1086 2646 13.
1118 2622 1191 2633 -
1220 2594 1301 2645 De
1333 2594 1621 2664 praepositis

613 2674 686 2727 cf.
714 2673 783 2726 ad
808 2674 961 2726 Galb.
992 2692 1070 2727 12.

700 2751 752 2805 5.
811 2752 949 2805 Ante
1002 2752 1288 2821 Principia.
1351 2750 1616 2804 Plutarch.

608 2829 766 2892 Galb.
812 2847 901 2898 12,
944 2829 1117 2899 ἀρχαῖαι
1156 2840 1346 2894 vocat,
1384 2826 1616 2895 addens,

1707 2513 1885 2566 literas
1909 2511 2070 2567 lectas
2093 2513 2411 2587 habitasque
2438 2514 2714 2567 allocutio-

1709 2612 1802 2646 nes
1827 2631 1845 2657 ‚
1905 2596 2279 2665 castigationes
2337 2610 2390 2646 et
2445 2596 2714 2651 interdum

1709 2674 2184 2728 animadversiones
2199 2677 2463 2729 institutas
2474 2716 2492 2743 ‚
2507 2680 2713 2747 signum

1705 2771 1896 2824 pugnae
1913 2755 2267 2825 propositum.
2282 2754 2454 2805 Poenae
2471 2754 2548 2806 ibi
2565 2774 2713 2807 sum-

1705 2842 1770 2882 tae
1806 2846 1997 2902 praeter
2024 2831 2205 2883 locum
2239 2846 2482 2884 nostrum
2521 2836 2712 2887 excitat

610 2906 649 2960 ἒ
673 2908 938 2978 Πρηιιίπια.
965 2910 1157 2962 καλοῦσι
1169 2906 1406 2972 Ῥωμαῖοι.
1422 2909 1614 2979 Sigon.

608 2988 679 3041 de
712 2991 835 3039 Ant.
872 2990 986 3039 Jur.
1020 2991 1169 3039 Prov.
1204 2990 1281 3052 11,
1310 2987 1375 3039 6:
1410 3008 1433 3032 ι
1454 2988 1616 3039 Erant

607 3066 884 3140 Principia
902 3066 1051 3119 locus
1070 3068 1124 3117 in
1143 3068 1329 3119 castris
1346 3077 1471 3137 post
1490 3068 1618 3118 1²1·ae-

604 3150 798 3201 torium
812 3159 867 3200 et
874 3146 1224 3215 Quaestorium
1236 3144 1616 3215 nobilissimus,

605 3246 800 3298 nempe
823 3229 879 3278 in
905 3234 1012 3298 quo
1034 3226 1243 3297 Legati,
1268 3226 1494 3277 Tribuni
1518 3228 1617 3277 mi-

606 3308 758 3360 litum
773 3346 789 3373 ‚
819 3326 881 3360 ac
903 3310 1201 3379 primorum
1228 3308 1453 3359 maxime
1474 3306 1616 3358 ordi·

606 3406 738 3438 num
762 3386 1013 3439 ductores
1040 3406 1150 3439 non
1176 3386 1343 3453 aliter,
1365 3404 1426 3477 a}
1449 3388 1615 3457 Impe-

605 3477 755 3517 rator
770 3466 823 3515 in
839 3466 1087 3516 Praetorio
1101 3503 1117 3531 .,
1138 3465 1383 3533 Quaestor
1397 3484 1451 3515 in
1466 3466 1615 3531 Quae-

605 3544 801 3607 stoi-io,
823 3541 1114 3594 tendebant
1138 3563 1199 3595 ac
1222 3546 1311 3615 jus
1335 3542 1610 3609 dicebant,

604 3620 751 3673 unde
776 3621 985 3673 mulcta.²
1006 3622 1315 3695 plerumque
1341 3623 1403 3674 de
1424 3620 1612 3674 militi-

603 3700 692 3753 bus
728 3702 783 3752 in
810 3700 1093 3771 Principiis
1126 3710 1311 3753 sumtae
1348 3700 1609 3773 lequntun

602 3794 707 3832 etc.
730 3804 753 3827 ι·
782 3782 861 3834 Cf.
888 3783 1028 3853 Lips.
1054 3780 1121 3833 de
1146 3782 1259 3833 Mil.
1286 3784 1436 3833 Rom.
1465 3785 1529 3847 V,
1555 3784 1605 3851 4.

600 3858 747 3915 Idem
762 3859 830 3911 ad
843 3861 1012 3911 Tacit.
1028 3861 1216 3912 Annal.
1229 3861 1343 3927 XV,
1360 3879 1377 3912 1
1388 3860 1421 3913 6
1432 3900 1448 3927 .,
1464 3862 1612 3932 apud

596 3939 898 4009 Principia,
930 3957 1050 4005 seu,
1089 3937 1236 4011 quod
1262 3938 1432 4005 idem,
1460 3942 1609 4011 apud

597 4020 771 4089 signa,
790 4017 1073 4090 plerosque
1084 4014 1380 4070 'castrorum
1407 4018 1604 4071 solem-

596 4116 693 4149 nes
715 4108 864 4148 actus
884 4096 1176 4150 celebratos
1204 4098 1392 4165 fuisse,
1417 4098 1602 4165 docet,

596 4191 656 4230 ut
692 4182 781 4249 jus
817 4178 1049 4245 dictum,
1086 4179 1261 4235 edicta
1298 4182 1568 4251 proposita
1590 4220 1606 4248 ‚

1707 2910 2005 2982 exemplum
2023 2930 2052 2965 e
2071 2912 2326 2963 Frontino
2338 2951 2356 2979 ‚
2375 2911 2596 2985 Stratag.
2619 2914 2710 2981 lv,

1709 3006 1758 3057 ι,
1785 2989 1868 3042 15.
2501 3010 2504 3013 ’

1775 3069 1826 3121 6.
1855 3070 2069 3122 Detecto
2091 3071 2296 3143 Equitis
2316 3070 2543 3122 Romani
2552 3072 2712 3143 frau-

1703 3146 1793 3213 de,
1829 3160 1930 3200 ete.
1963 3149 2202 3202 Alterum
2229 3150 2537 3203 Torrentius
2570 3152 2710 3204 duo-

1703 3243 1820 3276 rum
1847 3226 2062 3279 illorum
2089 3226 2204 3279 vult
2231 3246 2373 3293 esse,
2408 3226 2476 3279 de
2513 3227 2707 3298 quibus

1704 3304 1921 3359 Sueton.
1953 3306 2142 3359 Claud.
2177 3326 2296 3378 cap.
2329 3308 2407 3360 13.
2443 3310 2706 3359 Incertum

1701 3384 1807 3437 hoc
1831 3388 2065 3457 itemque
2089 3406 2170 3439 res
2191 3405 2291 3457 per
2313 3404 2370 3439 se
2393 3386 2560 3440 nihili.

1775 3482 1824 3535 7.
1845 3466 2031 3519 Statua
2052 3467 2108 3519 in
2123 3466 2334 3520 Palatio
2348 3467 2534 3538 posita.
2556 3467 2706 3519 Sum-

1701 3562 1848 3594 mum
1873 3544 2020 3597 hune
2051 3544 2313 3597 honorem
2340 3546 2531 3612 fuisse,
2557 3560 2708 3617 patet

1700 3623 1858 3674 etiam
1881 3644 1910 3675 e
1929 3626 2097 3675 Tacit.
2121 3622 2311 3675 Annal.
2335 3625 2448 3690 XV,
2471 3640 2562 3694 72,
2583 3625 2703 3690 ubi,

1705 3724 1728 3747 ι
1745 3700 2064 3771 Tigellinum
2094 3713 2147 3753 et
2179 3704 2406 3754 Nervam
2433 3704 2507 3754 ita
2534 3701 2704 3755 extol-

1697 3777 1809 3833 lens
1823 3820 1840 3847 ,
1866 3794 1952 3845 ut,
1978 3799 2136 3851 super
2160 3777 2506 3852 triumphales
2529 3783 2584 3831 iu
2606 3784 2704 3833 Fo-

1697 3878 1756 3910 ro
1787 3859 2072 3929 imagines,
2100 3858 2243 3930 apud
2265 3858 2538 3911 Palatium
2567 3878 2700 3932 quo-

1696 3957 1801 4009 que
1825 3936 2028 4013 effigies
2051 3956 2226 3989 eorum
2250 3938 2458 3991 sisteret.
2481 3962 2502 3985 ιι
2681 3936 2690 3949 ’

1764 4018 1813 4070 8.
1834 4014 2098 4069 Allectum
2113 4016 2252 4067 inter
2261 4018 2508 4089 patricios
2515 4038 2534 4078 ;
2549 4016 2701 4087 quod

1688 4102 1777 4169 Jus
1803 4100 2148 4169 Imperatores
2171 4098 2270 4149 sibi
2293 4111 2590 4151 sumserant
2612 4099 2696 4149 in-

1695 4180 1760 4233 de
1777 4199 1809 4232 a
1823 4181 2042 4234 caesare.
2065 4180 2150 4233 cf.
2165 4179 2294 4232 Caes.
2313 4180 2402 4247 41,
2419 4192 2474 4231 et
2487 4178 2563 4233 ibi
2582 4192 2692 4231 not.
