3050 5004
672 522 805 608 294
1423 520 1494 583 e.
1547 516 2014 583 snssTomt

668 644 1082 738 coeptabant,
1117 647 1364 737 corripi
1402 648 1597 741 quasi
1625 645 2003 713 desertores
2017 696 2036 727 ,
2073 642 2492 741 detinerique
2522 648 2762 729 sensit,

678 786 705 815 α
723 753 1129 847 Adjiciamus
1148 809 1165 839 ‚
1192 788 1219 817 n
1251 758 1473 852 inquit
1490 808 1506 839 ,
1545 789 1572 818 α
1590 759 1746 825 vitae
1775 776 1843 825 et
1867 756 2046 825 banc
2071 772 2339 825 noctem
2357 810 2377 841 ,
2397 788 2426 818 n
2461 755 2568 825 his
2600 759 2762 851 ipsis

664 866 1079 962 totidemque
1118 866 1383 936 verbis:
1424 872 1804 963 vetuitque,
1844 870 1976 937 vim
2011 871 2328 961 cuiquam
2365 868 2551 950 fieri3
2591 885 2658 935 et
2694 872 2763 935 in

666 1000 895 1047 serum
922 1002 1141 1074 usque
1174 996 1444 1073 patente
1480 979 1832 1062 cubiculo,
1873 981 1928 1047 si
1964 981 2118 1073 quis
2145 978 2332 1045 adire
2367 977 2574 1046 vellet
2595 1031 2614 1061 ,
2645 1000 2766 1071 po·

664 1106 975 1159 testatem
1016 1095 1119 1167 sui
1161 1090 1469 1183 praebuit.
1521 1096 1680 1159 Post
1721 1089 1852 1159 boc
1887 1088 2116 1157 sedata
2151 1091 2260 1156 siti
2297 1088 2534 1180 gelidae
2569 1112 2766 1186 aquae

662 1204 937 1293 potione
954 1218 983 1249 ²
999 1256 1018 1286 ,
1052 1205 1337 1296 arripuit
1362 1202 1534 1271 duos
1561 1204 1890 1295 pugiones
1907 1252 1924 1281 ,
1951 1216 2019 1268 et
2043 1199 2386 1294 explorata
2407 1203 2764 1293 utriusque

662 1312 837 1393 acie,
868 1336 1079 1406 quum
1104 1311 1391 1381 alterum
1420 1295 1702 1405 pulvino
1727 1308 2169 1393 subdidisset,
2201 1308 2456 1377 foribus
2485 1307 2768 1403 adoper-
2799 1356 2837 1405 ι

660 1424 746 1487 tis
770 1424 1107 1491 artissimo
1134 1446 1374 1490 somno
1405 1422 1725 1517 quievit3.
1769 1426 1854 1488 Et
1889 1422 2064 1490 circa
2096 1420 2319 1488 lucem
2347 1420 2625 1489 demum
2653 1446 2768 1489 ex-

660 1532 1085 1623 pergefactus
1105 1585 1122 1617 ,
1148 1556 1289 1599 uno
1310 1554 1383 1599 se
1410 1528 1674 1624 trajecit
1708 1534 1846 1599 ictu
1876 1530 2052 1599 infra
2086 1530 2326 1599 laevam
2353 1528 2382 1589 4
2397 1530 2760 1625 papillam:

661 1642 1331 1737 irrumpentibusque,
1372 1641 1460 1709 ad
1499 1642 1799 1734 primum
1845 1643 2166 1733 gemitum
2186 1692 2205 1723 ,Α
2251 1638 2453 1708 modo
2489 1640 2720 1709 celans
2743 1693 2762 1723 ,

658 1754 865 1821 modo
914 1752 1231 1845 detegens
1282 1752 1553 1846 plagam
1581 1805 1598 1833 ‚
1659 1752 2080 1819 exanimatus
2141 1763 2243 1817 est
2267 1800 2284 1831 ,
2342 1766 2411 1817 et
2458 1748 2768 1818 celeriter

662 1866 858 1949 (nam
902 1864 993 1931 ita
1040 1868 1489 1959 praeceperat)
1544 1862 1896 1929 funeratus
1917 1860 1979 1943 ⁵,
2027 1860 2366 1927 tricesimo
2411 1875 2481 1927 et
2527 1876 2764 1928 octavo

662 2124 743 2189 vi,
768 2118 926 2195 quem
951 2120 1131 2176 clausa
1149 2124 1314 2176 domo
1334 2121 1670 2175 obsidebant.
1761 2120 1946 2172 rietate
1970 2117 2060 2170 alii
2081 2129 2220 2168 nost.
2251 2116 2373 2167 loco
2401 2112 2651 2168 exhibent
2668 2116 2766 2169 ad-

660 2201 939 2274 Increpitis
984 2200 1259 2257 seditionis
1318 2200 1629 2254 auctoribus
1651 2238 1670 2267 ‚
1759 2198 1966 2271 apertis.
1986 2196 2337 2249 vindicarunt
2361 2198 2565 2249 Ernest.
2586 2210 2635 2247 et
2656 2197 2766 2251 Ou-

660 2300 929 2352 regressus
957 2283 1163 2335 vacavit
1196 2280 1507 2335 adeuntium
1541 2280 1672 2335 allo-
1760 2279 2021 2351 dendorp.
2042 2276 2328 2350 adopertis,
2350 2275 2640 2331 codicibus
2661 2278 2768 2330 rei-

663 2361 801 2431 quiis
816 2399 832 2428 ,
875 2359 1045 2413 donec
1088 2380 1272 2415 omnes
1318 2361 1557 2413 inviolati
1597 2358 1674 2412 di-
1761 2380 1868 2433 que
1892 2363 2098 2411 ratione
2123 2360 2247 2411 satis
2267 2358 2654 2410 confirmatum.

657 2438 1025 2512 grederentur.
1042 2464 1066 2488 ι
1085 2441 1240 2493 conf.
1262 2439 1531 2493 Plutarch.
1547 2458 1664 2512 cap.
1830 2438 1882 2506 4
1908 2440 1978 2491 Ει
2001 2440 2137 2490 circa
2158 2436 2386 2489 lucem...
2406 2435 2550 2510 infra
2575 2436 2764 2490 loevam

666 2519 749 2572 16.
788 2523 889 2572 Pro
932 2521 1257 2593 coeptabant,
1294 2519 1365 2572 al.
1402 2519 1540 2572 male
1576 2537 1667 2571 ca-
1754 2515 2038 2591 papillam.
2076 2518 2244 2570 Tacit.
2287 2517 2472 2568 -Luce
2509 2518 2680 2586 prima
2707 2519 2766 2568 in

658 2599 894 2670 ptabant.
1759 2599 1955 2650 ferrum
1977 2611 2196 2670 pectene
2215 2596 2472 2648 incubuit.
2497 2596 2582 2648 Ad
2605 2599 2767 2668 gemi-

736 2696 785 2731 2.
816 2680 943 2730 Post
967 2678 1061 2730 hoc
1078 2680 1251 2733 sedata
1269 2681 1409 2733 siti...
1430 2679 1666 2751 potione.

661 2757 830 2810 Tacit.
876 2758 1330 2829 avesperascente
1367 2757 1484 2823 die,
1527 2759 1668 2810 sitim

656 2835 856 2890 haustu
882 2837 1067 2910 gelidae
1104 2859 1254 2912 aqum
1290 2839 1507 2894 sedavit.
1530 2864 1554 2887 υ
1584 2840 1668 2893 Cf.

658 2917 932 2970 Plutarch.
963 2937 1011 2973 c.
1044 2936 1124 2989 17.

734 2995 787 3049 3.
822 2998 1139 3071 Arripuit...
1168 3010 1294 3051 et....
1327 3000 1540 3074 quievit.
1564 3002 1671 3054 Ta-

661 3077 751 3130 cit.
787 3097 809 3124 ι
828 3079 967 3130 Tum
990 3078 1161 3132 allatis
1182 3079 1506 3150 pugionibus
1531 3079 1670 3133 duo-

660 3154 791 3222 bus,
812 3175 977 3230 quum
997 3173 1282 3231 utrumque
1298 3173 1670 3231 pet-tentasset,

662 3235 889 3288 alterum
914 3240 1076 3312 capiti
1104 3237 1372 3292 subdidin
1404 3253 1456 3292 et
1480 3241 1668 3312 explo-

657 3328 777 3367 rato
796 3354 815 3382 ,
836 3316 948 3386 jam
985 3317 1257 3389 profectos
1294 3319 1493 3370 amicos
1512 3355 1531 3384 ‚
1568 3337 1670 3372 no-

660 3405 801 3444 ctem
843 3395 1105 3466 quietam,
1148 3408 1310 3467 utque
1349 3395 1670 3466 affirmatur,

660 3491 773 3524 non
800 3474 1095 3526 insomnem
1112 3511 1129 3538 ‚
1168 3477 1293 3546 egit.
1313 3497 1336 3522 n
1378 3475 1431 3528 Si
1461 3475 1670 3530 Plutar-

661 3550 767 3604 cho
791 3551 949 3618 fides,
980 3575 1002 3600 οι
1020 3553 1163 3605 intro
1186 3555 1387 3606 vocatis
1409 3553 1670 3606 domesti-

660 3633 766 3698 cis,
804 3634 1087 3703 pecuniam
1122 3651 1225 3705 pro
1259 3635 1458 3686 meritis
1498 3631 1670 3687 distri-

660 3709 780 3762 buit
801 3703 951 3782 (vi’de
973 3729 1094 3784 cap.
1125 3729 1216 3779 to,
1240 3712 1379 3784 δτι).
1408 3714 1576 3779 Hinc,
1596 3710 1671 3764 di-

662 3792 837 3846 missis
879 3791 1158 3859 omnibus,
1200 3792 1392 3847 clausis
1432 3793 1669 3860 foribus,

659 3883 805 3923 arcte
832 3870 1121 3938 dormivit,
1160 3872 1233 3923 ita
1270 3882 1332 3924 ut
1360 3870 1672 3926 cubicularii

648 3950 857 4022 foribus
896 3951 1154 4004 adstantes
1186 3961 1479 4004 stertentem
1518 3952 1670 4003 audi-

662 4031 843 4084 verint.
867 4055 889 4078 ι
914 4031 1077 4099 Vide,
1099 4049 1261 4102 quam
1280 4043 1435 4083 caute
1448 4031 1666 4082 Tacitus

659 4107 726 4161 de
762 4130 953 4162 somno
994 4123 1289 4179 memoret,
1326 4123 1666 4182 comparatus

661 4205 782 4242 cum
802 4188 1035 4262 reliquis.
1056 4193 1330 4259 Ceterum,
1350 4191 1562 4244 solenni
1579 4209 1666 4242 va-

1759 2693 1872 2732 tum
1899 2681 2169 2732 morientis
2195 2678 2422 2748 ingressi
2449 2677 2626 2730 liberti
2652 2697 2766 2731 ser—

1757 2763 1913 2833 vique
1951 2773 2002 2811 et
2030 2759 2232 2811 Plotius
2261 2757 2494 2824 Firmus,
2529 2761 2769 2812 Praetorii

1757 2841 2057 2904 Praefectus,
2070 2856 2234 2891 unum
2246 2837 2438 2891 vulnus
2452 2840 2718 2892 invenere.
2737 2863 2760 2886 ι

1757 2909 1912 2972 Conf.
1942 2915 2211 2969 Plutarch.

1831 2999 1882 3052 5.
1919 2999 1993 3051 Et
2027 2996 2314 3050 celeriter...
2330 2995 2629 3068 fimerutm.
2659 2997 2768 3051 Ta-

1757 3077 1846 3130 cit.
1883 3077 2106 3129 «Funus
2139 3088 2487 3129 maturatum:
2519 3075 2768 3130 ambitio·

1757 3157 1829 3210 sis
1851 3154 1908 3208 id
1929 3155 2179 3228 precibus
2203 3157 2464 3226 petierat,
2485 3173 2556 3208 ne
2582 3173 2770 3229 ampu-

1759 3247 1958 3288 taretur
1998 3247 2192 3307 caput,
2229 3231 2466 3287 ludibrio
2502 3235 2767 3288 futurum.

1757 3315 1953 3372 Tulere
1979 3334 2176 3387 corpus
2205 3315 2460 3387 praetofiae
2483 3313 2770 3385 cohortes,

1757 3413 1882 3447 cum
1909 3392 2158 3446 laudibus
2191 3407 2243 3445 et
2271 3391 2501 3446 lacrimis
2517 3433 2536 3462 ,
2569 3393 2768 3449 vulnus

1759 3490 2058 3548 manusque
2083 3475 2196 3543 ejus
2223 3471 2605 3526 exosculantes.
2625 3497 2650 3520 n
2679 3474 2766 3526 Cf.

1756 3551 2023 3607 Plutarch.
2047 3556 2167 3626 qui,
2191 3571 2240 3605 c.
2273 3553 2362 3621 18,
2385 3553 2578 3606 vidisse
2599 3572 2658 3608 se
2688 3552 2778 3607 di-·

1757 3635 1830 3685 cit
1857 3633 2080 3687 Brixelli
2108 3647 2513 3708 monumentum
2535 3631 2770 3689 Othonis

1757 3712 2025 3766 mediocre
2047 3750 2064 3779 ‚
2105 3715 2420 3784 inscriptum
2440 3753 2459 3781 ‚
2494 3714 2772 3767 Memoriae

1756 3791 1930 3844 Mami
1952 3791 2189 3846 othonis.
2213 3789 2380 3844 Nihili
2399 3791 2558 3863 igitur
2575 3805 2686 3858 est,
2707 3805 2770 3844 ut

1757 3871 1961 3926 dudum
1989 3889 2244 3925 censuere
2281 3873 2380 3924 viri
2405 3870 2584 3939 docti,
2617 3871 2772 3944 quod

1758 3951 1881 4003 loco
1915 3964 2058 4003 nost.
2091 3949 2181 4003 alii
2219 3951 2424 4003 addunt
2447 3952 2593 4023 apud
2619 3951 2774 4005 Guli-

1757 4044 1990 4097 teman»,
2019 4031 2102 4084 vel
2131 4031 2512 4098 calciantem,
2539 4029 2624 4084 vel
2661 4031 2730 4084 V
2719 4051 2770 4086 e-

1757 4111 2035 4177 liternum,
2069 4124 2168 4164 etc.
2205 4131 2268 4164 ex
2299 4131 2407 4184 quo
2443 4111 2630 4181 fuere,
2669 4112 2768 4186 qui

1756 4192 1993 4244 facerent
2014 4211 2078 4244 uc
2097 4211 2259 4263 parvo
2283 4191 2444 4245 cultu.
