3050 5004
658 510 793 594 460
968 562 977 567 .
1260 506 1482 572 Anu
1533 506 1848 573 PERsu
1895 508 2142 573 VITA.

655 638 857 732 [quin
894 634 1056 702 «illa
1086 657 1233 701 esse
1265 656 1422 701 vera
1457 649 1770 725 poemata
1792 664 1819 695 n
1861 632 2204 722 diceret4].
2245 638 2405 703 Sero
2443 640 2759 730 cognovit

656 763 725 815 et
752 750 1073 815 Senecam
1094 798 1111 825 ‚
1150 741 1269 811 sed
1302 767 1440 810 non
1476 760 1554 811 ut
1575 759 1929 835 caperetur
1957 740 2104 837 ejus
2129 746 2420 835 ingenio.
2450 752 2629 816 Usus
2654 766 2760 817 est

656 856 839 951 apud
862 862 1235 924 Cornutum
1269 851 1568 922 duorum
1596 858 1908 922 convictu
1935 853 2476 925 doctissimorum
2511 874 2576 925 et
2606 884 2760 927 san-

658 969 1111 1035 ctissimorum
1170 968 1507 1049 virorum,
1575 966 1819 1031 acriter
1875 980 2022 1032 tum
2089 965 2704 1060 philosophantium
2737 1022 2757 1050 ,

656 1073 917 1145 Claudii
970 1074 1395 1168 Agathemeri
1416 1126 1435 1155 ,
1482 1074 1729 1142 medici
1776 1073 2298 1160 Lacedaemonii,
2353 1096 2420 1145 et
2464 1082 2760 1147 Petronii

661 1190 1115 1269 AristocratiS,
1151 1188 1517 1279 Magnetis,
1557 1208 1732 1279 quos
1766 1189 1964 1255 unice
2001 1189 2284 1255 miratus
2319 1206 2420 1256 est
2450 1206 2516 1257 et
2553 1214 2756 1258 aemu-

640 1296 863 1380 latus,
911 1321 1126 1392 quum
1167 1296 1461 1391 aequales
1504 1313 1766 1380 essent,
1806 1313 1876 1363 et
1907 1302 2208 1365 Cornuto
2245 1301 2562 1366 minoreS.
2603 1304 2756 1392 Ipse

660 1410 859 1475 etiam
886 1406 1122 1475 decem
1158 1406 1299 1474 fere
1328 1409 1527 1473 annis
1561 1429 1827 1473 summe
1855 1405 2140 1475 dilectus
2177 1432 2217 1475 a
2247 1414 2426 1477 Paeto
2455 1408 2757 1477 Thrasea

660 1536 793 1601 est,
822 1522 913 1589 ita
946 1536 1023 1587 ut
1050 1521 1591 1610 peregrinaretur
1618 1540 1892 1613 quoque
1917 1541 2071 1585 cum
2107 1543 2186 1587 eo
2218 1519 2581 1615 aliquando
2600 1574 2618 1603 ‚
2647 1544 2758 1589 co-

660 1646 931 1723 gnatam
954 1628 1103 1723 ejus
1133 1632 1389 1697 Arriam
1422 1616 1716 1697 uxorem'
1737 1630 2041 1699 habente.
2077 1633 2234 1699 Fuit
2265 1657 2530 1700 morum
2555 1630 2755 1699 lenis-

661 1741 1017 1822 simorum,
1048 1738 1470 1808 verecundiae
1493 1738 1868 1832 virginalis,
1905 1740 2139 1808 formae
2171 1740 2507 1832 pulchras,
2547 1744 2756 1834 pieta-

658 1852 743 1919 tis
771 1876 931 1943 erga
956 1868 1239 1919 matrem
1268 1867 1337 1918 et
1364 1873 1668 1919 sororem
1695 1868 1762 1917 et
1783 1852 2059 1917 amitam
2083 1848 2390 1943 exemplo
2418 1852 2754 1920 sufficieu-

659 1963 767 2029 tis.
805 1965 960 2028 Fuit
993 1960 1171 2053 frugi
1205 1976 1274 2028 et
1300 1958 1610 2052 pudicus.
1646 1958 1943 2053 Reliquit
1969 1962 2146 2027 circa
2173 1962 2297 2027 HS.
2328 1962 2532 2029 vicies
2560 1965 2756 2029 matri

662 2088 731 2141 et
764 2075 1022 2140 sorori:
1070 2074 1332 2164 scriptis
1373 2089 1602 2141 tamen
1641 2070 1732 2137 ad
1771 2088 2059 2139 matrem
2099 2070 2454 2155 codicillis,
2500 2076 2756 2167 rogavit

662 2208 841 2268 eam,
882 2201 960 2252 ut
982 2183 1177 2253 daret
1202 2188 1499 2251 Cornuto
1528 2186 1832 2251 sestertia
1851 2234 1870 2265 ‚
1902 2200 1978 2251 ut
2001 2182 2278 2277 quidam
2305 2183 2571 2267 dicunt,
2601 2210 2752 2253 cen-

661 2313 844 2380 tum3
876 2311 952 2363 ut
976 2294 1088 2363 alii
1116 2293 1386 2379 volunt,
1420 2297 1680 2388 argenti
1709 2294 1865 2362 facti
1891 2294 2122 2386 pondo
2153 2297 2417 2389 viginti,
2453 2313 2520 2363 et
2551 2295 2751 2363 libros

659 2410 833 2475 circa
858 2409 1315 2498 septingentos
1332 2458 1351 2489 ‚
1378 2410 1517 2475 sive
1541 2402 2016 2473 bibliothecam
2041 2429 2238 2473 suam
2269 2430 2562 2475 omnem.
2595 2408 2750 2495 [Ve-

657 2543 814 2587 rum
831 2522 1202 2601 Cornutus,
1224 2516 1507 2586 sublatis
1524 2517 1714 2586 libris
1729 2571 1746 2602 ‚
1771 2520 2127 2612 pecuniam
2147 2518 2492 2586 sororibus
2508 2572 2526 2601 ‚
2553 2541 2752 2612 quam

657 2627 862 2696 frater
894 2625 1177 2696 heredes
1210 2627 1462 2698 fecerat
1481 2680 1498 2712 ‚
1538 2628 1904 2722 reliquit⁵].
1941 2634 2024 2696 Et
2050 2651 2237 2711 raro,
2277 2643 2345 2696 et
2374 2627 2564 2695 tarde
2597 2629 2753 2696 scri-

656 2740 811 2828 psit.
860 2742 1058 2806 Huuc
1100 2740 1327 2830 ipsum
1368 2737 1620 2807 librum
1655 2739 2125 2831 imperfectum
2165 2737 2461 2834 reliquit.
2506 2741 2750 2804 Versus

657 2848 867 2942 aliqui
894 2848 1099 2916 demti
1124 2866 1287 2916 sunt
1312 2848 1553 2918 ultimo
1577 2849 1763 2917 libri:
1795 2865 1864 2918 et
1883 2852 2078 2946 quasi
2107 2848 2339 2917 finitus
2363 2864 2566 2930 esset,
2595 2847 2751 2916 levi-

662 2975 763 3026 ter
790 2962 1177 3028 retractavit
1200 2963 1615 3045 Cornutus⁶‚
1643 2977 1712 3032 et
1731 2965 1944 3032 Caesio
1971 2968 2174 3030 Basso
2197 2963 2480 3054 petenti,
2508 2979 2588 3030 ut
2613 2963 2752 3054 ipse

658 3068 889 3138 ederet
909 3121 926 3152 ,
970 3068 1249 3137 tradidit
1292 3069 1653 3140 edendum.
1705 3074 2074 3165 Scripserat
2113 3074 2316 3156 etiam
2357 3074 2430 3138 in
2471 3072 2754 3164 pueritia

670 3178 948 3249 Flaccus
1019 3183 1397 3248 praetextam
1457 3184 1479 3271 [
1510 3186 1750 3252 Vescio
1783 3194 1810 3234 ⁷
1843 3187 1865 3273 ]
1896 3236 1913 3266 ,
1975 3199 2044 3251 et
2099 3177 2446 3276 ὁδοιπορικῶν
2507 3181 2753 3250 librum

660 3316 912 3375 unum,
948 3307 1015 3359 et
1047 3315 1298 3384 paucos
1330 3297 1527 3362 uxori
1552 3293 1872 3364 Thraseae
1896 3298 1965 3362 in
1999 3297 2262 3362 Arriam
2295 3309 2582 3360 matrem
2612 3315 2750 3362 ver·

660 3426 809 3484 sus,
844 3427 998 3497 quae
1031 3429 1103 3472 se
1129 3420 1288 3472 ante
1308 3406 1536 3472 virum
1564 3404 1923 3476 occiderat.
1955 3408 2202 3474 Omnia
2233 3421 2460 3472 autem
2494 3427 2574 3472 ea
2597 3408 2754 3472 Cor-

661 3531 867 3584 nutus
893 3531 1130 3585 auctor
1158 3516 1289 3585 suit
1320 3520 1523 3584 matri
1547 3514 1694 3610 ejus
1709 3569 1726 3601 ,
1761 3533 1839 3585 ut
1859 3515 2176 3586 aboleret.
2207 3516 2482 3584 Editum
2505 3515 2752 3583 librum

660 3630 983 3696 continuo
998 3631 1227 3696 miran‘
1250 3627 1560 3700 homines
1577 3681 1596 3714 ,
1621 3647 1690 3700 et
1706 3628 2036 3723 diripere⁸
2065 3645 2432 3723 coeperunt.
2455 3628 2754 3697 Decessit

733 3813 783 3881 4.
826 3803 1041 3885 Quini...
1070 3815 1275 3868 diceret.
1306 3817 1512 3870 Desunt
1546 3815 1660 3870 haec
1751 3828 1922 3869 nutus.
1952 3815 2156 3888 Vulgo,
2189 3840 2212 3864 ιι
2231 3796 2337 3870 et...
2367 3815 2550 3867 leviter
2577 3815 2754 3866 recita-

662 3893 716 3942 in
742 3893 883 3945 MSS.
910 3907 1068 3965 atque
1093 3907 1216 3945 sunt
1240 3895 1437 3966 inepta.
1749 3897 1824 3948 vit
1856 3898 2100 3949 Cornuto.
2121 3919 2142 3944 ιι
2170 3894 2306 3946 Vide
2329 3891 2677 3964 Oudendorp.
2701 3903 2754 3943 et

732 3971 783 4026 5.
826 3973 1018 4026 Verum
1052 3976 1404 4028 συνῆκται...
1434 3974 1658 4048 reliquit.
1751 3975 1922 4029 wolf.

662 4055 731 4105 Ut
751 4055 983 4124 spuriam
1006 4057 1157 4108 uncis
1177 4053 1390 4108 inclusit
1413 4053 1554 4108 hane
1571 4073 1664 4127 pe·
1823 4071 1872 4124 7.
1919 4054 1970 4106 V
1965 4055 2111 4108 escio.
2135 4054 2442 4125 Suspectam
2466 4069 2652 4102 vocem
2673 4051 2751 4101 in-

664 4130 871 4184 riodum
900 4132 1249 4206 Oudendorp.
1753 4130 2008 4184 clusimus
2030 4131 2182 4184 uncis
2205 4149 2328 4182 cum
2355 4129 2576 4181 Wolfio.

734 4210 785 4262 6.
814 4211 987 4264 En...
1014 4211 1197 4266 leviter
1220 4214 1517 4268 retractavit
1537 4214 1661 4266 eoru
1823 4211 1874 4264 8.
1925 4211 2144 4265 Edieum
2185 4209 2371 4264 librum
2377 4247 2470 4262 .....
2513 4209 2745 4279 diripere.
