3050 5004
657 448 789 517 206

1405 447 1476 508 c..
1533 444 1995 539 suE'rONn

654 572 1030 665 impudenti
1057 569 1363 665 falsoque
1379 622 1396 652 ,
1427 587 1504 637 ut
1540 572 1613 637 in
1645 571 2013 663 quaestione
2042 570 2566 661 pernegantibus
2598 596 2755 639 cun-

653 685 809 765 ctiS,
851 677 1242 749 Anicetum⁶
1285 678 1733 771 paidagogum
1774 702 1976 745 suum
2014 676 2307 745 indicem
2350 678 2712 771 subjecerit
2733 734 2752 765 ,

655 796 774 887 qui
796 790 958 859 dolo
979 806 1356 883 stupratam
1381 814 1423 856 a
1447 812 1520 857 se
1543 788 1889 855 fateretur.
1908 793 2283 881 Poppaeam
2299 840 2317 873 ,
2349 786 2753 859 duodecimo

656 902 770 971 die
809 918 964 995 post
993 900 1360 969 divortium
1399 900 1693 966 Octaviae
1734 900 1815 989 in.
1840 898 2344 965 matrimonium
2373 916 2753 992 acceptam,

657 1010 888 1079 dilexit
909 1013 1128 1077 unice.
1158 1014 1240 1076 Et
1266 1024 1495 1075 tamen
1518 1010 1739 1101 ipsam
1762 1030 2033 1101 quoque
2062 1009 2199 1075 ictu
2220 1006 2421 1075 calcis
2448 1019 2473 1059 ⁷
2486 1010 2755 1093 occidit,

657 1122 843 1217 quod
879 1146 984 1204 se,
1023 1145 1106 1189 ex
1137 1122 1555 1211 aurigatione
1588 1142 1741 1186 sero
1770 1140 2147 1201 reversum,
2178 1116 2451 1209 gravida
2478 1137 2547 1185 et
2576 1144 2759 1212 aegra

656 1233 972 1300 conviciis
1003 1233 1388 1299 incesserat.
1419 1235 1517 1296 Ex
1552 1228 1679 1296 hac
1706 1228 1915 1295 filiam
1941 1226 2133 1294 tulit⁸
2152 1226 2501 1295 Claudiam
2526 1237 2757 1323 Augu-

659 1359 834 1409 stam
852 1395 869 1424 ,
895 1344 1252 1435 amisitque
1273 1337 1643 1407 admodum
1668 1338 2015 1405 infantem.
2040 1337 2319 1407 Nullum
2340 1337 2509 1406 adeo
2532 1362 2761 1407 neces-

658 1451 968 1520 situdinis
979 1475 1194 1543 genus
1207 1468 1330 1532 est,
1343 1449 1529 1545 quod
1538 1472 1677 1515 non
1688 1446 1937 1515 scelere
1951 1448 2331 1539 perculerit.
2346 1452 2756 1533 ⁹Antoniam,

659 1562 917 1630 Claudii
947 1562 1154 1629 filiam
1171 1615 1188 1644 ,
1214 1576 1643 1628 recusantem
1669 1574 1826 1651 post
1847 1564 2154 1652 Poppaeae
2178 1577 2463 1627 mortem
2486 1563 2759 1652 nuptias

661 1698 846 1757 suaa,
881 1676 1074 1767 quasi
1101 1671 1502 1739 molitricem
1527 1694 1859 1739 novarum
1882 1693 2111 1740 rerum
2132 1674 2487 1739 interemit.
2516 1670 2761 1740 Simili-

660 1800 763 1849 ter
787 1800 1045 1851 ceteros
1063 1793 1111 1821 ¹⁰
1130 1836 1146 1867 ,
1176 1798 1296 1849 aut
1321 1780 1651 1849 affinitate
1680 1780 1905 1875 aliqua
1932 1779 2083 1863 sibi,
2115 1798 2233 1848 aut
2254 1783 2761 1875 propinquitate

732 1985 784 2035 6.
814 1984 1125 2045 Anicetum3
1145 1999 1390 2037 maternae
1415 1987 1559 2037 necis
1582 2002 1670 2054 pa-

663 2076 932 2131 tratorem,
944 2063 1097 2117 classi
1107 2064 1252 2135 apud
1261 2066 1524 2117 Misenum
1540 2082 1669 2133 praev

663 2145 878 2194 fectum.
896 2145 1065 2195 Tacit.
1089 2162 1209 2213 cap.
1226 2144 1293 2197 62
1313 2164 1326 2194 ι
1355 2164 1376 2187 α
1397 2141 1490 2195 llle
1510 2143 1667 2194 insita

663 2222 938 2291 vecordia,
961 2236 1015 2275 et
1035 2223 1288 2277 facilitate
1307 2225 1546 2294 priorum
1572 2222 1669 2273 ssa-

661 2304 942 2372 gitiorum,
969 2301 1126 2374 plura
1150 2304 1336 2369 etiam,
1366 2322 1524 2373 quam
1554 2305 1669 2373 jus-

662 2401 778 2435 sum
807 2396 949 2449 erat,
977 2382 1155 2453 fingit,
1193 2382 1494 2452 fateturque
1525 2380 1672 2451 apud

663 2466 894 2532 amicos,
923 2482 1056 2536 quos
1090 2462 1234 2516 velut
1270 2463 1494 2518 consilio
1521 2460 1673 2516 adhi-

663 2544 852 2598 buerat
866 2547 1132 2616 Princep8.
1157 2567 1179 2591 n
1204 2545 1395 2598 Occisa
1415 2557 1494 2596 est
1511 2545 1670 2596 Octa-

663 2625 748 2676 via
769 2625 1020 2676 vicesimo
1043 2626 1208 2682 aetatis
1236 2640 1376 2676 anno
1397 2663 1414 2690 ‚
1451 2637 1671 2676 auctore

662 2702 833 2752 Tacit.
860 2719 977 2772 cap.
999 2700 1099 2767 64,
1126 2703 1217 2773 qui
1241 2713 1464 2752 mortem
1485 2702 1559 2753 ita
1581 2700 1673 2754 de-

665 2779 876 2832 scribitz
903 2803 925 2826 κ
944 2782 1296 2852 Restringitur
1313 2780 1535 2834 vinculis
1548 2819 1565 2846 .,
1584 2799 1674 2832 ve-

667 2874 852 2926 naeque
879 2859 992 2925 ejus
1014 2876 1114 2928 per
1135 2877 1316 2912 omnes
1337 2871 1478 2912 artus
1504 2857 1673 2910 exsol-

666 2949 890 2996 vuntnr;
927 2947 1007 3003 et,
1053 2939 1174 3006 quia
1216 2954 1430 3007 pressus
1476 2955 1673 3008 pavone

668 3015 882 3083 sanguis
906 3013 1109 3065 tardius
1134 3013 1428 3082 labebatur,
1453 3019 1673 3087 praefer-

665 3090 774 3146 vidi
809 3091 988 3147 balnei
1011 3111 1206 3165 vapore
1233 3110 1500 3150 enecatur.
1523 3121 1545 3144 ιο
1578 3099 1673 3149 Ce-

671 3184 840 3228 terum
861 3171 983 3224 loco
1009 3173 1143 3226 u‘ost.
1171 3189 1326 3241 sunt,
1352 3178 1443 3247 qui
1462 3175 1675 3229 deleant

666 3271 779 3304 voc.
809 3253 1050 3305 indicem.
1073 3256 1172 3308 Pro
1197 3253 1377 3306 dolo...
1391 3255 1671 3326 fateretur,

667 3333 880 3385 Memm.
890 3329 1125 3405 finqeret
1145 3331 1284 3386 dolo.

741 3427 792 3479 7.
829 3412 902 3462 Ee
931 3422 1104 3466 tamen
1137 3411 1356 3484 ipsam...
1390 3412 1494 3464 ictu
1520 3411 1677 3468 caleis

669 3489 888 3556 occidit,
912 3502 1012 3544 etc.
1039 3490 1208 3542 Tacit.
1231 3489 1418 3544 Annal.
1441 3493 1586 3558 XVI,
1610 3492 1674 3556 6,

673 3591 696 3616 ιι
717 3569 843 3622 Post
887 3567 1045 3622 finem
1089 3569 1278 3623 ludicri
1329 3570 1486 3640 (ann.
1536 3570 1674 3640 819)

667 3649 898 3720 Poppaea
913 3663 1136 3703 mortem
1152 3649 1286 3702 obiit
1297 3685 1313 3714 ‚
1329 3651 1545 3704 fortuita
1564 3669 1675 3704 ma-

672 3729 759 3784 riti
791 3730 1096 3796 iracundia,
1126 3750 1156 3782 a
1187 3749 1296 3801 quo
1329 3731 1545 3802 gravida
1564 3731 1675 3782 ictu

670 3807 831 3862 calcis
855 3809 1056 3862 afflicta
1079 3823 1176 3863 est.
1206 3811 1396 3882 Neque
1423 3811 1561 3862 enim
1584 3829 1675 3862 ve-

671 3880 872 3944 nenum
901 3889 1248 3955 crediderim,
1283 3892 1522 3962 quamvis
1558 3893 1677 3962 qui-

673 3965 794 4020 dam
820 3971 1106 4040 scriptores
1137 3968 1376 4032 tradant,
1407 3968 1535 4020 odio
1568 3989 1673 4022 ma·

669 4047 778 4113 gia,
806 4063 968 4114 quam
999 4066 1062 4100 ex
1091 4046 1210 4100 fide.
1239 4047 1453 4118 Quippe
1481 4047 1679 4100 libero·-

671 4143 788 4178 rum
813 4127 1036 4194 cupiens
1051 4139 1102 4180 et
1123 4127 1289 4181 amori
1311 4129 1492 4180 uxoris
1511 4127 1677 4180 obno-

1758 1986 1873 2037 xius
1904 1998 2033 2037 erat.
2054 2007 2079 2033 ι
2110 1984 2267 2037 Conf-
2304 1983 2560 2056 xiphilin.
2592 1984 2764 2050 LXII,

1760 2082 1847 2117 aa,

1800 2098 1881 2196 18.
1919 2144 2004 2193 Ex
2028 2143 2126 2195 hac
2140 2140 2325 2213 filiam
2354 2141 2507 2209 tulit,
2532 2155 2635 2195 etc.
2656 2145 2765 2197 Ta·

1760 2222 1848 2275 cit.
1874 2222 2065 2275 Annal.
2090 2222 2205 2285 XV,
2228 2221 2322 2289 23,
2351 2246 2375 2269 ι
2392 2222 2643 2275 Memmio
2664 2216 2769 2275 Ress

1759 2300 1887 2373 gulo
1918 2316 1969 2353 et
1990 2302 2235 2370 virginio
2261 2303 2401 2355 Rufo
2424 2304 2575 2357 Coss.
2606 2300 2761 2371 (aun.

1761 2380 1894 2453 817)
1917 2394 2099 2436 natam
2128 2381 2233 2433 sibi
2264 2398 2327 2437 ex
2354 2383 2581 2453 Poppaea
2602 2380 2767 2433 filiam

1760 2462 1902 2514 Nero
1924 2458 2063 2512 ultra
2088 2460 2311 2514 mortale
2332 2460 2585 2534 gaudium
2610 2479 2767 2514 acce·

1759 2541 1840 2611 pit
1851 2578 1867 2605 ‚
1888 2539 2279 2611 appellavitque
2296 2539 2583 2612 Anyti-stam
2596 2579 2617 2605 ‚
2634 2539 2766 2595 dato

1761 2634 1814 2674 et
1862 2621 2099 2691 Poppaeae
2146 2619 2341 2672 eodem
2386 2633 2764 2690 cognomento.

1759 2701 1934 2750 Locus
1970 2701 2257 2770 puerperio
2300 2697 2511 2753 colonia
2547 2700 2769 2752 Antium

1762 2778 1889 2843 fuit,
1908 2775 2000 2830 ubi
2022 2778 2137 2848 ipse
2154 2789 2437 2848 generatus
2454 2789 2593 2840 erat,
2618 2791 2719 2828 etc.
2738 2801 2762 2823 ι

1833 2872 1885 2923 9.
1922 2853 2213 2906 Antoniam
2224 2877 2244 2918 ‚·
2280 2853 2347 2906 de
2376 2873 2483 2925 qua
2517 2853 2641 2906 vide
2676 2872 2769 2910 su·-

1762 2953 1888 3006 pra‚
1916 2934 2100 2988 Claud.
2134 2953 2217 3004 27.

1842 3030 1919 3066 ιο.
1955 3012 2213 3066 Similiter
2244 3027 2447 3070 ceteros.
2486 3018 2565 3068 Ita
2601 3013 2772 3070 edidi-

1762 3113 1915 3160 mus,
1946 3106 2005 3146 ut
2033 3093 2235 3165 placuit
2255 3098 2369 3166 jam
2396 3095 2612 3167 Lipsio,
2634 3097 2770 3150 Tor·
2823 3091 2836 3098 ”

1764 3177 1937 3228 rentio
1959 3188 2011 3228 et
2028 3175 2266 3228 Grutero.
2290 3175 2445 3245 Vulg.
2477 3198 2501 3226 ι
2518 3173 2772 3228 Similiter

1765 3254 2027 3306 interemit
2042 3267 2263 3308 ceteros.
2280 3277 2304 3300 ι
2322 3253 2583 3310 Nonnulli
2596 3253 2769 3308 codd.

1764 3329 1897 3382 dant
1916 3353 1937 3378 α
1954 3329 2217 3398 Similiter,
2231 3332 2369 3384 inter
2378 3343 2607 3400 ceteros,
2619 3343 2723 3386 etc.
2737 3357 2765 3382 n

1764 3411 1907 3485 quod
1942 3415 2142 3482 recepit
2168 3411 2447 3476 Oudend.;
2474 3413 2543 3466 al..
2575 3436 2599 3462 ι
2616 3415 2773 3470 Simi-

1764 3489 1882 3546 liter
1896 3493 2018 3546 item
2038 3505 2263 3548 ceteros.
2286 3515 2311 3540 ι»
2330 3493 2485 3560 Puto,
2502 3494 2627 3546 item
2644 3495 2773 3548 fuis-

1763 3590 1819 3624 se
1848 3571 2339 3642 interpretationem
2361 3591 2479 3628 voc.
2497 3572 2771 3642 Similiter,

1765 3647 1914 3720 quod
1932 3649 1987 3706 h.
2008 3649 2043 3702 Ι.
2063 3667 2174 3700 non
2196 3649 2363 3704 simile
2380 3669 2548 3722 genus
2566 3655 2773 3720 mortis,

1766 3727 1859 3782 sed
1897 3730 1949 3779 in
1980 3726 2225 3798 pluribus
2261 3730 2537 3800 repetitam
2573 3731 2773 3786 cadem

1766 3807 2085 3878 significare..
2125 3808 2313 3880 aliquis
2352 3810 2609 3879 notabat,
2644 3811 2773 3866 inde

1765 3904 1941 3943 ortum
1972 3889 2123 3955 inter,
2160 3908 2279 3943 mox
2318 3889 2387 3942 acl
2424 3891 2773 3962 repetendum

1767 3968 1985 4022 verbum
2013 3969 2276 4022 interemit
2302 3967 2499 4022 librarii
2529 3969 2737 4042 delapsi
2752 4011 2772 4037 ,

1768 4044 1916 4121 quod
1962 4049 2201 4102 omniun
2241 4051 2465 4102 maxime
2506 4048 2770 4121 displicet.

1768 4129 1997 4182 Gronov.
2032 4141 2185 4197 pater
2212 4125 2469 4180 Similiter
2490 4128 2771 4201 repudiat,
