3050 5004
898 516 1400 584 Excunsns
1446 519 1654 584 vm.
2073 517 2083 522 ·
2197 523 2328 604 485

235 658 327 697 aut
344 643 612 697 scribebat
630 644 939 710 Suetonius,
964 643 1060 696 sed
1077 642 1287 696 tabulas
1303 643 1546 716 publicas
1560 683 1579 712 ,
1603 661 1825 716 quarum
1845 647 2052 716 copiam
2073 663 2332 700 summam

233 721 493 790 habebat,
513 724 855 792 consulebat,
872 736 927 775 et
942 723 1069 776 hinc
1086 724 1141 774 in
1162 725 1583 777 Commentarios
1603 743 1729 777 suos
1747 726 2043 797 praecipua,
2071 745 2102 779 a
2119 730 2334 781 Nerone

235 809 557 874 constituta,
588 805 865 860 referebat.
898 804 953 857 si
982 803 1135 856 aliter
1161 807 1265 875 egit
1284 842 1301 867 ,
1330 805 1469 858 male
1496 807 1714 859 functus
1746 818 1825 858 est
1855 805 2096 860 historici
2119 807 2298 861 officio
2316 849 2333 876 ‚

238 885 385 957 quod
407 885 557 940 nullo
580 885 741 938 modo
766 883 912 938 credi
930 897 1127 956 potest.
1145 886 1262 936 Jam
1284 883 1374 936 illa
1395 884 1738 957 reprehensio
1760 885 1927 937 multo
1949 888 2017 939 sit
2037 887 2333 956 absurdior,

236 968 282 1018 si
312 967 636 1037 cogitemus,
666 965 808 1018 unde
836 983 901 1017 ea
932 963 1093 1016 ducta
1126 966 1208 1017 sit.
1244 966 1451 1035 Nempe
1477 978 1586 1017 tota
1616 979 1980 1019 commovetur
2011 985 2040 1019 e
2073 969 2335 1039 Digestis,

234 1045 341 1098 hoc
362 1059 459 1114 est,
478 1065 588 1102 non
610 1065 639 1098 e
662 1044 869 1118 legibus
889 1058 943 1096 et
964 1043 1149 1097 litteris
1170 1044 1427 1117 publicis,
1451 1043 1546 1097 sed
1570 1063 1600 1096 e
1623 1044 1770 1098 libris
1791 1042 2020 1098 “veterum
2039 1049 2070 1100 J
2075 1067 2166 1101 ure
2191 1049 2336 1100 Con-

236 1124 513 1177 sultorum.
542 1125 673 1192 Quae
704 1136 881 1177 autem
913 1125 1014 1175 ista
1052 1124 1303 1195 iniquitas
1340 1136 1393 1175 et
1422 1124 1630 1176 inscitia
1664 1137 1774 1189 est,
1800 1125 1927 1176 Jure
1959 1125 2334 1180 Consultorum

236 1202 661 1256 Commentarios
688 1203 756 1255 de
788 1204 909 1273 jure
933 1221 1222 1274 'opponere
1250 1201 1514 1258 historicis
1552 1203 1608 1254 in
1645 1203 1804 1256 rebus
1840 1203 2124 1259 historicis.
2165 1209 2247 1258 An
2278 1206 2336 1259 hi

236 1294 361 1333 sunt
388 1281 632 1333 homines
664 1283 779 1344 isti,
812 1282 904 1352 qui
924 1281 977 1331 in
992 1279 1165 1332 'rebus
1188 1279 1453 1333 historicis
1474 1280 1597 1352 plus
1621 1279 1746 1334 fidei
1767 1280 2031 1351 habeant,
2055 1303 2214 1362 quam
2235 1285 2337 1358 ipsi

234 1359 507 1427 historici,
529 1375 581 1413 et
599 1362 637 1412 ii
662 1360 877 1433 quidem
896 1359 1316 1432 diligentissimi?
1337 1363 1477 1432 Ergo
1502 1359 1807 1430 Sleidanos,
1829 1362 2111 1432 Thuanos,
2140 1366 2338 1417 Pufen-

236 1438 471 1506 dot-fios,
504 1440 775 1513 aliosque,
810 1442 1047 1512 quamvis
1087 1441 1319 1511 insignes
1350 1438 1666 1508 historicos,
1699 1444 1956 1493 memoria
1984 1440 2164 1515 lapsos
2194 1443 2339 1497 dice-

236 1539 357 1573 mus
370 1559 387 1587 ,
406 1521 451 1572 si
472 1539 579 1593 qua
596 1523 651 1572 in
676 1539 731 1572 re
749 1519 1002 1572 historica
1021 1518 1091 1572 ab
1111 1521 1187 1572 iis'
1199 1519 1511 1572 dissentiant
1527 1521 1560 1571 J
1563 1539 1658 1572 ure
1675 1520 1943 1588 Consulti,
1965 1522 2309 1576 Finkelthusii
2321 1563 2340 1592 ,

237 1599 620 1652 Schneidewini
638 1637 655 1668 ,
682 1599 961 1653 Treutleri.
991 1602 1157 1652 Immo
1190 1618 1316 1651 vero
1349 1600 1476 1651 Jure
1499 1598 1746 1651 Consulti
1777 1619 1840 1653 ex
1865 1600 2127 1655 historicis
2160 1623 2338 1655 emen-

238 1679 403 1732 dandi
431 1695 485 1734 et
506 1680 862 1753 redarguendi
884 1693 1039 1746 sunt,
1066 1699 1175 1732 non
1202 1679 1258 1732 hi
1280 1699 1341 1732 ex
1366 1680 1484 1732 illis.
1508 1682 1649 1752 Ergo
1673 1681 1757 1733 vel
1785 1683 1862 1733 sic
1891 1694 2062 1735 totum
2091 1684 2232 1736 istud
2256 1704 2338 1737 re-

234 1761 657 1832 prehensionum
674 1779 844 1833 genus
863 1760 1113 1812 concidit.
1134 1763 1333 1813 Verum
1346 1799 1363 1824 ,
1390 1763 1646 1833 quoniam
1672 1763 1834 1832 prisci
1852 1761 1926 1813 illi
1949 1764 1980 1815 J
1985 1782 2075 1815 ure
2095 1764 2340 1816 Consulti

236 1839 558 1913 plerumque
596 1840 939 1894 studiosiores
980 1841 1272 1892 litterarum
1313 1853 1366 1892 et
1404 1840 1674 1892 doctiores
1717 1854 1866 1894 erant
1883 1880 1902 1909 ,
1945 1862 2102 1915 quam
2139 1847 2340 1912 nostri,

234 1937 447 1990 aequum
472 1933 582 1987 est,
610 1921 738 1992 ipsis
764 1939 979 1992 quoque
999 1918 1239 1986 consuli,
1268 1917 1447 1991 quoad
1469 1918 1582 1972 fieri
1605 1931 1801 1991 potest.
1827 1922 1961 1974 Dico
1985 1924 2190 1995 itaque,
2216 1923 2341 1976 talia

236 1997 393 2064 loca,
432 2011 594 2071 atque
632 2003 941 2053 nominatim
969 2000 1112 2066 hoec,
1141 1998 1208 2052 de
1246 1999 1441 2071 quibus
1470 2018 1645 2052 sermo
1663 2039 1680 2068 ,
1710 2000 1987 2053 conciliari
2019 2021 2180 2074 posse
2218 2023 2342 2056 cum

236 2077 373 2132 locis
392 2082 522 2133 Jure
550 2080 927 2133 Consultorum
952 2082 1383 2152 interpretatione
1407 2080 1709 2132 commoda.
1739 2082 1816 2132 Ea
1834 2081 2010 2140 'facilis
2035 2085 2165 2152 erit,
2195 2085 2238 2136 si
2262 2097 2342 2136 te-

238 2178 496 2228 neamus,
530 2185 553 2210 ι
570 2164 699 2214 Jure
730 2159 1014 2214 Consultos
1040 2173 1245 2213 veteres
1272 2173 1433 2233 atque
1456 2163 1617 2214 etiam
1643 2161 1774 2213 alios
1804 2161 2344 2233 scriptores'nomina

238 2237 419 2311 legum
442 2254 495 2293 et
512 2243 733 2294 Senatus
755 2240 1133 2294 Consultorum
1157 2259 1412 2313 usurpare
1436 2259 1545 2292 non
1568 2240 1732 2292 modo
1758 2240 1824 2292 de
1847 2243 1908 2294 iis
1923 2281 1939 2308 ,
1965 2261 2191 2314 quorum
2212 2264 2343 2316 pro-

239 2321 357 2390 prie
386 2339 449 2372 ea
473 2335 598 2374 sunt
620 2323 832 2373 nomina
850 2359 867 2386 ,
900 2319 993 2373 sed
1026 2321 1179 2372 etiam
1211 2319 1278 2372 de
1306 2319 1419 2385 his,
1456 2319 1648 2392 quibus
1677 2318 1855 2371 addita
1885 2335 2038 2389 sunt,
2065 2321 2149 2375 vel
2173 2323 2343 2394 expli·

240 2399 435 2468 candi,
460 2400 543 2454 vel
566 2400 915 2466 emendandi,
938 2398 1024 2452 vel
1047 2399 1395 2452 confirmandi
1419 2417 1608 2451 caussa
1626 2438 1643 2465 ,
1667 2413 1720 2451 et
1741 2417 1858 2469 (με
1881 2401 2010 2471 ipsis
2035 2415 2219 2472 postea
2246 2401 2344 2454 ad-

232 2479 383 2551 jecta
408 2494 563 2549 sunt,
592 2480 776 2535 iisdem
807 2478 873 2533 de
901 2481 1119 2533 caussis.
1138 2501 1161 2527 a·
1190 2481 1342 2531 Hanc
1373 2477 1804 2532 observationem
1833 2479 2081 2552 exemplis
2118 2479 2342 2551 quibus-

242 2559 369 2613 dam
387 2560 792 2616 illustrabimus.
817 2562 1060 2629 Tacitus,
1090 2560 1278 2612 Annal.
1299 2560 1446 2625 xm,
1472 2559 1568 2627 42,
1589 2572 1974 2613 commemorat
1987 2579 2198 2632 poenam
2223 2561 2346 2634 leqt's

244 2642 459 2695 Cincioe.
481 2644 645 2714 Atqui
667 2660 777 2694 non
804 2639 966 2692 modo
992 2658 1100 2692 non
1125 2652 1333 2693 constat
1350 2677 1366 2705 ,
1401 2653 1600 2692 certam
1637 2639 1754 2708 lege
1776 2638 1990 2703 Cincia,
2022 2644 2239 2711 proprie
2268 2643 2344 2693 sic

240 2719 387 2772 dicta
403 2759 420 2788 ,
442 2740 656 2793 poenam
676 2722 840 2773 fuisse
860 2721 1234 2783 constitutam,
1252 2715 1347 2770 sed
1373 2716 1507 2770 adeo
1533 2718 1822 2788 Ulpianus,
1847 2716 2052 2787 Fragm.
2077 2720 2134 2784 1,
2160 2735 2218 2785 a,
2248 2738 2347 2771 au-

242 2816 363 2855 ctor
394 2814 505 2871 est,
540 2802 711 2874 legem
732 2801 969 2853 Cinciam
1000 2800 1365 2871 imperfectam
1400 2800 1592 2865 fuisse,
1619 2796 1725 2849 hoc
1759 2809 1869 2865 est,
1901 2796 2102 2849 nullam
2135 2812 2346 2870 poenam

242 2884 619 2946 constituisse;
647 2881 752 2933 hoc
782 2882 918 2932 enim
957 2880 1083 2930 Jure
1110 2878 1353 2931 Consulti
1388 2878 1555 2947 legem
1586 2877 1951 2948 imperfectam
1976 2876 2175 2931 dicunt.
2207 2882 2346 2955 Ergo

242 2959 333 3012 Iex
358 2961 541 3013 Cincin
565 2959 710 3033 apud
731 2960 975 3011 Tacitum
999 2959 1216 3030 ponitur
1235 2976 1336 3029 pro
1360 2955 1584 3008 Senatus
1609 2954 1864 3008 Consulto
1881 2993 1896 3022 ,
1923 2955 2070 3027 quod
2092 2957 2158 3009 ad
2177 2957 2349 3029 legem

241 3040 483 3092 Cinciam
510 3037 851 3092 sanciendam
882 3048 935 3089 et
956 3034 1339 3088 emendandam
1368 3036 1569 3087 factum
1592 3045 1730 3099 erat,
1753 3034 1808 3085 in
1832 3051 1940 3104 quo
1958 3052 2114 3105 poena
2146 3039 2349 3089 consti-

244 3133 383 3175 tuta.
415 3120 614 3173 Plinius
642 3136 832 3191 porro,
865 3119 1059 3187 Paneg.
1084 3134 1133 3167 c.
1159 3115 1225 3183 42
1244 3153 1260 3182 ,
1290 3113 1740 3186 «locupletabant
1759 3127 1810 3165 et
1832 3114 2014 3166 fiscum
2037 3129 2090 3167 et
2109 3119 2348 3169 aerarium

242 3220 357 3254 non
384 3214 496 3254 tam
514 3202 765 3254 Voconiae
784 3212 837 3251 et
854 3199 884 3249 J
890 3197 1003 3249 uliae
1022 3195 1191 3267 leges,
1218 3209 1319 3249 etc.
1344 3218 1365 3243 ιι
1394 3196 1528 3263 Quis
1547 3194 1756 3262 credat,
1783 3214 1812 3246 e
1832 3188 1947 3266 lepje
1972 3196 2208 3248 Voconia
2230 3215 2350 3267 pro-

242 3282 363 3351 prie
388 3282 467 3333 sic
490 3280 662 3348 dicta,
686 3280 869 3333 fiscum
895 3276 1211 3348 locupletari
1231 3277 1502 3348 potuisse;
1531 3292 1644 3345 quae
1667 3272 1834 3325 libera
1857 3270 2131 3344 republica
2151 3276 2352 3345 scripta

242 3374 359 3428 est,
392 3380 555 3432 quum
588 3360 765 3413 nullus
790 3358 967 3411 adhuc
994 3356 1151 3409 fiscus
1176 3368 1331 3408 esset.
1364 3354 1737 3425 Intelliguntnr
1763 3371 1890 3423 ergo
1920 3371 1983 3404 eo
2017 3354 2230 3405 nomine
2257 3355 2352 3407 Se-

242 3454 409 3493 natus
438 3441 692 3495 Consulta
715 3459 745 3491 a
770 3435 1101 3510 principibus
1129 3435 1197 3487 ad
1226 3435 1394 3505 legem
1416 3434 1710 3485 Voconiam
1738 3434 1898 3484 facta.
1928 3432 2046 3483 Jam
2071 3434 2192 3502 quis
2216 3432 2351 3485 adeo

244 3516 449 3594 hospes
473 3534 552 3574 est
573 3523 629 3572 in
648 3520 901 3589 Digestis,
928 3518 1054 3587 quin
1074 3518 1224 3581 sciat,
1250 3531 1391 3583 saepe
1411 3512 1519 3584 leyi
1541 3509 1795 3565 Cornelia·
1811 3509 2000 3575 tribui,
2028 3528 2144 3580 quae
2166 3525 2353 3582 postea

246 3607 522 3677 principes
546 3604 592 3654 ei
621 3620 719 3673 per
744 3599 965 3650 Senatus
985 3595 1238 3647 Consulta
1254 3632 1269 3660 ,
1290 3607 1380 3645 aut
1402 3592 1501 3644 alia
1525 3608 1841 3663 quacunque
1865 3590 2070 3641 ratione
2086 3628 2102 3655 ,
2132 3589 2354 3642 addide-

248 3698 412 3752 runt,
435 3698 495 3737 nt
516 3682 553 3734 l.
576 3682 691 3747 XV,
714 3679 741 3751 S
764 3680 823 3748 43
852 3678 887 3728 l.
908 3676 1074 3742 XXV,
1096 3675 1351 3739 XXXIII,
1376 3671 1443 3725 ad
1460 3674 1520 3723 L.
1543 3668 1757 3723 Cornel.
1778 3668 1844 3720 de
1861 3667 2034 3721 Falso.
2057 3672 2230 3739 Atque
2249 3668 2354 3721 hoc

249 3764 463 3817 dudum
492 3761 619 3813 vidit
649 3756 1015 3811 Gothofredus
1036 3758 1090 3806 in
1119 3757 1362 3823 Quatuor
1390 3753 1522 3804 font.
1553 3752 1726 3815 Juris,
1763 3766 1882 3821 cap.
1922 3765 2004 3817 17,
2031 3748 2085 3798 in
2119 3750 2259 3800 notis
2289 3747 2355 3800 ad

248 3848 381 3915 Leg.
412 3845 538 3914 Pap.
564 3844 734 3913 Popp.
763 3839 918 3893 Conf.
944 3834 1237 3889 Nordlterk.
1266 3833 1331 3886 de
1352 3836 1476 3905 Leg.
1503 3835 1713 3884 Petron.
1745 3851 1797 3903 p.
1833 3830 1912 3881 18.
1939 3828 2016 3878 Ex
2042 3828 2235 3898 quibus
2261 3832 2356 3895 sit,

250 3940 313 3979 ut
342 3926 517 3997 possit
543 3920 795 3972 Claudius
826 3936 1040 3990 quoque
1075 3914 1313 3987 quaetlam
1342 3913 1408 3966 de
1435 3909 1654 3983 singulis
1686 3910 1769 3962 his
1797 3908 1954 3961 rebus
1986 3908 2355 3976 constituisse,

251 4022 375 4076 quae
404 4012 556 4054 aucta
581 4000 684 4052 sint
708 4012 759 4051 et
783 3994 1061 4050 emendata
1087 4012 1119 4047 a
1142 3996 1356 4047 Nerone
1378 3994 1451 4044 ita
1466 4030 1485 4059 ,
1512 4004 1570 4042 ut
1595 3990 1874 4043 Suetonius
1899 3984 2078 4039 tradit.
