3050 5004
689 478 820 554 224
1441 468 1514 531 C.
1568 466 2035 533 SUETONII

683 598 802 667 sed
835 612 910 665 tu
936 596 1208 665 culeum
1243 596 1609 663 meruisti.-
1650 597 2031 687 Ascriptum
2067 611 2138 661 et
2162 592 2495 663 columnis
2514 646 2533 677 ,
2580 600 2783 663 «Jam

681 706 951 778 Gallos⁶
989 732 1148 775 eum
1195 706 1537 775 cantando
1578 710 1965 774 excitassen-
2014 710 2169 773 Jam
2214 706 2523 774 noctibus
2556 703 2787 801 jurgia

683 844 841 887 cum
869 822 1078 887 servis
1113 818 1420 912 plerique
1455 817 1883 901 simulantes„
1922 817 2160 887 crebro
2194 819 2508 885 vindicem
2544 842 2783 911 posce-

683 930 848 999 bant
861 942 909 997 ⁷.

773 1043 1009 1107 XLVI.
1056 1039 1476 1123 Terrebatur,
1501 1038 1589 1106 ad
1623 1039 1753 1107 hoc
1781 1040 2202 1111 evidentibus
2238 1044 2567 1135 portentis
2602 1066 2785 1110 som-

681 1154 950 1219 niorum
977 1166 1045 1219 et
1069 1152 1525 1244 auspiciorum
1549 1168 1618 1219 et
1638 1154 1971 1237 ominum,
2002 1178 2214 1248 quum
2239 1152 2608 1238 veteribuS‚
2632 1170 2783 1221 tum

681 1264 896 1330 novis,
938 1266 1304 1355 Nunquam
1343 1277 1541 1330 autea
1578 1264 1914 1331 somniare
1946 1262 2219 1347 solitus,
2254 1264 2475 1331 occisa
2506 1263 2783 1331 demum

679 1386 918 1456 matre,
956 1370 1124 1439 vidit
1167 1394 1292 1463 per
1321 1373 1652 1465 quietem,
1698 1396 1938 1440 navem
1978 1371 2102 1440 sibi
2136 1376 2393 1466 regenti
2438 1389 2787 1441 extortum

681 1481 1256 1575 gubernaculum3
1299 1464 1613 1577 trahique
1654 1506 1727 1551 se
1758 1481 1845 1550 ab
1872 1485 2149 1551 Octavia
2180 1507 2390 1551 uxore
2430 1485 2503 1551 in
2531 1487 2783 1552 artissi-

679 1617 825 1661 mas
859 1592 1173 1663 tenebras
1191 1608 1206 1639 ¹
1232 1616 1248 1659 ε
1290 1608 1357 1660 et
1385 1591 1591 1660 modo
1618 1608 2069 1685 pennatamm
2096 1591 2527 1661 formicarum
2558 1592 2787 1661 multi-

680 1704 918 1773 tudine
950 1702 1246 1796 oppleri,
1296 1700 1500 1771 modo
1536 1726 1577 1769 a
1619 1701 1993 1771 simulacris
2032 1705 2425 1795 gentium²‚·
2454 1703 2543 1771 ad
2586 1710 2787 1773 Pom-

679 1957 818 1995 stum
843 1942 912 1995 de
940 1958 994 1997 te
1019 1942 1307 2013 judicium,
1341 1943 1470 2015 quid
1496 1946 1683 2015 potui,

679 2025 782 2077 nisi
817 2023 956 2075 hoc?
981 2022 1078 2075 sed
1113 2036 1203 2088 tu,
1232 2024 1276 2073 si
1305 2022 1450 2093 leges
1477 2024 1685 2091 valent,

679 2118 739 2155 ut
759 2102 1036 2155 matricida
1057 2102 1266 2155 culeum
1289 2104 1545 2155 meruisti.
1564 2126 1586 2149 n
1610 2106 1687 2155 lta

679 2202 906 2235 acumen
943 2184 1102 2235 etiam
1141 2194 1219 2235 est
1253 2184 1308 2235 in
1347 2182 1687 2235 similitudine

678 2280 944 2334 ascoperoe
969 2274 1022 2315 et
1048 2260 1216 2327 culei,
1247 2274 1300 2314 et
1327 2263 1380 2313 in
1407 2260 1685 2331 indigitata

679 2347 884 2397 minore
908 2356 961 2397 et
983 2345 1181 2413 majore
1201 2360 1378 2415 poene.
1399 2342 1687 2415 Praeplacet

675 2436 883 2487 tamen,
911 2440 1026 2494 quoe
1045 2435 1238 2474 nostr-‘n
1261 2422 1687 2491 interpretationi

674 2521 894 2574 prorsus
923 2504 1199 2570 convenit,
1223 2505 1532 2573 conjectura
1554 2502 1686 2554 Tor·

675 2585 859 2650 rentii,
879 2585 1031 2654 tEgo
1044 2583 1189 2656 quod
1201 2583 1384 2654 potui,
1401 2605 1424 2629 ιι
1443 2580 1559 2634 scil.
1580 2582 1685 2633 feci

674 2662 756 2714 vel
783 2664 1030 2734 praestiti3
1059 2685 1082 2708 ι
1104 2650 1197 2714 sed
1220 2675 1308 2729 tu,
1331 2674 1434 2714 etc.
1457 2684 1479 2708 ιι

745 2743 795 2794 6.
817 2743 941 2794 Jam
966 2741 1176 2808 Gallos,
1197 2753 1298 2792 etc.
1325 2743 1402 2794 lta
1421 2737 1683 2792 edidimus

673 2839 796 2872 cum
825 2823 1114 2872 Burmann.
1151 2833 1205 2872 et
1232 2821 1494 2872 Ernestio.
1521 2817 1679 2890 Vulgx

677 2921 702 2944 ιι
725 2901 900 2951 Etiam
929 2899 1147 2963 Gallos,
1168 2920 1190 2944 ιι
1224 2897 1367 2950 unde
1394 2895 1643 2949 Oudend.
1663 2937 1680 2966 ,

673 2991 876 3030 mutata
932 2979 1397 3046 interpunctione,
1454 2976 1679 3028 ..Ascri-

671 3069 826 3129 ptum
859 3072 912 3110 et
943 3057 1206 3110 columnis
1237 3059 1429 3108 etiam.-
1461 3054 1679 3123 Gallos,

673 3149 774 3188 etc.
797 3161 819 3184 n
860 3135 1006 3209 quod
1037 3138 1238 3208 recepit
1266 3135 1496 3190 wolfius
1515 3175 1534 3202 ,
1568 3153 1679 3189 non

673 3217 880 3268 monito
923 3215 1140 3268 lectore.
1189 3215 1290 3268 Sed
1327 3216 1508 3266 nescio
1550 3214 1681 3286 qnid

672 3295 792 3348 duri
831 3299 1024 3351 inferre
1055 3297 1206 3350 nobis
1245 3295 1527 3347 videbatur
1552 3295 1609 3346 h.
1642 3295 1678 3346 Ι.

672 3381 956 3450 repetitum
979 3392 1030 3432 et
1052 3381 1208 3431 etiam
1221 3417 1238 3444 ‚
1264 3377 1393 3428 alias
1421 3377 1679 3428 Suetonio

672 3475 782 3509 non
820 3458 1146 3529 infrequens.
1190 3457 1438 3510 Ceterum
1483 3455 1539 3506 iu
1576 3453 1680 3506 hoc

670 3535 816 3588 dicto
841 3550 894 3588 et
920 3536 1068 3588 lusus
1095 3538 1150 3587 in
1185 3532 1379 3599 Gallis,
1411 3531 1601 3604 populi
1628 3546 1681 3584 et

670 3618 844 3666 avium
878 3616 1124 3679 nomine,
1157 3627 1240 3680 et,
1269 3613 1369 3664 nisi
1392 3611 1569 3676 fallor,
1596 3610 1677 3662 el-

670 3692 808 3746 lnsio
833 3693 899 3746 ad
925 3695 1180 3746 excitatos
1210 3694 1266 3744 in
1299 3689 1551 3762 capitolii
1574 3711 1677 3762 op-

671 3773 997 3843 pugnatione
1021 3789 1268 3824 anserum
1297 3770 1550 3839 clangore
1574 3772 1678 3820 Ro-

671 3869 872 3904 manos.
898 3853 1144 3904 Ernesti«)
1167 3849 1411 3922 displicet
1435 3848 1677 3900 additum

629 3947 636 3958 ·
669 3931 946 3983 cantando.
981 3930 1082 3984 sed
1108 3949 1220 3982 non
1251 3929 1512 3982 absonum
1546 3928 1679 3981 mihi

667 4007 772 4060 hoc
797 4010 1008 4062 videtur
1031 4013 1084 4062 in
1105 4007 1406 4064 vellicando
1432 4011 1675 4075 Nerone,

667 4100 818 4139 tento
840 4089 1067 4153 artifice,
1085 4102 1380 4160 cantusque
1405 4087 1542 4140 adeo
1558 4100 1674 4142 stu-

669 4163 839 4219 dioso.

1848 1961 1898 2015 7.
1960 1944 2235 1999 Vindicem
2276 1946 2570 2017 poscebant.
2618 1948 2784 2001 Recte

1776 2024 2067 2096 respondet
2094 2024 2358 2077 Walther.
2394 2025 2617 2077 Observ.
2658 2046 2787 2099 pag.

1780 2122 1867 2176 27,
1880 2108 2119 2158 Emestio
2132 2142 2148 2173 ,
2166 2106 2363 2158 frustra
2380 2104 2667 2158 formulam
2690 2108 2783 2160 ali·

1778 2200 1939 2253 quam
1982 2186 2237 2254 quaerenti
2256 2222 2273 2250 ,
2313 2185 2371 2235 iu
2412 2202 2521 2256 qun
2558 2185 2783 2237 vindicis

1772 2262 1993 2314 verbum
2029 2276 2344 2335 usurpetur,
2382 2280 2493 2314 non
2534 2266 2785 2333 cogitan-

1774 2339 1903 2392 dum
1926 2340 1995 2392 de
2015 2340 2269 2407 formula,
2291 2340 2384 2395 sed
2406 2341 2667 2395 vindicem
2684 2364 2784 2416 po-

1772 2438 1905 2473 scere
1941 2438 2055 2475 esse
2092 2442 2115 2467 ιι
2136 2420 2387 2473 auxilium
2428 2421 2651 2493 alicujus
2682 2426 2783 2475 im-

1771 2498 2007 2570 plorare,
2023 2513 2083 2553 ut
2097 2517 2197 2552 nos
2211 2499 2447 2552 vindicet
2464 2500 2529 2553 ab
2546 2500 2737 2568 altero,
2752 2527 2777 2550 ι·

1774 2597 1835 2630 ex
1872 2581 2057 2647 Festo,
2097 2602 2118 2626 ι
2144 2579 2353 2634 Vindex
2388 2579 2457 2630 ab
2494 2597 2593 2647 eo,
2633 2581 2783 2652 quod

1772 2657 2037 2726 vindicet,
2068 2675 2175 2731 quo
2200 2661 2375 2710 minus
2402 2659 2476 2724 is,
2503 2659 2595 2728 qui
2618 2677 2781 2729 pren-

1772 2755 1863 2789 sus
1892 2750 1971 2790 est
2004 2736 2073 2788 ab
2108 2735 2319 2808 aliquo,
2350 2750 2614 2789 teneatur.
2636 2760 2661 2786 ιι
2696 2736 2781 2789 Ad

1771 2816 1971 2868 Julium
1985 2816 2263 2868 Vindicem
2284 2835 2377 2870 eos
2397 2815 2668 2883 allusisse,
2690 2837 2781 2869 no-

1772 2909 1885 2950 tare
1909 2916 2017 2948 non
2044 2914 2181 2968 opus
2204 2911 2301 2950 est.

1840 2975 2021 3027 xlm.
2056 2993 2073 3026 ι
2086 3015 2097 3026 .
2128 2975 2196 3026 In
2224 2975 2506 3028 artissimas
2532 2976 2775 3029 tenebras.

1768 3055 1909 3128 Lips.
1938 3055 2197 3108 suadebat
2219 3056 2520 3121 altissimas,
2544 3054 2611 3106 al.
2640 3067 2781 3108 ater-

1770 3137 1927 3189 rimas
1937 3175 1955 3201 ,
1971 3137 2322 3198 ‹tr-assistimus,
2340 3153 2456 3208 quae
2470 3138 2651 3188 onznia
2666 3154 2777 3188 non

1768 3219 2083 3269 necessaria.
2111 3217 2272 3268 Recte
2302 3215 2514 3267 Muller.
2548 3214 2774 3267 Observ.

1768 3311 1891 3366 pag.
1924 3295 2013 3360 18,
2036 3295 2089 3346 in
2118 3313 2235 3346 voc.
2265 3293 2479 3346 tenebra·
2500 3295 2773 3346 notionem

1770 3372 1873 3426 loci
1894 3374 2211 3428 tenebricosi
2239 3389 2401 3444 atque
2420 3375 2647 3426 carceris
2666 3374 2775 3426 sive

1770 3455 2023 3509 custodiae
2052 3454 2335 3507 tenendam
2362 3453 2517 3519 dicit,
2548 3468 2599 3506 et
2624 3473 2777 3526 pror-

1770 3554 1857 3589 sus
1872 3537 2222 3600 conveniunt,
2244 3553 2361 3606 quae
2379 3547 2652 3604 comparat
2670 3533 2775 3586 sal·

1768 3613 1891 3668 lust.
1913 3616 2035 3683 Jug.
2068 3615 2203 3674 xlv,
2240 3613 2329 3679 15,
2358 3611 2521 3664 clausi
2549 3613 2605 3662 in
2634 3622 2774 3664 tene-

1772 3695 1901 3758 bris,
1944 3705 1995 3745 et
2034 3693 2218 3764 Pomp.
2260 3692 2385 3742 Mel.
2429 3693 2485 3754 1,
2530 3705 2624 3757 ιο,
2674 3707 2769 3760 19:

1774 3793 1797 3818 ιι
1815 3771 2145 3843 vinculisque
2166 3767 2227 3822 ‘et
2254 3768 2509 3822 artissima
2538 3769 2773 3823 custodia

1768 3864 1974 3902 tenent.
1992 3873 2015 3896 π

1840 3949 1887 3982 2.
1934 3929 1985 3981 A
2024 3926 2315 3982 simulacris
2348 3927 2583 3999 qentt'um
2604 3965 2621 3992 ,
2666 3940 2769 3978 ete.

1764 4009 1895 4062 Plin.
1922 4010 2055 4060 nist.
2080 4008 2205 4059 Nat.
2230 4005 2478 4071 xxxvl,
2505 4005 2536 4058 5
2560 4004 2621 4077 (§
2652 4005 2770 4076 13),

1770 4088 1959 4142 «Idem
1996 4089 2162 4140 Varro
2200 4100 2252 4139 et
2289 4105 2318 4139 a
2355 4089 2599 4158 Coponio
2636 4105 2769 4160 qua-

1767 4165 2063 4220 tuordecim
2080 4168 2344 4233 nationes,
2364 4184 2477 4238 quae
2493 4179 2615 4218 suut
2630 4167 2771 4218 cirea
