3050 5004
1034 507 1645 573 FRAGMENTA.
2256 511 2386 602 ⁴67

299 660 501 705 scena
530 632 617 702 de
648 633 833 726 ligno
857 631 1133 699 'tantum
1154 630 1243 699 ad
1270 647 1537 724 tempus
1570 631 1776 699 fiebat
1791 683 1810 715 ‚
1843 631 2026 700 unde
2057 633 2394 731 hodieque

292 748 665 842 permansit
686 740 1135 825 consuetudo,
1170 759 1249 808 ut
1270 759 1768 836 componantur
1793 760 2106 836 pegmata
2131 771 2174 813 a
2195 745 2392 815 ludo·
2459 812 2464 819 .

292 883 448 927 rum
488 855 919 924 theatralium
958 853 1350 922 editoribus,
1396 857 1606 922 Scena
1644 871 1871 923 autem
1892 908 1910 938 ,
1959 880 2110 950 quoe
2152 855 2355 927 fiebat
2371 914 2390 942 ‚

294 987 412 1038 aut
445 967 703 1036 versilis
740 981 1074 1048 eratraut
1112 964 1401 1034 ductilis·
1437 965 1716 1034 Versilis
1755 983 1920 1034 tunc
1957 983 2134 1052 erat,
2177 993 2392 1063 quum

295 1081 518 1150 subito
550 1095 689 1148 tota
723 1077 1050 1146 machinis
1084 1077 1491 1174 quibusdam
1518 1078 2060 1162 convertebatur,
2093 1094 2161 1146 et
2190 1080 2392 1148 aliam

292 1194 575 1285 picturae
596 1190 836 1256 faciem
853 1186 1269 1256 ostendebat.
1290 1189 1570 1256 Ductilis
1595 1206 1782 1274 tunc,
1810 1213 2024 1285 quum
2046 1193 2273 1258 tractis
2304 1207 2393 1259 ta·

295 1301 539 1370 bulatis
558 1299 686 1368 hac
704 1315 907 1395 atque
930 1298 1085 1366 illac
1108 1303 1363 1393 species
1384 1303 1663 1393 picturae
1687 1299 2073 1400 nudabatur
2093 1302 2391 1370 interior.

294 1413 497 1484 Unde
519 1415 731 1507 perite
753 1428 1121 1508 utrumque
1144 1415 1361 1506 tetigit
1376 1465 1392 1493 ‚
1419 1411 1680 1499 dicens,
1710 1419 1900 1481 versis
1923 1415 2199 1480 discedat
2197 1417 2396 1506 fion-

296 1528 463 1593 tibus
480 1579 497 1608 ,
546 1523 809 1618 singula
861 1522 1139 1616 singulis
1188 1523 1644 1616 complectens
1699 1524 2143 1595 sermonibus.
2195 1524 2394 1612 Quod

296 1643 511 1704 Varro
540 1651 607 1702 et
634 1635 989 1704 Suetonius
1017 1648 1568 1702 commemorant.
2195 1635 2199 1640 ’

854 1937 863 1944 ·
912 1855 1087 1920 Idem
1110 1857 1197 1921 ad
1216 1856 1465 1922 AEneid.
1492 1857 1583 1936 V,
1609 1855 1766 1923 602.

390 2058 485 2122 Ut
502 2055 595 2120 ait
613 2053 969 2121 Suetonius
982 2048 1421 2143 Tranquillus
1436 2101 1455 2133 ,
1487 2080 1515 2110 α
1531 2055 1756 2118 Lusus
1773 2053 1918 2144 ipse
1929 2101 1946 2135 ,
1968 2073 2175 2147 quem
2191 2053 2396 2146 vulgo

296 2163 737 2260 Pyrrhicham
772 2159 1121 2260 appellant
1140 2211 1157 2242 ,
1196 2157 1403 2254 Troja
1434 2177 1743 2230 vocatur:
1769 2195 1796 2224 n
1841 2160 2035 2256 cujus
2067 2166 2395 2258 originem

296 2275 624 2368 expressit
644 2277 717 2341 in
739 2273 911 2341 libro
934 2269 1019 2339 de
1041 2276 1416 2339 Puerorum
1440 2272 1754 2340 LusibuS.

716 2516 811 2570 nn
860 2497 1093 2568 Vrrns
1146 2495 1689 2569 CORPORALIBUS
1739 2516 1966 2569 LIBER.

867 2697 1120 2765 Servius
1141 2698 1229 2762 ad
1246 2697 1552 2789 Ecloqam
1577 2700 1722 2783 III,
1747 2700 1812 2765 8.
1867 2781 1874 2791 Ι

388 2898 631 2993 Hirqui
652 2910 883 2963 autem
908 2910 1070 2961 sunt
1094 2892 1451 2963 oculorum
1472 2894 1706 2985 anguli
1725 2947 1744 2977 ,
1768 2895 2146 2965 secundum
2167 2898 2398 2967 Sueto-

296 3014 487 3079 nium
508 3005 983 3102 Tranquillum
996 3058 1014 3087 ,
1040 3008 1112 3073 in
1132 3006 1327 3072 vitiis
1347 3002 1846 3098 corporalibus.

856 3232 1171 3313 Isidorus,
1198 3230 1538 3323 Oriqinum
1561 3230 1831 3333 lib3111.

391 3436 565 3500 Nam
602 3428 771 3497 hirci
816 3444 979 3495 sunt
1018 3424 1377 3507 oculorum
1420 3425 1652 3516 anguli
1675 3476 1692 3507 ,
1747 3423 2122 3495 secundum
2166 3432 2396 3496 Sueto-

298 3547 489 3613 nium
508 3596 526 3626 ,
564 3556 690 3609 etc.

838 3760 1093 3827 Servius
1114 3758 1204 3823 ad
1222 3758 1468 3823 AEneid.
1501 3757 1674 3839 VII,
1702 3758 1860 3844 629.

394 3966 778 4039 Secundum
802 3966 1197 4035 Suetonium
1216 4014 1235 4045 ,
1260 3964 1331 4029 in
1364 3962 1538 4030 libro
1561 3958 1646 4029 de
1675 3963 1868 4028 Vitiis
1888 3959 2364 4053 corporalibus
2381 4012 2400 4047 ‚

310 4110 339 4143 a
362 4084 611 4149 Arvina
650 4096 755 4149 est
788 4078 1037 4145 durum
1078 4080 1329 4169 pingue
1354 4126 1371 4157 ,
1420 4098 1574 4168 quae
1617 4090 1720 4145 est
1759 4076 2160 4143 intercutem
2199 4090 2268 4143 et
2306 4076 2404 4145 vi-

302 4216 481 4263 scus.
513 4220 541 4255 u

2013 4250 2128 4366 30».
