3050 5004
678 461 809 529 386

1426 459 1500 526 C.
1551 462 1663 528 SU
1680 460 2024 527 ETONII

668 610 939 658 muscas
967 605 1267 681 captare,
1294 612 1375 657 ae
1401 586 1556 657 stilo
1584 605 1928 683 praeacuto
1949 588 2287 681 configere
2303 604 2364 655 ²:
2399 606 2482 657 ut
2504 588 2770 659 cuidam

666 700 1144 791 interroganti,
1182 729 1209 759 α
1233 713 1495 766 essetne
1521 700 1674 792 quis
1699 700 1884 766 intus
1917 722 2075 768 cum
2105 702 2368 767 Caesare
2382 750 2400 780 ,
2429 728 2458 761 n
2498 722 2640 769 non
2663 698 2773 769 ab·

668 809 875 879 surde
916 832 1321 903 responsum
1362 810 1453 876 sit
1480 834 1521 876 a
1562 808 1762 877 vibio
1801 805 2122 903 Crispo³z
2171 838 2198 868 α
2225 833 2315 877 ne
2356 832 2595 879 musca
2633 812 2774 905 qui·

664 921 849 989 dem.
880 953 905 983 υ
956 920 1213 989 Deinde
1257 944 1542 989 uxorem
1581 919 2018 1003 Domitiam4,
2058 944 2141 988 ex
2180 944 2320 1014 qua
2359 924 2432 987 in
2473 920 2772 989 secundo

666 1054 791 1099 suo
824 1030 1216 1099 consulatu⁵
1252 1030 1469 1098 fllium
1496 1028 1775 1113 tulerat,
1809 1029 2156 1126 alteroque
2183 1053 2365 1098 anno
2396 1030 2774 1099 consaluta-

663 1158 853 1212 verat
895 1158 973 1211 ut
1010 1149 1384 1234 Augustam
1402 1196 1419 1226 ,
1468 1142 1756 1210 eandem
1775 1194 1792 1223 ‚
1844 1141 2099 1209 Paridis
2145 1140 2494 1209 histrionis
2541 1165 2770 1210 amore

733 1396 785 1433 ’2.
804 1377 1215 1453 Necqut'cquam
1234 1382 1491 1452 anaplius,
1510 1399 1670 1454 quam

660 1478 917 1513 muscas...
930 1458 1203 1533 configere.
1214 1459 1552 1512 Delectatum
1564 1458 1670 1511 hoc

661 1538 893 1592 ludibrio
910 1552 1225 1611 tempusque
1240 1538 1494 1592 fefellisse
1510 1540 1671 1591 etiam

659 1633 783 1672 ante
820 1619 1211 1691 principatum,
1248 1631 1439 1672 auctor
1464 1618 1666 1691 xiphil.

660 1698 852 1767 LXVI,
878 1718 929 1769 9.
956 1700 1037 1751 Cf.
1061 1700 1269 1765 Victor,
1293 1700 1434 1770 Epit.
1468 1716 1547 1750 11.

730 1778 783 1831 3.
804 1778 854 1831 A
879 1778 1035 1833 Vibio
1056 1778 1232 1850 Criqoo
1244 1799 1263 1839 ;
1288 1777 1357 1829 de
1378 1796 1485 1849 quo
1505 1778 1670 1844 Quin-

660 1857 738 1908 til.
770 1859 899 1909 lust.
932 1858 1011 1921 X,
1038 1874 1086 1922 1,
1128 1873 1257 1926 119,
1295 1878 1315 1901 α
1336 1856 1522 1910 Vibius
1557 1856 1670 1909 Cri-

659 1953 787 2007 spus
827 1937 1157 2007 compositus
1196 1947 1250 1989 et
1276 1935 1581 2006 jucundus,
1617 1948 1670 1987 et

657 2015 997 2067 delectationi
1024 2027 1213 2081 natus,
1243 2016 1467 2085 privatis
1488 2028 1668 2065 tamen

658 2097 833 2147 causis
863 2110 1023 2164 quam
1051 2092 1281 2164 publicis
1304 2092 1511 2145 melior.
1532 2118 1555 2143 ι·
1583 2094 1665 2145 Cf.

654 2175 901 2227 Juvenal.
920 2174 1028 2228 Sat.
1056 2176 1145 2239 lv,
1172 2174 1259 2237 813
1282 2174 1450 2225 Tacit.
1471 2172 1664 2227 Annal.

654 2256 795 2324 XIV,
818 2255 912 2317 28;
938 2255 1073 2305 nist.
1094 2256 1167 2314 11,
1194 2270 1286 2316 1ος
1308 2254 1399 2321 IV,
1424 2255 1513 2321 41.
1536 2254 1668 2305 Vide

655 2336 884 2387 Reimar.
916 2332 985 2386 ad
1010 2330 1213 2404 Xiphil'.
1236 2334 1393 2399 LXV,
1426 2350 1474 2385 2.

726 2416 776 2482 4.
790 2413 992 2467 Deinde
1003 2430 1217 2467 uxorem
1237 2413 1542 2475 Domitiam,
1565 2427 1666 2467 etc.

654 2495 737 2548 Cf.
762 2492 961 2566 xiphil.
987 2493 1202 2556 LXVII,
1230 2494 1281 2546 3.

726 2575 778 2629 5.
828 2575 899 2626 In
947 2571 1173 2627 secundo
1226 2590 1319 2625 suo
1368 2571 1664 2626 consulatu.

654 2653 833 2721 Quum
866 2670 1146 2705 numerare
1182 2650 1351 2704 soleat
1381 2651 1667 2704 Suetonius

654 2750 766 2784 non
800 2733 1089 2785 ordinarios
1114 2730 1278 2784 modo
1316 2731 1630 2783 consulatus
1649 2771 1666 2800 ‚

656 2810 753 2864 secl
770 2813 931 2864 etiam
954 2810 1201 2882 suffectos
1216 2808 1375 2882 (vide
1394 2829 1514 2882 cap.
1545 2811 1666 2882 13),

656 2889 878 2959 intelli-gi
896 2907 1007 2940 non
1022 2903 1200 2960 potest
1212 2927 1228 2953 ‚
1250 2891 1351 2941 nisi
1366 2892 1571 2962 primus
1589 2910 1669 2942 or-

654 2967 889 3020 dinarius
902 2965 1172 3036 (secundus
1183 2967 1327 3020 idem
1338 3007 1355 3034 ‚
1368 2971 1412 3021 si
1434 2971 1668 3040 primum

657 3046 939 3100 suffectum
969 3049 1387 3118 annumeraris),
1413 3067 1572 3118 quem
1599 3047 1668 3100 ad

658 3145 779 3198 cap.
824 3143 852 3177 2
888 3128 1115 3196 gessisse
1142 3127 1503 3180 Domitianum
1531 3127 1669 3186 vidi-

590 3243 597 3252 -
655 3224 809 3272 mus,
838 3224 965 3259 ann.
994 3205 1117 3258 826.
1152 3208 1274 3256 Jam
1303 3223 1468 3278 quum
1496 3210 1668 3279 Impe-

608 3297 619 3304 ·
655 3299 831 3338 ratore
848 3289 963 3357 jam
983 3285 1290 3337 Domitiano
1314 3299 1495 3336 natum
1519 3284 1668 3339 hunc

656 3364 825 3418 fllium
854 3365 1050 3420 doceat
1082 3377 1136 3417 et
1168 3365 1494 3436 epigramma
1523 3367 1669 3418 Mar-

656 3443 823 3511 tialis,
841 3445 911 3496 VI
922 3481 939 3508 ‚
963 3443 995 3496 3
1008 3477 1027 3509 ,
1044 3457 1099 3496 et
1116 3441 1471 3514 comprobent
1487 3447 1666 3511 numi,

658 3525 751 3594 qui
774 3522 920 3576 brevi
946 3535 1068 3594 post
1091 3535 1363 3576 mortuum
1391 3541 1670 3576 consecra-

656 3613 880 3671 tumque
926 3617 1153 3671 puerum
1204 3601 1399 3654 Divum
1446 3603 1672 3676 Augusti

641 3677 835 3752 filium
852 3680 1159 3743 nominant3
1182 3697 1347 3750 quum
1368 3699 1534 3751 porro
1557 3701 1668 3732 om-

655 3779 750 3812 nes
776 3759 897 3810 libri
920 3759 1210 3812 manifestae
1233 3759 1548 3832 corruptelae
1575 3779 1668 3813 ve-

654 3839 810 3908 stigia
820 3838 994 3890 ferant
1006 3859 1021 3902 ;
1032 3839 1304 3910 ingeniose
1317 3837 1664 3910 Oudendorp.

654 3937 718 3972 ex
737 3917 819 3972 his
834 3919 1065 3991 vestigiis
1082 3916 1223 3972 hanc
1242 3917 1668 3971 emendationem

654 4001 989 4071 composuit=
1030 4021 1053 4044 ιι
1072 3995 1275 4050 Deinde
1308 4015 1528 4050 uxorem
1559 3999 1666 4050 Do-

656 4079 859 4132 mitiam
877 4115 896 4144 ‚
938 4097 1003 4132 ex
1048 4095 1151 4150 qua
1194 4078 1251 4128 in
1288 4074 1527 4129 secundo
1565 4097 1664 4132 suo

652 4157 935 4211 consulatu
939 4155 1123 4230 filiam
1145 4154 1367 4224 tulerat,
1386 4156 1666 4229 alteroque

1759 1372 2126 1451 annofllt'um,
2145 1398 2210 1431 ac
2227 1374 2769 1437 consalutaveratAu-

1757 1472 1964 1531 gustam
1983 1496 1999 1524 ‚
2047 1456 2271 1511 eandem
2291 1496 2308 1524 ‚
2355 1470 2457 1509 etc.
2489 1480 2514 1505 ιο
2564 1456 2769 1509 Deinde

1758 1536 2024 1609 alteroque
2043 1556 2186 1590 anno
2196 1577 2215 1605 ,
2235 1539 2342 1589 sive
2360 1535 2591 1608 vulgaris
2612 1534 2767 1589 lectio

1760 1632 2014 1682 servetur,
2035 1621 2142 1671 sive
2156 1618 2446 1688 recipiatur
2459 1615 2768 1669 Oudendor-

1757 1699 1833 1769 pii
1853 1696 2155 1751 emendatio
2169 1736 2187 1763 ‚
2211 1698 2522 1769 neutiquam
2544 1714 2659 1749 esse
2676 1713 2770 1767 po-

1757 1790 1857 1829 test
1893 1778 2188 1850 insequenti
2223 1777 2330 1829 sive
2363 1776 2608 1847 proximo
2643 1790 2768 1845 post

1759 1856 2054 1909 secundum
2106 1855 2448 1908 consulatum
2492 1854 2766 1926 (privatus

1761 1937 1902 1987 enim
1940 1934 2118 1987 adhuc
2159 1932 2432 2005 quomodo
2475 1933 2764 2007 Auyustam

1757 2032 1978 2067 uxorem
2009 2012 2239 2067 salutare
2266 2012 2543 2084 potuisi),
2567 2012 2665 2065 sed
2686 2010 2766 2063 al-

1761 2105 1868 2147 tero
1901 2093 2108 2163 imperii
2131 2110 2304 2158 anno,
2340 2090 2396 2143 id
2419 2090 2569 2163 quod
2597 2090 2768 2143 elucet

1759 2192 1822 2227 ex
1841 2174 2030 2244 capitis
2051 2170 2271 2224 exordio
2287 2172 2437 2223 Inter
2453 2170 2608 2223 initia
2622 2170 2767 2243 prin·

1758 2254 1958 2326 cipatus
1977 2290 1994 2317 ,
2025 2251 2170 2305 unde
2197 2269 2372 2323 neque
2407 2269 2545 2323 opus
2579 2264 2660 2303 est
2685 2252 2766 2302 in·

1759 2346 1902 2386 serto
1931 2331 2117 2385 vocab.
2150 2332 2360 2404 imperii
2388 2331 2470 2383 vel
2500 2331 2765 2403 principa·

1759 2426 1864 2478 tus,
1895 2430 2074 2485 neque
2095 2413 2323 2487 Ernestii
2351 2412 2662 2481 conjectura
2684 2408 2764 2461 al·

1758 2506 1966 2566 ter-oque
1995 2511 2140 2544 anno
2166 2509 2286 2558 suo,
2317 2510 2450 2564 qua,
2485 2493 2532 2544 si
2551 2489 2636 2544 vel
2659 2507 2766 2544 ma·

1756 2576 1892 2626 xime
1930 2572 2256 2635 admittatur,
2296 2589 2486 2642 parum
2531 2569 2600 2622 ad
2639 2589 2762 2624 sen-

1757 2672 1874 2705 sum
1898 2651 2197 2724 proficitur.
2225 2651 2420 2703 Probat
2443 2662 2623 2704 antem
2651 2669 2764 2703 eam

1757 2736 2246 2804 interpretationem
2264 2731 2554 2798 Eusebius,
2579 2733 2669 2802 qui
2688 2729 2762 2782 di-

1757 2825 1896 2866 serte
1925 2815 1980 2864 in
2013 2811 2320 2878 Chronicis‚
2356 2810 2524 2863 altero
2561 2810 2765 2882 imperii

1755 2910 1900 2942 anno
1924 2912 1959 2942 a
1996 2891 2301 2942 Domitiano
2335 2906 2552 2940 uxorem
2587 2889 2764 2960 Anqu—

1753 2981 1914 3035 stam,
1941 2968 2084 3020 dicit.
2103 2971 2174 3022 Ut
2197 2967 2264 3018 de
2285 2965 2659 3020 constituenda
2676 2965 2764 3016 de-

1755 3051 1920 3119 nique
1957 3046 2185 3099 lectione
2213 3045 2321 3098 loci
2361 3044 2567 3116 dicam,
2606 3045 2664 3096 t'n
2688 3063 2763 3096 se·-

1757 3129 1928 3182 cundo
1955 3147 2044 3181 suo
2071 3125 2346 3182 consulatu
2373 3124 2664 3179 tenendum
2686 3137 2762 3178 est

1758 3221 1944 3260 contra
1989 3209 2191 3258 Ernest.
2207 3243 2225 3270 ‚
2265 3219 2323 3256 ut
2359 3207 2588 3274 August.
2636 3221 2761 3270 100,

1757 3301 1810 3340 et
1820 3289 2038 3356 Vespas.
2059 3285 2124 3351 24
2140 3307 2154 3349 3
2172 3303 2297 3336 mox
2315 3286 2552 3336 otiosum
2565 3294 2626 3336 ut
2642 3299 2762 3337 ante

1756 3366 2042 3436 Auyustam
2075 3365 2212 3433 perit
2239 3362 2485 3416 Oudend.
2517 3362 2762 3414 emenda·-

1756 3445 1930 3508 fione,
1959 3455 2014 3493 et
2041 3439 2321 3495 adhaesisse
2348 3440 2557 3492 videtur
2590 3461 2656 3493 ex
2685 3441 2762 3492 ul-

1756 3523 1882 3574 tima
1909 3519 2112 3594 syllaba
2143 3519 2290 3572 verbi
2316 3519 2760 3582 consalutaverat,-

1757 3601 1990 3673 denique
2007 3600 2226 3652 eandem
2240 3639 2256 3666 ,
2281 3597 2337 3652 h.
2354 3619 2401 3653 e.
2422 3619 2538 3652 eam
2559 3613 2761 3668 tamen,

1755 3680 1936 3734 ‘rabam
1961 3673 2034 3734 οὖν
2049 3718 2066 3742 ‚
2093 3693 2231 3734 stare
2255 3680 2412 3734 debet
2437 3681 2508 3732 ob
2530 3683 2761 3755 oppositi

1757 3779 1878 3812 cum
1899 3759 2338 3814 antecedentibus
2361 3761 2648 3826 rationem,
2675 3780 2760 3814 ne·

1759 3859 1862 3912 que
1885 3838 2309 3910 impugnandum
2337 3853 2450 3890 erat
2472 3857 2504 3890 a
2532 3839 2762 3892 Torren-

1757 3920 1832 3972 tio
1871 3921 2240 3990 Ernestioque.
2283 3917 2391 3985 Qui
2425 3915 2578 3988 plura
2617 3919 2762 3988 cupit

1756 3998 1958 4054 deloco
1973 3999 2307 4050 vexatissimo
2321 4035 2338 4062 ‚
2359 3998 2534 4068 ipsum
2552 3995 2761 4048 Ouden-

1755 4078 2004 4151 dorpium
2025 4077 2181 4130 adeat
2197 4090 2250 4130 et
2264 4073 2548 4142 wollinum,
2569 4075 2759 4148 quibus

1713 4187 1716 4190 ·
1752 4151 2012 4212 hactenus
2026 4155 2296 4229 disputata
2311 4155 2467 4211 unice
2485 4153 2758 4208 debentur.
