3050 5004
688 477 823 557 304
1432 474 1507 538 C.
1557 470 2030 540 sUETONn

683 599 1043 694 ptembris,
1068 602 1293 667 Druso
1316 602 1578 667 Caesare
1593 648 1612 681 ,
1655 597 1974 667 Norbano
2009 596 2248 669 Flacco
2263 652 2284 684 ,
2309 601 2726 674 'Consulibus
2736 607 2785 674 ⁵.

687 714 1083 780 Genituram
1108 705 1165 802 ej
1174 733 1285 791 us,
1312 708 1709 802 praedictam
1739 732 1780 777 a
1805 708 2294 779 mathematicis
2309 764 2328 795 ,
2358 715 2451 780 ita
2472 732 2790 807 parentes

686 821 1215 901 exhorruerunt,
1240 835 1319 887 ut
1338 835 1531 913 pater
1551 842 1796 911 magno
1815 844 2021 914 opere
2045 844 2314 914 semper
2331 826 2788 911 contenderit,

686 934 773 1001 ne
802 957 937 1027 qua
960 932 1023 998 ei
1058 932 1409 1022 provincia
1428 932 1584 997 vivo
1607 953 1682 997 se
1707 933 2274 1015 committeretur,
2299 950 2517 1003 mater
2539 951 2607 1002 et
2633 940 2792 1005 mis-

686 1064 841 1111 sum
858 1041 945 1109 ad
962 1039 1261 1131 legiones
1274 1091 1292 1122 ,
1318 1056 1386 1106 et
1402 1038 1819 1133 appellatum
1839 1044 2326 1132 Imperatorem
2339 1094 2357 1125 ,
2384 1067 2511 1135 pro
2533 1044 2792 1115 afflicto

686 1153 911 1219 statim
932 1148 1293 1216 lamentata
1308 1150 1417 1228 sit,
1441 1149 1804 1215 Pueritiam
1821 1151 2250 1244 primamque
2263 1150 2791 1224 adolescentiam

685 1264 957 1355 Capreis
982 1264 1119 1353 egit
1138 1262 1317 1328 inter
1333 1258 1694 1327 Tiberiana
1719 1274 1968 1342 scorta,
1991 1263 2222 1354 etipse
2243 1278 2576 1356 perpetuo
2599 1269 2794 1359 Spin·

684 1376 831 1441 triae
858 1372 1259 1464 cognomine
1276 1370 1307 1415 ⁶
1334 1384 1609 1437 notatus
1625 1420 1644 1450 ,
1669 1370 2224 1465 existimatusque
2251 1377 2553 1465 corporis
2579 1380 2791 1467 gratia

684 1484 955 1551 initium
982 1496 1051 1547 et
1076 1502 1281 1548 causa
1308 1480 1880 1545 incrementorum
1909 1481 2084 1571 patri
2111 1478 2342 1547 fuisse.

779 1604 893 1667 IV.
932 1599 1251 1691 Sequenti
1286 1618 1560 1691 quoque
1595 1612 1792 1665 aetate
1827 1598 2144 1665 omnibus
2168 1599 2438 1691 probris
2465 1606 2789 1671 contami-

682 1726 883 1779 natus
902 1725 951 1791 ¹,
990 1710 1415 1801 praecipuum
1453 1708 1527 1772 in
1553 1705 1710 1774 aula
1737 1705 1964 1774 locum
1994 1709 2246 1791 tenuit;
2275 1711 2434 1777 Caio
2459 1734 2586 1802 per
2607 1714 2787 1779 auri·-
2900 1730 2908 1735 ·

685 1819 887 1913 gandi
906 1874 923 1903 ‚
944 1818 1225 1887 Claudio
1242 1840 1365 1909 per
1387 1814 1552 1885 aleae
1574 1816 1876 1886 studium
1897 1817 2243 1887 familiaris
2261 1847 2278 1904 3
2300 1820 2420 1889 sed
2434 1821 2788 1916 aliquanto

685 1933 933 2001 Neroni
954 1930 1293 2022 acceptior
1312 1944 1338 1975 ²
1357 1980 1375 2010 ,
1403 1952 1619 2021 quum
1641 1944 1921 2021 propter
1947 1930 2184 1998 eadem
2207 1930 2354 2000 haec
2369 1984 2389 2014 ,
2413 1949 2564 2000 tum
2588 1958 2792 2026 pecu-

683 2042 833 2111 liari
852 2044 1093 2109 merito
1108 2092 1125 2123 ,
1148 2039 1332 2134 quod
1353 2039 1728 2131 praesidens
1747 2042 2097 2109 certamini
2121 2046 2430 2110 Neroneo
2442 2042 2494 2127 3,
2515 2046 2790 2136 cupien-

686 2168 823 2221 tem
856 2154 1031 2219 inter
1060 2148 1459 2218 citharoedos
1490 2150 1930 2234 contendere,
1958 2175 2118 2233 nec,
2146 2156 2454 2246 quamvis
2477 2152 2786 2245 flagitan-

682 2264 865 2332 tibus
906 2263 1198 2342 cunctis,
1237 2263 1629 2353 promittere
1671 2260 2067 2345 audentem,
2113 2260 2402 2357 ideoque
2437 2287 2785 2357 egressum

684 2374 948 2443 theatro
972 2424 989 2456 ,
1032 2386 1465 2441 revocaverat
1486 2424 1503 2454 ,
1557 2374 1750 2465 quasi
1795 2376 2292 2464 perseverantis
2333 2372 2570 2466 populi
2610 2371 2787 2467 lega-

682 2484 867 2554 tio'ne
894 2497 1237 2575 suscepta,
1267 2480 1822 2578 exorandumque
1852 2482 2235 2574 praebuerat
2247 2486 2299 2550 4.

776 2610 855 2673 V.
896 2594 1137 2673 Trium
1178 2607 1403 2698 itaque
1452 2605 1842 2694 Principum
1881 2603 2331 2695 indulgentia,
2373 2627 2514 2671 non
2559 2603 2783 2674 solum

682 2715 1055 2786 honoribus
1070 2769 1087 2799 ,
1114 2739 1353 2784 verum
1374 2730 1444 2783 et
1466 2715 1856 2784 sacerdotiis
1879 2715 2312 2810 amplissimis
2339 2733 2608 2800 auctus,
2632 2743 2787 2812 pro-

684 2955 753 3010 ad
772 2957 1014 3026 Excerpt.
1038 2955 1261 3008 Peiresc.
1285 2957 1479 3009 inserta
1497 2955 1691 3028 Xiphi—
1775 2969 1830 3010 et
1851 2959 2046 3029 sagina
2072 2959 2410 3029 mancipatus
2439 2971 2734 3030 emtusque.
2751 2981 2777 3008 n

639 3061 651 3068 ·
683 3037 777 3088 lin.
802 3035 991 3100 LXVI,
1016 3053 1080 3104 9,
1105 3033 1345 3108 aliosque
1369 3035 1486 3089 aliis
1510 3036 1660 3089 locis.
1847 3036 1898 3087 3.
1932 3037 2216 3090 conamini
2235 3039 2494 3090 Neroneo.
2514 3038 2652 3090 Vide
2673 3039 2782 3091 Ne·-

755 3115 805 3168 5.
830 3115 995 3167 Druso
1022 3115 1239 3180 Caesare,
1262 3115 1510 3168 Norbano
1535 3115 1689 3168 Flac-
1775 3132 1893 3166 ron.
1911 3133 2032 3186 cap.
2053 3133 2114 3168 η
2133 3129 2185 3170 et
2202 3133 2286 3168 Μ.
2303 3117 2550 3170 Ceterum
2568 3118 2778 3171 Mulier.

682 3212 769 3260 co,
800 3192 1131 3254 Consulibus;
1160 3192 1221 3243 Δ.
1248 3193 1312 3243 U.
1345 3193 1466 3262 768.
1488 3195 1567 3246 De
1593 3212 1689 3246 an·
1773 3195 1830 3246 in
1847 3193 2063 3251 Schedia
2080 3195 2401 3268 conjiciebat
2412 3199 2678 3252 Neronem
2693 3217 2781 3250 eu-

682 3273 762 3323 nis
788 3272 907 3322 vitae
932 3269 1126 3322 Vitellii
1152 3269 1271 3322 vide
1298 3270 1367 3323 ad
1395 3291 1515 3342 cap.
1549 3271 1627 3324 18.
1771 3273 2024 3344 pientem.

753 3345 805 3401 6.
843 3349 1089 3420 Spintn'oe
1120 3351 1445 3422 coquomine.
1476 3353 1558 3404 Cf.
1593 3350 1687 3402 Ti·
1833 3350 1884 3418 4
1898 3352 2783 3427 Exorandumqueproebuerat.flaec

680 3427 794 3482 ber.
824 3429 919 3496 433
951 3441 1004 3481 ct
1030 3429 1196 3501 calig.
1228 3429 1319 3496 16,
1346 3445 1459 3483 not.
1490 3432 1570 3483 De
1592 3432 1690 3484 Vi-
1777 3433 2104 3501 optimorum
2127 3431 2296 3484 Codd.
2324 3446 2378 3485 et
2405 3434 2556 3486 editt.
2591 3446 2673 3487 est
2704 3433 2782 3486 le-

680 3508 825 3566 tellio
856 3511 1120 3560 consentit
1146 3508 1347 3580 Xiphil.
1374 3509 1560 3578 LXIV,
1587 3512 1637 3579 4.
1777 3511 1902 3562 ctio.
1927 3509 2012 3561 Al.
2031 3510 2334 3582 ptoebuert‘t,
2359 3524 2420 3564 ut
2440 3513 2681 3584 proxime
2707 3529 2784 3564 re-

752 3589 840 3638 lv.
873 3605 917 3640 1.
945 3589 1194 3640 Omnibus
1216 3590 1413 3657 probris
1434 3592 1686 3644 contami-
1777 3591 2062 3658 vocaverit,
2095 3591 2240 3665 quod
2263 3607 2343 3646 est
2363 3609 2553 3647 contra
2581 3596 2780 3648 Latini-

680 3679 847 3721 natus.
876 3666 1075 3737 Xiphil.
1100 3669 1259 3733 LXV,
1286 3685 1335 3720 2.
1773 3683 1938 3722 tatem
1967 3673 2022 3722 in
2049 3690 2134 3738 re,
2171 3691 2328 3744 quam
2358 3692 2458 3745 pro
2482 3689 2629 3726 certa
2657 3693 2782 3728 nar-

755 3764 803 3799 2.
842 3746 1017 3800 Sed....
1048 3747 1251 3798 Neroni
1276 3749 1552 3819 acceptior,
1581 3759 1682 3799 etc.
1773 3762 1855 3802 rat
1881 3765 2101 3815 auctor;
2135 3751 2204 3804 al.
2245 3755 2500 3806 omittunt
2531 3755 2782 3826 copulam

680 3827 849 3877 Tacit.
890 3827 1020 3877 Hist.
1060 3827 1138 3891 11,
1184 3843 1278 3894 71,
1321 3848 1344 3872 σι
1366 3845 1597 3897 namque
1633 3839 1686 3878 et
1774 3851 1898 3904 que,
1929 3850 2037 3903 quo
2066 3832 2430 3906 distorquetur
2465 3836 2659 3887 oratio.
2686 3837 2782 3888 Ar-

680 3905 947 3956 Neronem
979 3905 1151 3974 ipsum
1184 3900 1423 3956 Vitellius
1452 3903 1684 3958 admira·
1773 3923 2030 3980 gutantur
2043 3913 2311 3966 Ernestius
2332 3926 2384 3966 et
2397 3912 2780 3987 Oudendorp.,

680 3985 827 4036 tione
862 3983 1199 4048 celebrabat,
1235 3985 1427 4034 sectari
1465 3997 1686 4035 cantan-
1773 3990 1862 4042 ille
1891 3991 2120 4045 suadens
2151 4003 2450 4059 exoratum,
2483 3992 2568 4045 vel
2605 4017 2628 4041 ιι
2649 4012 2781 4066 qua-

682 4077 787 4114 tem
821 4060 1033 4130 solitus,
1060 4080 1169 4114 non
1202 4065 1544 4129 necessitate,
1581 4082 1684 4135 qua
1775 4071 1922 4122 si....
1977 4085 2244 4126 exoratum
2287 4073 2598 4144 praebuerit,
2621 4095 2642 4119 ιι
2693 4072 2780 4124 hic

684 4139 1079 4194 honestissimus
1123 4143 1381 4215 quisque,
1420 4143 1515 4196 sed
1557 4141 1680 4196 luxu
1774 4144 1935 4200 deleri
1948 4149 2145 4218 jubens
2162 4169 2347 4204 vocem
2359 4150 2677 4222 proebuerat,
2698 4149 2786 4202 vel
2807 4205 2822 4212 ,
