3050 5004
653 486 778 571 ¹94
1393 482 1463 543 c.
1517 480 1984 545 sUE'ronn

533 594 538 601 ¹
645 628 832 678 tanta
873 608 1108 677 laxitas
1131 660 1148 690 ,
1195 624 1270 674 ut
1309 611 1607 699 porticus
1654 607 1951 701 triplices
1992 604 2335 675 milliarias
2356 608 2380 645 ⁵
2418 606 2739 692 haberet;

647 726 806 791 item
843 720 1203 813 stagnum⁶
1239 722 1444 785 utaris
1485 722 1697 786 instar
1716 772 1733 802 ,
1773 721 2295 812 circumseptum
2332 716 2625 788 aedificiis
2652 720 2743 789 ad

644 834 916 901 urbium
959 835 1293 924 speciem;
1321 854 1480 899 rura
1521 834 1838 923 insuper⁷
1866 885 1883 914 ,
1922 834 2098 898 arvis
2126 847 2329 925 atque
2356 834 2599 899 vinetis
2620 884 2636 909 ‚
2676 848 2747 899 et

644 946 911 1037 pascuis
949 943 1270 1036 silvisque
1300 944 1519 1024 varia,
1560 966 1719 1009 cum
1754 940 2185 1009 multitudine
2220 944 2441 1008 omnis
2479 944 2743 1033 generis

643 1052 984 1147 pecudum
1029 1076 1108 1119 ac
1153 1053 1472 1119 ferarum.
1523 1058 1599 1118 In
1648 1054 1885 1120 ceteris
1936 1053 2239 1145 partibus
2282 1068 2525 1119 cuncta
2574 1076 2745 1119 auro

641 1166 760 1233 lita
779 1216 795 1246 ‚
830 1163 1142 1231 distincta
1171 1167 1454 1253 gemmis
1477 1166 1947 1257 unionumque
1972 1162 2245 1231 conchis
2274 1179 2485 1229 erant.
2514 1166 2745 1229 Coena-

641 1282 856 1343 tiones
877 1276 902 1313 ⁸
931 1276 1260 1370 laqueatae
1291 1276 1538 1342 tabulis
1567 1276 1881 1343 eburneis
1907 1274 2331 1342 versatilibus
2352 1329 2368 1356 ‚
2398 1292 2478 1341 ut
2498 1272 2700 1341 flores
2722 1328 2743 1353 ‚
2798 1259 2803 1267 ¹

643 1386 954 1453 fistulatis
977 1438 992 1467 ‚
1032 1402 1110 1453 ut
1139 1402 1486 1479 unguenta
1521 1384 1819 1479 desuper
1854 1402 2351 1479 spargerentur.
2396 1387 2747 1477 Praecipua

642 1499 1096 1564 coenationum
1127 1496 1454 1579 rotunda,
1491 1520 1645 1592 quae
1680 1502 2013 1591 perpetuo
2049 1496 2286 1564 diebus
2320 1520 2402 1564 ac
2432 1494 2745 1563 noctibus

641 1613 785 1678 vice
827 1607 1064 1676 mundi
1098 1610 1712 1701 circumageretur:
1756 1609 2039 1677 balineae
2078 1610 2353 1675 marinis
2392 1625 2461 1676 et
2483 1605 2747 1675 Albulis

644 1721 932 1787 fluentes
964 1722 1158 1814 aquis
1179 1731 1228 1785 9.
1265 1717 1615 1812 Ejusmodi
1654 1720 1933 1788 domum
1968 1744 2185 1815 quum
2221 1718 2602 1786 absolutam
2624 1715 2745 1785 de-

643 1830 895 1898 dicaret
919 1838 966 1867 ¹⁰
1002 1883 1020 1913 ,
1062 1826 1388 1899 hactenus
1437 1828 1901 1922 comprobavit
1932 1884 1947 1911 ,
1994 1845 2069 1896 ut
2088 1882 2105 1911 ‚
2162 1860 2189 1887 a
2215 1851 2286 1895 se
2314 1881 2331 1910 ,
2357 1860 2383 1888 n
2438 1826 2693 1895 diceret
2726 1880 2745 1911 ,

651 1972 678 2001 e·
706 1942 900 2033 quasi
942 1938 1290 2007 hominem
1333 1940 1610 2007 tandem
1658 1940 1959 2008 habitare
2007 1942 2308 2034 coepisse.
2342 1970 2369 1999 ιο
2414 1945 2751 2006 Praeterea

641 2049 1000 2119 inchoabat
1039 2054 1372 2145 piscinam
1411 2076 1450 2118 a
1488 2054 1752 2120 Miseno
1777 2050 1866 2120 ad
1902 2060 2247 2121 Avernum
2286 2049 2549 2129 lacum,
2586 2074 2750 2117 con-

647 2178 893 2229 tectam
916 2213 935 2243 ‚
981 2162 1488 2257 porticibusque
1532 2163 1957 2247 conclusam,
2004 2188 2140 2259 quo
2160 2216 2179 2245 ,
2226 2160 2551 2256 quicquid
2588 2163 2750 2229 totis

649 2275 818 2341 Baiis
847 2272 1216 2341 calidarum
1247 2296 1581 2367 aquarum
1606 2290 1785 2341 esset
1806 2328 1821 2355 ,
1853 2286 2395 2341 converteretur:
2438 2270 2755 2339 ¹·fossam

721 2515 771 2566 5.
819 2515 888 2566 Ut
917 2517 1152 2587 porticus
1187 2513 1416 2590 triplices
1449 2515 1656 2568 miltia-

651 2597 778 2658 νίας,
809 2609 911 2646 etc.
953 2595 1082 2648 Tres
1119 2594 1357 2668 intelligo
1385 2598 1622 2668 porticus
1640 2635 1656 2664 ,

1747 2529 1851 2568 tem
1876 2527 2079 2568 tentare
2104 2529 2157 2568 et
2184 2515 2381 2566 viribus
2410 2515 2664 2585 Principis
2690 2513 2757 2565 il-

1748 2595 1944 2648 ludere.
1968 2619 1991 2642 ιι

651 2677 758 2726 sive
792 2673 1162 2726 columnarum
1195 2674 1440 2742 ordines,
1477 2673 1658 2727 latitu-

651 2753 809 2818 dine,
851 2769 958 2804 non
994 2752 1323 2824 longitudine
1365 2773 1478 2806 sese
1513 2758 1658 2806 exci-

651 2833 856 2901 pientes
877 2865 892 2894 ‚
940 2832 1172 2902 singulas
1217 2851 1314 2902 per
1359 2833 1659 2886 milliarium

651 2912 760 2961 sive
789 2907 930 2960 mille
957 2927 1145 2979 passus
1172 2923 1432 2962 extensas.

725 2989 777 3038 6.
819 2990 952 3039 Item
987 2999 1258 3063 stagnum,
1299 3003 1398 3041 etc.
1435 2990 1657 3042 Martial.

655 3077 759 3125 loc.
791 3075 878 3123 cit.

655 3163 748 3214 llic,
765 3162 834 3204 ubi
848 3163 1054 3218 conspicui
1069 3161 1314 3204 venerabilis
1328 3161 1627 3218 Amphitheatri

711 3225 892 3279 Erigitur
903 3226 1033 3268 moles
1043 3256 1055 3273 ,
1071 3235 1212 3279 stagna
1229 3225 1400 3268 Neroni·
1411 3234 1543 3266 erant.

731 3321 779 3372 7.
816 3305 954 3354 Rura
977 3305 1214 3376 insuper,
1240 3317 1340 3354 etc.
1366 3305 1535 3354 Tacit.
1562 3305 1665 3354 An-

659 3383 765 3434 nal.
793 3385 906 3450 XV,
935 3383 999 3449 42
1016 3422 1031 3446 ,
1061 3406 1083 3428 ι
1101 3385 1346 3436 Ceterum
1371 3384 1514 3434 Nero
1541 3401 1665 3434 usus

659 3475 739 3514 est
763 3463 947 3532 patriai
971 3464 1162 3528 minis,
1189 3463 1547 3532 exstruxitque
1570 3461 1669 3512 do-

663 3561 804 3594 mum
819 3581 836 3608 ,
854 3545 909 3594 in
930 3561 1034 3614 qua
1055 3544 1197 3596 haud
1217 3543 1436 3616 perinde
1449 3561 1668 3614 gemmae

663 3635 716 3672 et
752 3639 938 3674 aurum
976 3619 1236 3674 miraculo
1277 3635 1480 3686 essent,
1512 3621 1669 3673 solita

663 3701 869 3775 pridem
889 3715 943 3754 et
961 3699 1088 3754 hxu
1107 3702 1347 3772 vulgata,
1369 3719 1529 3774 quam
1548 3719 1669 3754 arva

663 3793 718 3834 et
730 3793 920 3852 stagna
938 3793 992 3831 et
1009 3782 1065 3831 in
1085 3777 1302 3830 modum
1325 3777 1671 3831 solitudinum

663 3859 790 3912 hinc
817 3857 989 3922 silvoe,
1028 3857 1154 3910 inde
1190 3871 1376 3929 aperta
1413 3859 1587 3928 spatia
1622 3871 1675 3910 et

665 3953 978 4012 prospectus
994 3977 1011 4004 ,
1037 3940 1304 4010 magistris
1327 3951 1383 3989 et
1409 3937 1673 3991 machina-

665 4021 870 4072 toribus
909 4017 1102 4071 Severo
1140 4031 1194 4070 et
1223 4017 1442 4082 Celere,
1481 4015 1673 4088 quibus

665 4100 936 4168 ingenium
973 4111 1030 4149 et
1069 4095 1296 4150 audacia
1333 4108 1479 4163 erat,
1517 4097 1671 4148 etiam

673 4194 786 4247 quae
816 4191 1008 4229 natura
1037 4176 1433 4247 denegavisset,
1471 4193 1567 4247 per
1592 4195 1674 4228 ar-

1818 2677 1868 2728 8.
1920 2673 2270 2739 Coenatt'oneS,
2314 2685 2414 2723 etc.
2462 2673 2759 2743 Laquearia

1748 2754 1832 2806 vel
1852 2755 2095 2826 laqueata
2116 2764 2257 2804 tecta
2278 2763 2455 2820 erant,
2476 2770 2591 2824 quse
2610 2771 2758 2805 nunc

1748 2834 1952 2886 Gallico
1977 2831 2239 2884 vocabulo
2262 2831 2486 2883 dicimus
2513 2829 2757 2884 lambris-

1750 2918 1853 2968 se‘st
1874 2933 1935 2966 ex
1958 2900 2150 2966 tabulis
2172 2913 2311 2965 enim
2326 2912 2512 2982 ligneis
2526 2909 2758 2978 fiebant,

1750 2998 1805 3045 in
1824 2997 1995 3046 varias
2011 2993 2203 3062 figuras
2219 3005 2270 3044 et
2288 2990 2583 3043 maeandros
2597 2993 2760 3044 sectis

1754 3082 1813 3124 et*
1825 3072 2034 3126 caelatis.
2050 3073 2181 3139 Quae
2200 3071 2391 3123 tabulae
2413 3069 2669 3124 venatiles
2688 3071 2761 3124 ad

1754 3153 1855 3205 lior
1872 3154 2109 3216 fuerunt,
2124 3165 2185 3203 ut
2198 3151 2355 3203 flores
2370 3151 2599 3222 desuper
2616 3169 2764 3222 spar-

1752 3225 2223 3300 gerent,fistulatoe
2242 3241 2418 3280 autem
2435 3226 2506 3280 ad
2522 3245 2764 3298 unguen-

1752 3323 1807 3360 ta
1834 3305 2122 3359 fundenda.
2151 3308 2347 3359 Cetei-te
2374 3309 2532 3378 hujus
2557 3307 2661 3360 loci
2688 3307 2766 3360 le-

1756 3392 1957 3441 ctiones
1980 3391 2185 3459 ineptae.
2584 3397 2591 3404 '

1828 3487 1879 3537 9.
1917 3467 2180 3520 Albulis...
2212 3469 2373 3540 aquis.
2412 3469 2491 3519 De
2526 3467 2609 3520 his
2640 3469 2766 3522 vide

1758 3561 1867 3598 not.
1896 3546 1963 3599 ad
1990 3549 2208 3619 August.
2236 3547 2321 3600 82.

1838 3643 1916 3680 10.
1958 3627 2208 3696 Quium...
2232 3625 2520 3686 dedicaret,-
2548 3623 2655 3678 hoe
2688 3641 2769 3679 est

1762 3703 2003 3776 quidem,
2038 3717 2099 3754 ut
2134 3705 2336 3754 Ernest.
2370 3705 2771 3775 interpretatur,

1764 3801 1929 3855 quum
1960 3785 2015 3833 in
2042 3800 2159 3833 eam
2194 3783 2620 3854 commigrasset,
2647 3801 2770 3836 eam

1762 3859 2004 3912 habitare
2030 3861 2291 3932 coepisset.
2317 3861 2439 3911 Non
2462 3863 2773 3933 proetermit-

1764 3939 1927 3992 tenda
1950 3952 2125 3991 tamen
2160 3941 2291 3991 ritus
2314 3943 2477 4007 sacri,
2508 3943 2599 4012 qui
2628 3959 2771 4012 pm-

1764 4019 1951 4072 cedere
1975 4017 2203 4086 solebat,
2232 4019 2569 4091 significatio.

1840 4117 1859 4151 ι
1879 4117 1919 4151 ι.
1977 4101 2181 4153 Fossam
2206 4139 2222 4167 ,
2270 4115 2371 4152 etc.
2416 4101 2583 4152 Tacit.
2630 4100 2666 4152 l.
2718 4119 2768 4152 c.

1770 4179 2080 4248 «Namque,
2122 4178 2189 4230 ab
2224 4178 2343 4232 lacu
2382 4179 2589 4230 Averno
2618 4181 2771 4230 navi—
