3050 5004
621 502 753 567 358
1374 502 1449 567 C.
1485 501 1966 567 ‘SUETONII

611 626 969 699 mediocris
1004 650 1291 697 summae
1326 644 1620 695 statuam
1655 624 2067 710 colosseam‘,
2089 658 2116 689 n
2152 627 2383 721 jussit,
2423 630 2532 699 vel
2563 656 2726 701 con-

608 743 803 813 tinuo
838 759 1173 835 ponerent
1190 795 1206 823 ,
1250 764 1487 811 cavam
1524 764 1808 809 manum
1845 756 2192 810 ostentans
2208 792 2226 825 ,
2267 758 2335 811 et
2377 772 2406 807 cc
2423 761 2728 837 paratam

608 854 804 923 basin
822 884 849 915 υ
884 852 1135 923 dicens,
1174 860 1269 922 Ac
1299 877 1387 920 ne
1414 856 1487 920 in
1518 868 1708 921 metu
1735 852 2012 948 quidem
2042 877 2123 922 ac
2155 854 2458 947 periculo
2492 860 2728 924 mortis

610 983 909 1035 extremo
927 976 951 1016 ⁷
976 965 1303 1034 abstinuit
1315 964 1509 1058 jocis.
1549 971 1721 1033 Nam
1742 990 1958 1060 quum
1979 968 2156 1035 inter
2175 984 2399 1035 cetera
2425 964 2729 1061 prodigia

608 1076 1081 1145 Mausoleum⁸
1105 1076 1471 1172 derepente
1499 1079 1861 1171 patuisset,
1889 1092 1960 1145 et
1981 1074 2180 1145 stella
2199 1079 2442 1145 crinita
2463 1080 2536 1145 in
2560 1077 2727 1146 caelo

494 1240 499 1245 -
606 1190 1034 1283 apparuisset
1064 1216 1079 1255 z
1119 1188 1413 1257 alterum
1450 1185 1539 1255 ad
1577 1189 1852 1255 suniam
1887 1186 2276 1256 Calvinam⁹
2303 1211 2342 1255 e
2372 1202 2572 1281 gente
2596 1193 2730 1254 Au—

608 1301 785 1393 gusti
814 1303 1183 1393 pertinere,
1208 1298 1508 1380 dicebat;
1533 1297 1827 1367 alterum
1853 1297 1942 1366 ad
1970 1296 2374 1366 Parthorum
2403 1308 2726 1390 ⁸⁰regem,

608 1413 725 1505 qui
734 1410 1089 1503 capillatus
1104 1427 1304 1479 esset.
1318 1414 1541 1479 Prima
1552 1434 1826 1506 quoque
1835 1409 2054 1477 morbi
2065 1410 2475 1490 accessione,
2488 1414 2646 1477 «Vae
2661 1460 2678 1490 ,
2689 1438 2716 1469 υ

607 1524 859 1616 inquit,
899 1553 925 1585 a
946 1539 1149 1615 puto,
1180 1527 1365 1589 Deus
1392 1522 1483 1589 fio
1502 1533 1574 1588 ⁸¹.
1595 1552 1622 1583 n

702 1636 939 1701 XXIV.
976 1632 1349 1701 Consulatu
1378 1656 1503 1700 suo
1527 1656 1714 1700 nono
1733 1650 1750 1679 ¹
1778 1646 2076 1699 tentatus
2104 1634 2175 1698 in
2199 1634 2568 1724 Campania
2587 1656 2730 1700 mo-

608 1736 927 1811 tiunculis
954 1742 1216 1811 levibus
1234 1796 1250 1823 ,
1280 1747 1728 1837 protinusque
1757 1742 1944 1811 Urbe
1965 1744 2250 1834 repetita
2264 1795 2280 1825 ,
2305 1742 2583 1811 Cutilias
2601 1751 2624 1779 ²
2647 1766 2730 1811 ac

606 1858 887 1925 Reatina
914 1880 1107 1937 rura,
1136 1856 1251 1924 ubi
1281 1860 1589 1949 aestivare
1617 1848 1980 1951 quotannis
2005 1854 2296 1938 solebat,
2325 1858 2538 1948 petiit.
2568 1859 2724 1940 Hic,

607 2058 949 2113 difficultates
982 2062 1171 2133 quaerit
1201 2060 1448 2114 Oudend.
1483 2078 1620 2131 quas
1709 2060 1860 2127 xm,
1889 2079 1934 2113 1.
1955 2060 2110 2113 Conf.
2131 2058 2426 2132 Glandorp.
2447 2061 2726 2115 Onomast.

606 2158 708 2211 ego
734 2159 844 2191 non
870 2158 1066 2191 moror.
1091 2142 1169 2192 De
1190 2158 1247 2192 re
1267 2140 1410 2191 conf.
1433 2137 1621 2211 xiphi·
1711 2159 1836 2213 pag.
1865 2140 1966 2207 504
1995 2158 2105 2213 seq.

606 2218 699 2271 lin.
724 2220 916 2284 LXVI,
948 2218 1039 2287 14,
1070 2222 1163 2291 qui
1192 2238 1303 2271 non
1326 2220 1531 2290 legatos
1554 2217 1623 2269 ad
1791 2236 1874 2272 ιο.
1912 2218 2154 2271 Alterum
2192 2218 2263 2270 ad
2301 2218 2620 2271 Parthorum
2653 2240 2728 2274 rc-

605 2301 993 2372 Vespasianum
1015 2303 1222 2355 venisse
1242 2303 1341 2363 ait,
1362 2299 1457 2353 sed
1476 2301 1625 2370 ipsos
1709 2318 1832 2372 μνη
1848 2336 1867 2364 ,
1895 2312 1997 2353 etc.
2023 2297 2104 2349 cf.
2131 2296 2334 2369 xiphil.
2359 2297 2462 2351 loc.
2493 2300 2586 2351 cit.

607 2398 729 2447 eos,
748 2398 779 2431 a
800 2378 993 2452 quibus
1010 2380 1225 2433 decreta
1241 2393 1415 2433 statua
1433 2381 1624 2431 fuerat.
1794 2394 1814 2429 1
1831 2394 1848 2427 ι
1862 2415 1874 2428 .
1920 2376 1976 2429 V
1969 2393 2029 2427 oe.
2047 2415 2058 2426 .
2073 2415 2086 2428 .
2105 2414 2120 2427 .
2148 2387 2308 2449 puto,
2341 2378 2480 2431 Deus
2495 2376 2602 2451 fio.
2639 2380 2695 2432 V
2687 2398 2732 2432 α

606 2460 710 2513 Res
736 2458 911 2512 nihili.
1716 2458 1931 2511 Mamm.
1961 2455 2174 2530 aliique.
2201 2456 2369 2530 vulg.
2411 2458 2538 2512 Ut...
2568 2471 2730 2531 puto,

680 2555 731 2610 7.
770 2539 853 2592 Ac
886 2537 1126 2612 perit-ulo
1164 2539 1346 2592 mortis
1379 2550 1626 2591 extremo.

608 2621 727 2671 Hoc
748 2617 815 2670 ad
840 2632 1005 2690 caput
1029 2636 1287 2690 sequens,
1310 2631 1372 2670 ut
1396 2628 1540 2669 metu
1561 2616 1630 2668 ad

608 2698 789 2770 priora
824 2696 1065 2768 exmpla
1096 2701 1352 2769 pertinet,
1390 2697 1632 2769 proxime

612 2789 853 2842 narrata,
878 2775 1029 2847 quod
1052 2779 1263 2832 monuit
1278 2780 1392 2848 jam
1411 2774 1631 2830 Ouden-

615 2853 857 2927 ‹lou-pius.

688 2933 739 2986 8.
779 2934 1133 2990 Mausoleum.
1162 2932 1384 2986 Addunt
1410 2933 1503 2986 alii
1527 2935 1632 2988 Coe-

613 3029 821 3080 sarum,
864 3011 1013 3084 quod
1044 3014 1321 3066 omisimus
1358 3031 1481 3066 cum
1517 3015 1634 3066 Ou-

616 3091 780 3145 dend.
814 3092 1075 3150 librorum
1106 3095 1413 3166 principum
1444 3107 1635 3146 aucto—

617 3175 789 3228 ritate.
816 3175 897 3226 Cf.
923 3172 1127 3245 Xipbil.
1150 3174 1340 3240 LXVI,
1370 3190 1451 3243 17.

689 3272 745 3324 9.
780 3253 868 3307 Aa
902 3255 1122 3308 suniam
1160 3253 1453 3306 Caluinam.
1489 3253 1634 3306 Scri·

617 3334 857 3392 bendum
888 3349 1011 3391 cum
1046 3333 1195 3387 libris
1234 3335 1485 3400 suniam,
1522 3353 1636 3388 non

616 3415 842 3470 Juliam.
866 3415 1029 3476 Soror
1051 3417 1189 3468 enim
1211 3429 1321 3467 erat
1343 3416 1491 3466 Junii
1508 3415 1636 3468 Sila-

618 3498 705 3564 ni,
722 3498 811 3550 cui
824 3495 1145 3568 desponsata
1160 3495 1409 3563 Octavia,
1424 3492 1637 3548 Claudii

622 3575 843 3630 Caesaris
868 3575 993 3630 filia.
1014 3577 1183 3626 Tacit.
1208 3572 1401 3628 Annal.
1423 3574 1548 3640 ΧΠ,
1567 3573 1632 3641 4,

625 3679 649 3712 ιι
671 3658 759 3710 cui
777 3653 1019 3726 (Silano)
1036 3653 1233 3708 decora
1259 3667 1311 3707 et
1330 3673 1532 3727 procax
1549 3674 1636 3708 so-

622 3755 729 3802 ror,
758 3735 927 3789 Junia
956 3734 1205 3802 Calvina,
1234 3733 1383 3788 haud
1408 3729 1636 3788 multum

622 3829 747 3872 ante
774 3813 973 3868 Vitellii
996 3833 1165 3870 nurus
1192 3815 1381 3868 fuerat.
1404 3838 1427 3864 ι
1458 3813 1637 3881 Idem,

622 3917 745 3969 cap.
767 3897 827 3964 8,
846 3910 1060 3950 narrata
1076 3895 1241 3952 Silani
1260 3907 1459 3961 mon-to,
1484 3917 1507 3942 ιι
1523 3893 1640 3946 cal-

626 3979 775 4044 vina,
795 3995 950 4028 soror
968 3977 1111 4046 ejus,
1134 3975 1286 4030 Italia
1304 3973 1465 4045 pulsa
1482 3987 1591 4040 est,
1607 3997 1630 4022 ι

624 4057 695 4113 ad
728 4075 889 4130 quem
914 4055 1095 4110 locum
1118 4053 1361 4116 eamdem
1390 4073 1513 4108 cum
1537 4071 1640 4106 no-

626 4151 735 4192 stra
778 4155 917 4202 esse,
966 4138 1149 4190 statuit
1190 4137 1348 4190 etiam
1392 4135 1636 4206 Lipsius,

628 4235 789 4290 quem
824 4216 895 4270 dc
930 4213 1125 4270 Silonis
1172 4215 1291 4272 vide
1326 4213 1397 4268 ad
1440 4213 1634 4271 Annal.

1717 2549 1820 2590 etc.
1853 2538 1964 2590 Cur
1998 2537 2242 2589 Ernestio
2269 2537 2626 2609 subfrigidum
2651 2542 2733 2592 vi-

1719 2614 1910 2668 deatur
1923 2615 2142 2668 verbum
2146 2627 2298 2687 puto,
2315 2635 2425 2668 non
2443 2621 2730 2689 perspicio.

1716 2695 1860 2750 Dixit
1877 2693 1984 2748 hoc
1999 2697 2356 2767 Vespasianus
2370 2697 2548 2769 prima
2565 2701 2737 2750 morbi

1718 2777 2030 2840 accessione,
2069 2777 2304 2829 incertus
2345 2775 2478 2828 adeo
2495 2815 2514 2845 ,
2551 2795 2621 2830 an
2665 2777 2734 2831 ad

1721 2868 1944 2905 mortem
1957 2891 1974 2919 ,
2014 2853 2126 2918 vel,
2167 2867 2228 2905 nt
2261 2855 2378 2925 ipse
2407 2857 2626 2924 jocose,
2665 2857 2734 2910 ad

1722 2927 1999 2986 ἐπιδ-ἆσσον
2013 2951 2096 2986 res
2109 2946 2370 3003 vergeret.
2379 2933 2516 2988 Vide
2529 2934 2731 3008 Xipbil.

1721 3011 1758 3066 l.
1787 3031 1834 3064 c.
1867 3013 2022 3083 cujus
2047 3012 2207 3066 verba
2235 3012 2382 3066 haud
2409 3016 2540 3068 satis
2571 3035 2732 3070 accu-

1721 3107 1834 3146 rato
1855 3096 2184 3164 comparavit
2203 3095 2494 3151 Ernestius.

1793 3172 1982 3226 XXIV.
2010 3189 2054 3224 ι.
2078 3173 2464 3228 Οοπειιὶαειιευο
2479 3193 2651 3238 nomn
2669 3177 2736 3230 A.

1723 3253 1788 3306 U.
1823 3254 1946 3306 832.
1981 3254 2180 3306 Contra
2217 3255 2550 3323 Ernestium,
2579 3255 2738 3310 dam-

1721 3347 1940 3407 nantem
1951 3353 2046 3386 suo
2055 3371 2074 3400 ‚
2093 3349 2371 3406 comparat
2383 3335 2616 3390 Wolfius
2628 3339 2740 3390 Au-

1721 3427 1864 3486 gust.
1899 3429 1999 3466 loo
2025 3413 2116 3466 fin.
2152 3434 2176 3458 ι
2195 3427 2346 3466 sexto
2368 3433 2460 3470 suo
2487 3415 2737 3470 consula-

1725 3509 1810 3560 tu,
1831 3517 1854 3542 »
1883 3505 1937 3546 et
1958 3493 2156 3549 Domit.
2178 3493 2242 3560 3,
2269 3517 2292 3540 οι
2309 3496 2366 3548 in
2385 3495 2628 3550 secundo
2645 3515 2740 3551 suo

1725 3573 2034 3639 consulatu,
2059 3595 2082 3622 a
2103 3585 2158 3626 et
2175 3586 2255 3626 est
2271 3592 2372 3644 pro
2393 3573 2576 3628 addito
2589 3577 2739 3646 geni-

1722 3655 1832 3706 tivo
1851 3653 2100 3706 nominis.
2116 3653 2198 3705 De
2215 3652 2406 3706 morbo
2426 3653 2742 3726 Vespasiani

1721 3731 1925 3804 Xiphil.
1953 3731 2139 3797 LXVI,
2177 3747 2255 3801 ¹7·

1800 3829 1850 3866 α.
1891 3809 2136 3872 Cutilia„
2163 3809 2352 3864 urbem
2379 3809 2737 3878 Sabinorum,

1725 3892 2120 3964 septuagesimo
2143 3909 2174 3942 a
2191 3891 2352 3944 Reate
2373 3891 2546 3943 stadio
2567 3911 2742 3946 remo·

1723 3987 1854 4028 tam.
1869 3975 2079 4026 Nomen
2095 3985 2266 4028 servat
2285 3971 2432 4026 lacus
2447 3976 2742 4044 proximus,

1727 4055 1820 4125 qui
1833 4051 1994 4106 bodio
2007 4053 2150 4126 Layo
2161 4053 2219 4106 di
2233 4051 2590 4126 Contiqliano.
2603 4055 2742 4108 vide

1725 4131 2009 4196 cellanli,
2029 4151 2092 4202 9,
2115 4150 2240 4202 pag.
2261 4149 2394 4203 7793
2413 4133 2648 4188 Reimar.
2670 4133 2740 4188 ad

1725 4211 1925 4284 Xiphil.
1953 4211 2056 4264 loc.
2085 4213 2174 4264 cit.
