3050 5004
634 443 768 514 300

1383 448 1455 511 C.
1506 447 1976 515 SUETONII

628 571 984 641 tutandam
1018 571 1184 641 olim
1223 573 1782 668 depoposcissent
1813 602 1828 644 z
1867 592 2172 670 tempore
2208 576 2451 647 deinde
2487 582 2731 649 Samni·

632 684 744 750 tici
762 680 955 766 belli,
978 681 1293 776 praesidio
1311 687 1382 751 in
1402 685 1715 779 Apuliam
1733 687 1970 770 misse,
1991 684 2322 782 quosdam
2346 713 2430 757 ex
2447 687 2730 758 Vitelliis

630 791 1016 863 subsedisse
1039 796 1380 878 Nuceriae3
1407 818 1780 892 eorumque
1810 799 2205 889 progeniem
2233 794 2435 890 longo
2459 815 2615 892 post
2638 802 2735 867 in-

628 903 913 971 tervallo
937 907 1263 999 repetisse
1288 905 1544 974 Urbem
1567 922 1770 1001 atque
1793 904 2100 975 ordinem
2127 911 2569 976 senatorium.

726 1017 814 1081 11.
852 1017 1103 1082 Contra
1136 1014 1365 1108 plures
1406 1032 1754 1084 auctorem
1789 1021 2055 1108 generis
2088 1015 2478 1084 libertinum
2514 1017 2733 1110 prodi-

632 1117 900 1190 derunt.
952 1127 1225 1192 Cassius
1272 1127 1589 1193 Severus¹
1615 1176 1632 1206 ‚
1675 1149 1802 1193 nec
1847 1128 2072 1193 minus
2120 1125 2269 1206 alii,
2322 1126 2618 1194 eundem
2666 1146 2734 1196 et

632 1249 933 1302 sutorem
975 1227 1614 1306 veteramentarium
1656 1263 1671 1303 :
1717 1234 1912 1329 cujus
1957 1236 2167 1320 filius,
2217 1238 2626 1306 sectionibus
2667 1256 2734 1306 et

630 1347 1041 1437 cognituris²
1070 1344 1347 1415 uberius
1376 1344 1858 1440 compendium
1887 1364 2156 1431 nactuS,
2184 1371 2265 1414 ex
2290 1347 2571 1416 muliere
2593 1346 2732 1415 vul-

502 1489 571 1574 Ἴ
630 1455 820 1548 gari-²·
838 1508 857 1539 ,
908 1451 1220 1525 Antiochi
1274 1454 1630 1550 cujusdam
1685 1456 2060 1525 furnariam
2105 1457 2521 1526 exercentis4
2565 1459 2731 1544 filia,

576 1623 581 1626 .
630 1568 948 1661 Equitem
981 1573 1361 1648 Romanum
1394 1571 1723 1662 genuerit.
1757 1568 1885 1637 Sed
1918 1568 2101 1664 quod
2133 1569 2502 1661 discrepat,
2540 1572 2628 1637 sit
2660 1574 2730 1637 in

632 1679 877 1748 medio,
924 1684 1238 1749 Ceterum
1289 1687 1360 1750 P.
1410 1680 1720 1758 Vitellius
1745 1735 1762 1765 ,
1812 1680 2016 1751 domo
2061 1685 2349 1749 Nuceria
2371 1735 2388 1765 ,
2436 1686 2576 1751 sive
2621 1683 2729 1751 ille

632 1790 864 1883 stirpis
912 1794 1239 1887 antiquae,
1294 1795 1435 1861 sive
1480 1791 1817 1885 pudendis
1866 1791 2258 1885 parentibus
2306 1808 2508 1885 atque
2552 1795 2729 1874 aviS,

632 1904 859 1994 Eques
907 1918 1087 1970 certe
1125 1907 1505 1985 Romanus,
1552 1918 1621 1969 et
1665 1924 1896 1968 rerum
1939 1902 2223 1992 Augusti
2265 1901 2730 1993 ⁵procurator,

634 2029 927 2106 quatuor
953 2011 1127 2081 filios
1154 2012 1592 2108 amplissimae
1623 2012 1963 2105 dignitatis
1993 2015 2458 2106 cognomines,
2483 2036 2564 2080 ac
2591 2029 2734 2080 tan-

634 2138 783 2189 tum
807 2123 1339 2215 praenominibus
1355 2123 1708 2194 distinctos
1723 2177 1740 2208 ,
1759 2121 2030 2218 reliquit
2044 2175 2061 2205 ,
2079 2120 2326 2192 Aulum
2343 2177 2359 2204 ,
2375 2121 2696 2210 Quiritum
2713 2178 2730 2208 ,

636 2230 977 2318 Publium,
1002 2236 1311 2302 Lucium.
1344 2233 1457 2303 AU
1468 2237 1626 2303 LUS
1649 2237 1720 2300 in
1750 2232 2106 2301 consulatu
2131 2233 2326 2315 obiit,
2353 2257 2554 2328 quem
2581 2259 2734 2301 cum

634 2346 961 2428 Domitio,
986 2347 1273 2414 Neronis
1297 2347 1577 2415 Caesaris
1601 2359 1826 2439 patre,
1851 2344 2128 2411 inierat⁶
2149 2369 2162 2410 z
2185 2343 2554 2437 praelautus
2577 2343 2736 2412 alio·

706 2550 770 2601 11.
816 2566 861 2601 ι.
904 2549 1096 2602 Cassius
1128 2550 1358 2605 Severus.
1400 2549 1536 2604 Vide
1571 2549 1640 2603 ad
1727 2566 1891 2601 unam
1921 2565 1986 2599 ex
2017 2546 2174 2620 vulqo
2192 2586 2210 2614 ,
2244 2566 2308 2599 ex
2334 2542 2525 2599 humili
2544 2544 2696 2618 plebe
2715 2584 2732 2614 ‚

633 2624 803 2696 calig.
830 2626 893 2679 16
910 2625 978 2680 de
1000 2627 1104 2681 hoc
1130 2642 1344 2683 oratore
1362 2644 1568 2683 notata.

710 2722 758 2757 2.
813 2705 1118 2779 Cognitun‘s.
1164 2709 1245 2761 Ita
1282 2709 1465 2780 optimi
1503 2708 1639 2760 libri.

634 2783 719 2836 Al.
765 2785 1048 2839 consuturis
1082 2799 1135 2839 et
1172 2790 1393 2855 suturis,
1442 2790 1642 2859 inepte.

640 2865 935 2937 Cognitum
964 2879 1091 2918 eunt
1130 2866 1423 2931 delatores,
1463 2870 1647 2941 cogni-

638 2954 767 2995 turoe
777 2946 990 3015 praemia
1004 2944 1351 2999 delationum.
1368 2948 1500 3000 Vide
1513 2948 1649 3002 Gro-

636 3040 759 3075 nov.
779 3020 845 3073 de
860 3024 1053 3075 Pecun.
1070 3025 1187 3075 Vet.
1204 3026 1303 3091 lv,
1319 3025 1371 3077 3.
1386 3027 1649 3080 Sectiones

639 3114 815 3153 autem
834 3119 949 3153 esse
969 3102 1253 3155 emtionem
1266 3103 1530 3157 bonorum
1546 3104 1647 3157 ha-

636 3194 727 3233 stae
752 3179 1113 3251 subjectorum
1127 3219 1144 3249 ‚
1166 3185 1293 3236 satis
1315 3198 1520 3236 notum.
1561 3184 1644 3237 cf.

638 3259 844 3312 Ernest.
871 3258 1017 3311 Clav.
1042 3260 1212 3313 Cicer.
1237 3260 1336 3313 sub
1360 3260 1499 3315 hanc
1527 3280 1645 3315 voc.

708 3338 761 3391 3.
790 3340 875 3391 Ex
892 3339 1109 3393 muliere
1130 3339 1353 3415 vulgari.
1372 3340 1646 3413 Intelligo,

639 3436 753 3491 quae
798 3418 959 3489 vulgo
1010 3436 1209 3491 corpus
1254 3420 1642 3492 prostituebat,

638 3516 761 3550 cum
779 3500 1061 3550 Torrentio
1072 3536 1091 3566 ,
1109 3500 1350 3552 Ernestio
1363 3538 1381 3567 ‚
1400 3500 1643 3572 aliisque.

638 3578 834 3651 Citavit
856 3578 945 3631 ille
968 3576 1124 3631 ovid.
1149 3580 1289 3632 Fast.
1314 3582 1416 3648 IV,
1442 3580 1574 3649 865,

638 3672 839 3778 Νιιωίιιιὲ,
852 3674 1063 3730 vulgares
1072 3704 1084 3725 ‚
1100 3674 1273 3718 Veneris
1285 3674 1488 3718 eelebnte
1499 3708 1511 3727 ,
1523 3676 1646 3731 puel-

640 3816 719 3867 Ita
742 3816 939 3868 Domit.
975 3832 1071 3883 22,
1112 3835 1235 3869 cum
1262 3816 1431 3871 codd.
1461 3816 1645 3888 legen-

640 3893 771 3947 dum
794 3894 1177 3970 vulgar-mimas
1198 3897 1509 3961 meretrices,
1539 3913 1646 3947 non

640 3971 1035 4046 uulgatissimas.
1064 3978 1143 4029 Ita
1167 3975 1398 4048 denique
1423 3972 1650 4047 vulqan‘s

644 4052 925 4107 liberalitas
960 4054 1129 4109 Cicer.
1168 4054 1323 4109 offic.
1363 4056 1423 4119 1,
1465 4054 1557 4121 16,
1586 4070 1648 4123 9,

642 4142 752 4199 est,
792 4122 907 4203 qu‘oe
940 4132 1011 4187 ad
1042 4150 1217 4187 omnes
1251 4134 1495 4205 pertinet.
1545 4132 1650 4187 Alii

1729 2627 2176 2698 interpretantur,
2201 2624 2517 2697 quibuscum
2537 2626 2738 2677 faciunt

1731 2702 1979 2760 Oudend.
2024 2718 2077 2757 et
2111 2704 2356 2757 Wolfius.
2394 2706 2466 2755 At
2507 2706 2736 2757 otiosum

1735 2784 1841 2836 hoc
1861 2802 1973 2837 esse
1993 2782 2439 2848 additamentum,
2462 2800 2626 2853 quum
2647 2781 2740 2833 ob-

1735 2882 1950 2917 scurum
1978 2864 2142 2935 patris
2167 2880 2360 2914 nomen
2389 2860 2739 2932 sordidaeque

1737 2954 1962 3015 quaestus
1993 2942 2234 3013 proxime
2273 2954 2736 3007 commemoretur,

1736 3024 1921 3092 negari
1947 3041 2057 3073 non
2087 3034 2291 3092 potest,
2322 3020 2560 3092 quamvis
2589 3018 2739 3070 oblo-

1737 3114 1932 3175 quatur
1959 3100 2208 3153 Wolfius.

1809 3181 1861 3247 4.
1883 3182 2194 3233 Fur-nariam
2211 3179 2487 3231 exercentis
2499 3198 2519 3239 ,·
2535 3197 2645 3230 non
2657 3180 2741 3250 pi-

1733 3262 1905 3323 storis,
1931 3260 2022 3313 sed
2046 3278 2108 3311 ex
2132 3262 2300 3311 furnis
2323 3258 2482 3329 vulgo
2503 3257 2742 3310 locandis¹

1737 3354 1994 3412 quaestum
2009 3340 2248 3391 facientis
2261 3376 2278 3403 ‚
2305 3338 2578 3409 quomodo
2599 3350 2739 3391 recte

1735 3420 2118 3491 interpretatur
2143 3418 2392 3471 Wolflus.

1807 3497 1858 3553 5.
1895 3501 1968 3553 Et
1985 3517 2157 3553 rerum
2177 3498 2740 3572 Anqustiprocurator,·

1733 3574 1988 3648 χρημάτων
2031 3576 2276 3634 &sonna-iic.
2326 3576 2619 3628 violentior
2663 3588 2743 3628 est

1737 3658 1883 3711 crisis
1897 3659 2122 3711 Ernestii
2132 3696 2149 3724 ,
2165 3657 2470 3728 ut'spurium
2487 3654 2744 3707 damnan-

1737 3741 1802 3792 tis
1824 3738 2144 3791 vocabulum
2172 3756 2358 3789 rerum.

1805 3818 1858 3871 6.
1895 3818 1963 3869 In
1977 3816 2304 3869 consulatu...
2325 3834 2477 3888 quem
2501 3834 2620 3868 cum
2645 3816 2745 3867 Do-

1736 3898 1945 3950 mitio...
1971 3896 2164 3948 inierat
2173 3916 2193 3957 ‚·
2223 3894 2279 3948 h.
2307 3914 2352 3948 e.
2378 3914 2538 3967 quem
2557 3894 2740 3948 eodem

1737 3994 1876 4028 anno
1901 3977 2117 4040 inierat,
2153 3992 2260 4046 quo
2287 3976 2552 4027 Domitius
2577 3986 2631 4026 et
2653 3974 2745 4026 Ca-

1738 4056 1914 4108 millus
1929 4054 2188 4107 Consules
2203 4054 2440 4120 fuerunt,
2454 4054 2519 4104 U.
2542 4053 2601 4105 C.
2623 4053 2742 4122 785.

1739 4134 1822 4186 cf.
1851 4132 2052 4188 Othon.
2082 4152 2131 4187 α.
2158 4132 2428 4186 Vitellium
2457 4132 2744 4185 suffectum
