3050 5004
1402 511 1474 573 C.
1522 506 1995 579 ,SUETONH
2101 566 2122 581 .

656 638 987 703 sermonis
1022 638 1369 727 ignarum,
1408 659 1550 703 non
1585 634 1792 703 modo
1827 634 1984 703 albo
2015 633 2324 728 judicum
2361 636 2594 715 erasit,
2631 634 2752 704 sed

650 748 853 813 etiam
874 748 945 813 in
966 736 1515 839 peregrinitatem
1539 744 1818 838 redegit.
1847 750 1986 813 Nec
2007 768 2420 841 quemquam
2434 797 2452 827 ,
2477 747 2610 811 nisi
2631 770 2756 813 sua

652 881 817 927 voce
834 908 855 941 ,
896 872 1243 952 utcunque
1283 861 1435 954 quis
1474 874 1733 951 posset,
1771 881 1853 926 ac
1889 859 2036 926 sine
2069 872 2387 951 patrono,
2422 859 2754 926 rationem

653 972 809 1037 vitae
838 992 1081 1061 passus
1112 984 1217 1037 est
1236 968 1544 1038 reddere.
1574 958 1974 1065 Notavitque
2001 967 2252 1036 multos
2267 1020 2286 1051 ,
2319 983 2388 1037 et
2415 968 2754 1064 quosdam

654 1080 1113 1173 inopinantes,
1148 1094 1217 1147 et
1246 1104 1331 1149 ex
1361 1104 1566 1149 causa
1597 1083 1756 1147 novi
1785 1082 2080 1172 generis,
2120 1078 2307 1175 quod
2334 1104 2408 1148 se
2434 1082 2648 1149 inscio
2673 1105 2755 1149 ac

652 1190 797 1257 sine
842 1190 1259 1257 commeatu⁵
1310 1189 1501 1258 Italia
1545 1192 2026 1274 excessissent3
2078 1188 2442 1284 quemdam
2484 1212 2646 1257 vero
2683 1205 2758 1257 et

653 1299 839 1397 quod
876 1324 1101 1370 comes
1128 1304 1305 1395 regis
1333 1304 1404 1370 in
1440 1298 1823 1396 provincia⁶
1859 1301 2132 1385 fuisset,
2173 1302 2474 1370 referens
2493 1354 2512 1380 ,
2547 1299 2760 1394 majo-

652 1437 808 1480 rum
832 1414 1248 1506 temporibus
1263 1466 1281 1496 ,
1304 1412 1579 1482 Rabirio
1603 1418 1960 1481 Postumo⁷
1974 1466 1993 1499 ,
2020 1412 2459 1483 Ptolemaeum
2481 1410 2758 1481 Alexan·

653 1520 900 1608 drinm,
934 1522 1169 1592 crediti
1192 1521 1506 1592 servandi
1537 1548 1773 1607 causa,
1807 1538 2073 1607 secuto,
2107 1520 2473 1616 majestatis
2499 1526 2755 1591 crimen

653 1634 838 1727 apud
866 1632 1132 1729 judices
1164 1651 1451 1704 motum.
1482 1634 1720 1703 Plures
1755 1649 1992 1703 notare
2024 1650 2307 1703 conatus
2324 1685 2343 1718 ,
2379 1658 2627 1727 magna
2655 1637 2754 1702 in-

654 1746 1057 1838 quisitorum
1091 1746 1532 1841 negligentia,
1564 1742 1685 1815 sed
1721 1768 1846 1813 suo
1883 1742 2140 1839 majore
2177 1742 2534 1828 dedecore,
2571 1745 2758 1813 inno-

653 1860 797 1925 xios
832 1858 973 1929 fere
1009 1864 1293 1954 reperit,
1332 1860 1859 1956 quibuscunque
1901 1858 2280 1927 coelibatum
2299 1910 2318 1941 ,
2359 1873 2478 1925 aut
2516 1857 2759 1927 orbita-

653 1985 793 2035 tem
811 2020 829 2051 ‚
858 1984 978 2035 aut
998 1986 1363 2062 egestatem
1386 1966 1711 2063 objiceret
1727 2020 1746 2051 ,
1771 1971 2048 2036 maritos
2065 2020 2081 2051 ,
2111 1984 2368 2061 patres,
2399 1965 2757 2059 opulentos

652 2103 725 2149 se
753 2080 1231 2173 probantibus;
1261 2108 1343 2151 eo
1374 2080 1720 2177 quidem⁸,
1757 2084 1875 2177 qui
1908 2081 2175 2150 sibimet
2204 2082 2343 2149 vim
2371 2080 2550 2148 ferro
2575 2082 2757 2149 intu-

654 2188 815 2257 lisse
854 2190 1293 2283 arguebatur,
1340 2192 1629 2261 illaesum
1671 2214 1918 2285 corpus
1958 2208 2144 2260 veste
2187 2190 2490 2284 deposita
2531 2206 2758 2259 osten-
2831 2194 2836 2199 ’

657 2315 861 2369 tante.
890 2307 1194 2369 Fuerunt
1224 2319 1293 2370 et
1324 2302 1439 2371 illa
1470 2306 1538 2371 in
1572 2326 1860 2373 censura
1893 2299 2040 2394 ejus
2067 2299 2418 2383 notabilia,
2447 2298 2633 2395 quod
2659 2324 2760 2369 es·-

657 2409 895 2479 sedum
933 2429 1329 2505 argenteum
1352 2467 1369 2497 ,
1410 2429 1760 2483 sumtuose
1795 2412 2233 2495 fabricatum,
2275 2436 2354 2479 ac
2392 2410 2632 2480 venale
2670 2410 2761 2479 ad

656 2521 1047 2614 sigium-iv,
1088 2523 1325 2593 redimi
1368 2524 1768 2620 concidique
1809 2547 2070 2606 coram,
2108 2524 2498 2616 imperavit:
2543 2521 2760 2618 quod-

658 2659 793 2730 que
816 2661 955 2704 uno
980 2636 1089 2706 die
1112 2641 1344 2730 viginti
1370 2637 1586 2707 edicta
1607 2638 1998 2731 proposuit:
2028 2637 2206 2702 inter
2227 2657 2380 2729 quoe
2404 2632 2541 2701 duo
2555 2687 2574 2714 ,
2599 2657 2764 2729 quo-

656 2769 814 2812 rum
856 2745 1068 2814 altero
1112 2745 1523 2816 admonebat
1541 2801 1558 2829 ‚
1618 2777 1644 2808 σε
1669 2763 1745 2814 ut
1788 2745 1980 2815 uberi
2027 2747 2378 2812 vinearum
2425 2761 2762 2837 proventu

668 532 790 577 ¹02

656 2948 898 3016 Achaim,
943 2969 1059 3023 quoe
1098 2971 1126 3005 e
1166 2952 1515 3025 popularibus
1549 2967 1663 3007 erat

658 3029 961 3100 provinciis.
996 3026 1101 3084 Dio
1132 3029 1199 3085 ad
1233 3051 1356 3085 ann.
1388 3034 1491 3105 796
1514 3035 1664 3086 simi-

657 3106 759 3160 lem
794 3127 905 3160 rem
934 3110 1097 3162 refert
1120 3112 1241 3176 Lx,
1272 3129 1350 3182 ¹7·
1381 3142 1453 3153 —
1473 3113 1544 3166 In
1571 3131 1663 3184 pe-

657 3188 1009 3261 reqvinitatem
1042 3192 1253 3267 redeqit.
1282 3191 1417 3245 Vide
1454 3206 1566 3245 not.
1595 3193 1668 3247 ad

660 3286 779 3339 cap.
810 3285 929 3340 sup.

732 3349 782 3400 5.
819 3348 901 3401 Ac
929 3351 1041 3403 sine
1066 3362 1373 3404 commeatu.
1411 3355 1491 3406 De
1520 3369 1665 3405 com-

658 3439 834 3480 meatu
877 3427 1193 3480 Senatorum
1239 3428 1357 3482 vide
1407 3429 1552 3500 Lipo.
1596 3428 1665 3480 ad

659 3507 830 3561 Tacit.
859 3506 1052 3560 Annal.
1078 3509 1201 3576 ΧΠ,
1232 3509 1327 3577 23,
1356 3522 1407 3562 et
1433 3511 1570 3562 infra
1593 3507 1663 3562 ad

659 3603 778 3657 cap.
812 3587 895 3638 23.

728 3664 782 3718 6.
808 3665 962 3735 Quod
970 3683 1139 3720 comes
1152 3668 1281 3741 reqis
1295 3669 1351 3720 v‘n
1361 3669 1633 3740 provincia
1642 3707 1662 3735 ,

658 3755 760 3795 etc.
790 3745 993 3796 Emest.
1025 3743 1276 3799 additicia
1301 3759 1481 3800 censet
1501 3745 1665 3798 verba

658 3823 715 3873 in
728 3821 1017 3894 provincia.
1039 3821 1147 3875 Sed
1162 3841 1229 3876 ea
1246 3825 1469 3876 maxime
1488 3841 1664 3876 neces·

662 3901 803 3952 saria
826 3915 965 3953 sunt.
994 3902 1135 3953 Nam
1162 3900 1215 3954 id
1244 3905 1419 3973 ipsum
1440 3915 1501 3954 ut
1529 3901 1665 3955 indi-

660 3997 827 4050 gnum
852 3982 964 4032 cive
994 3981 1237 4034 Romano
1262 3983 1469 4035 crimini
1495 3984 1546 4034 ei
1573 3981 1665 4034 da·

662 4057 846 4123 batur,
870 4059 1018 4130 quod
1039 4061 1095 4112 in
1124 4061 1398 4133 provincia
1424 4062 1666 4114 Romana

662 4136 803 4205 regis
832 4141 1071 4192 extranei
1101 4141 1375 4194 comitatui
1398 4159 1455 4194 se
1480 4140 1667 4212 adjun-

662 4217 838 4270 xisset.
880 4218 997 4273 Alia
1024 4238 1107 4273 res
1134 4234 1243 4274 erat
1260 4256 1277 4290 ,
1313 4223 1359 4275 si
1387 4221 1666 4294 legationis

1745 2950 1834 3005 'vel
1867 2954 2205 3024 negotiorum
2235 2968 2397 3004 causa
2428 2966 2648 3022 regnum
2677 2949 2762 3020 ip-

1753 3051 1872 3086 sum
1894 3033 2127 3086 adiisset.

1826 3130 1875 3182 7.
1935 3111 2144 3164 Rabirio
2177 3111 2432 3164 Postumo
2451 3131 2473 3172 ,-
2509 3109 2602 3181 qui
2635 3126 2762 3162 cum

1752 3192 1817 3243 A.
1845 3189 2074 3246 Gabinio
2101 3187 2520 3260 repetundarum
2549 3205 2764 3241 accusa-

1753 3283 1839 3323 tus
1861 3267 2057 3339 ex'lege
2071 3268 2216 3321 Julia
2231 3306 2248 3334 ‚
2266 3281 2556 3340 patronum
2573 3265 2764 3319 habuit

1751 3348 2084 3402 Ciceronem.
2131 3345 2278 3400 Idem
2313 3357 2764 3400 commemoratur

1754 3429 1824 3482 ab
1851 3430 2053 3496 Hirtio,
2079 3426 2202 3482 Bell.
2225 3428 2391 3480 Afric.
2416 3445 2534 3499 cap.
2557 3427 2606 3480 8.

1827 3509 1876 3562 8.
1907 3509 1988 3560 Eo
2011 3507 2240 3580 quidem.
2265 3504 2434 3558 Wolf.
2461 3505 2766 3577 suspicatur

1753 3587 2069 3661 legendum,
2098 3597 2150 3638 et
2171 3585 2414 3659 quodant.

1823 3683 1875 3736 9.
1925 3667 2014 3719 Ad
2046 3663 2338 3739 Siqillan'a.
2382 3663 2517 3718 Vide
2557 3665 2761 3717 Neron.

1755 3748 1840 3801 28.
1869 3749 1968 3800 Hic
1987 3744 2138 3800 locus
2151 3784 2168 3813 ‚
2189 3764 2298 3798 non
2316 3744 2513 3798 festum
2526 3781 2543 3810 ,
2563 3743 2632 3798 de
2651 3762 2766 3816 quo

1755 3825 1956 3880 dictum
1996 3825 2066 3878 ad
2111 3844 2233 3897 cap.
2275 3825 2307 3878 5
2327 3863 2345 3892 ,
2387 3821 2766 3894 intelligendus

1753 3909 1912 3961 etiam
1949 3905 2085 3962 Gen.
2124 3907 2202 3973 11,
2235 3905 2299 3973 4,
2339 3903 2464 3958 coll.
2495 3904 2568 3971 V,
2604 3903 2658 3970 4.
2699 3904 2766 3957 {n

1755 3991 1980 4059 septima
1997 3986 2156 4040 Urbis
2177 3989 2390 4058 regione
2413 3985 2574 4037 fuisse
2593 3982 2768 4036 credi-

1755 4064 1913 4120 ditur.
1959 4064 2117 4118 Conf-
2158 4063 2416 4118 Borricbii
2455 4064 2580 4115 Ant.
2627 4061 2765 4114 Urb.

1753 4147 1908 4198 Rom.
1932 4147 2058 4197 Fac.
2083 4163 2130 4198 c.
2155 4163 2192 4216 9
2215 4143 2408 4216 (Thes.
2429 4142 2597 4194 θεων.
2627 4153 2762 4194 tom.

1753 4227 1852 4292 lv,
1883 4245 1936 4297 p.
1969 4223 2149 4295 1563).
2259 4257 2266 4263 ·
