3050 5004
1047 491 1561 557 CALIGULA.
2272 498 2357 559 25

249 620 520 689 navibus
535 670 556 700 ,
591 634 666 687 et
686 598 934 685 ordine
957 615 1214 709 duplici
1233 615 1323 684 ad
1346 640 1631 685 ancoras
1654 615 2026 702 collocatis,
2057 618 2361 713 superje-

255 746 484 823 ctoque
511 751 766 820 aggere
788 744 1064 795 terreno
1079 778 1098 807 ,
1129 750 1212 793 ac
1242 724 1498 794 directo
1530 728 1603 793 in
1633 730 1867 820 Appiae
1896 730 2023 797 viae
2046 729 2356 797 formam.

255 846 374 907 Per
409 839 598 907 hunc
637 856 926 932 pontem
968 836 1149 905 ultro
1199 840 1368 905 citro
1412 842 1817 906 commeavit
1834 892 1851 923 ,
1901 837 2111 909 biduo
2156 844 2364 910 conti-

257 953 470 1035 nenti;
489 952 714 1044 primo
741 948 852 1016 die
876 946 1227 1041 phalerato
1249 970 1428 1041 equo
1444 1000 1462 1031 ,
1487 949 1907 1043 insignisque
1928 973 2230 1044 quernea
2256 974 2364 1018 co-

255 1087 450 1144 rona,
479 1078 554 1129 et
576 1069 820 1131 caetra²
841 1113 860 1143 ,
885 1076 954 1127 et
975 1057 1198 1153 gladio
1213 1112 1230 1141 ,
1255 1082 1597 1154 aureaque
1625 1058 2015 1153 chlamyde3
2041 1058 2365 1153 postridie

255 1173 686 1270 quadrigario
703 1171 971 1240 habitu3
989 1224 1006 1253 ,
1023 1170 1496 1265 curriculoque
1515 1168 1728 1263 bijugi
1740 1170 2153 1239 famosorum
2169 1195 2366 1266 equo-

255 1283 444 1353 rum⁴
459 1337 482 1365 ,
505 1308 652 1377 prae
681 1306 754 1351 se
779 1282 1004 1351 ferens
1033 1284 1314 1349 Darium
1335 1304 1629 1373 puerum
1653 1306 1737 1350 ex
1764 1282 2167 1350 Parthorum
2194 1281 2367 1350 obsi-

255 1394 490 1479 dibus;
539 1398 903 1463 comitante
937 1396 1504 1487 praetorianorum
1538 1396 1806 1485 agmine
1824 1446 1842 1476 ,
1876 1410 1945 1462 et
1972 1396 2045 1462 in
2074 1394 2097 1432 ⁵
2111 1392 2366 1462 essedis

257 1505 538 1575 cohorte
565 1507 964 1573 amicorum.
991 1505 1140 1572 Scio
1161 1554 1180 1585 ,
1217 1501 1583 1597 plerosque
1618 1507 2065 1585 existimasse,
2093 1504 2301 1572 talem
2328 1528 2369 1571 a

255 1619 412 1685 Caio
449 1632 741 1711 pontem
783 1617 1234 1707 excogitatum
1275 1611 1707 1683 aemulatione
1746 1617 1985 1683 Xerxis
2000 1668 2018 1696 ,
2067 1616 2186 1709 qui
2226 1638 2367 1683 non

257 1730 400 1795 sine
448 1725 901 1795 admiratione
943 1725 1294 1821 aliquanto
1343 1728 1805 1817 angustiorem
1852 1725 2369 1817 Hellespontum

257 1836 833 1923 contabulaverit3
857 1837 1058 1921 alioS,
1091 1853 1169 1904 ut
1192 1839 1625 1903 Germaniam
1658 1853 1725 1904 et
1756 1839 2195 1919 Britanniam,
2221 1840 2371 1931 qui-

261 1951 384 2018 bus
419 1948 856 2031 imminebat,
885 1946 1168 2042 alicujus
1201 1949 1516 2015 immensi
1552 1952 1774 2041 operis
1804 1950 1985 2015 fama
2012 1951 2367 2015 territaret.

263 2062 384 2132 Sed
429 2086 646 2131 avum
697 2084 929 2129 meum
977 2072 1368 2127 narrantem
1422 2082 1595 2152 puer
1646 2057 2035 2140 audiebam,
2098 2082 2374 2125 causam

263 2174 482 2265 operis
507 2170 600 2238 ab
622 2169 1054 2239 interioribus
1085 2167 1322 2237 aulicis
1345 2166 1716 2258 proditam,
1754 2166 1937 2263 quod
1972 2166 2373 2261 Thrasyllus

259 2370 566 2441 peraravit,
595 2382 660 2420 nt
685 2388 871 2423 sensns
898 2370 968 2422 sit
996 2391 1009 2420 ε
1043 2369 1200 2423 Baias
1224 2375 1279 2418 et

261 2448 590 2502 Puteolanas
626 2445 808 2515 moles,
843 2467 1008 2520 super
1043 2446 1280 2500 medium

259 2527 600 2581 intervallum
631 2539 798 2600 ponte
824 2539 1022 2596 strato,
1057 2532 1281 2601 conjun-

261 2609 366 2660 xit.
391 2609 452 2660 ld
475 2628 606 2672 sane
631 2627 816 2662 verum
831 2647 850 2676 ,
875 2611 1160 2682 scriptores
1182 2629 1280 2662 sae·

261 2689 392 2760 pius
409 2690 582 2740 minus
603 2702 856 2742 accurate
875 2689 1133 2755 scribere,
1149 2689 1277 2741 dum

261 2767 506 2819 brevitati
531 2768 690 2819 nimis
713 2766 978 2820 studeant.
1003 2767 1278 2836 Ceterum,

263 2866 402 2919 opus
423 2846 688 2900 describit
717 2849 848 2912 Dio,
879 2848 1028 2915 LIX,
1063 2865 1122 2919 ¹7
1142 2886 1159 2915 ,
1185 2851 1279 2920 qui

265 2930 404 2980 inter
439 2927 644 2980 Baulos
683 2940 738 2980 et
775 2927 1024 2982 Puteolos
1044 2966 1061 2995 ,
1103 2933 1276 3001 spatio

263 3009 436 3060 XXVI
465 3005 798 3074 stadiorum,
829 3010 865 3058 i.
891 3027 940 3060 e.
970 3010 1132 3060 trium
1157 3007 1277 3060 mil-

265 3084 394 3138 lium
418 3098 474 3138 et
499 3085 614 3138 600
633 3085 746 3138 fere
771 3103 1028 3156 passuum
1055 3100 1278 3158 pontem

264 3183 380 3218 esse
403 3165 614 3216 factum
636 3175 887 3230 testatur,
905 3161 1098 3231 μπαξι)
1113 3165 1204 3218 ord-'v
1223 3185 1278 3217 τι

265 3239 539 3295 nuntians
567 3241 650 3294 ιιιὶ
669 3243 762 3296 «ὃν
779 3240 987 3296 nabun·
1007 3242 1168 3296 Bauli
1186 3263 1280 3297 au-

265 3335 372 3374 tem
389 3360 408 3389 ‚
423 3333 489 3372 ut
501 3321 676 3373 Tacit.
695 3319 889 3376 Annal.
909 3324 1049 3388 XIV,
1069 3322 1131 3389 4,
1152 3345 1174 3368 ιι
1187 3322 1280 3376 vil-

265 3401 326 3454 lae
345 3419 583 3468 nomen,
601 3419 722 3472 quae
740 3405 1166 3474 promontorium
1185 3405 1281 3456 Mi-

265 3499 458 3534 senum
495 3481 640 3532 inter
681 3493 736 3532 et
775 3482 1030 3534 Baianum
1073 3481 1279 3549 lacum,

267 3559 404 3612 fluo
445 3559 588 3608 mari
627 3557 844 3612 alluitur
863 3597 880 3626 ,
905 3585 928 3608 ιο
976 3560 1119 3614 unde
1162 3564 1280 3615 Ou-

265 3636 536 3707 dendorp.
551 3635 626 3688 ob
645 3637 856 3692 brevius
875 3643 1104 3712 spatium
1119 3680 1137 3706 ,
1159 3661 1284 3713 pas-

267 3735 426 3770 suum
447 3733 678 3769 numero
696 3735 727 3769 a
751 3717 1006 3772 Suetonio
1023 3719 1151 3772 dato
1172 3740 1286 3774 ma-

265 3796 344 3864 gis
361 3795 724 3862 conveniens,
741 3797 1026 3851 Baulorum
1041 3797 1284 3852 hocloco

269 3887 458 3928 nostro
479 3873 688 3941 mallet,
709 3895 810 3948 pro
829 3879 1099 3930 Baiarum.
1127 3879 1282 3932 Conf.

269 3953 496 4026 loseph.
515 3953 669 4022 XIX,
695 3973 738 4006 ι.
757 3985 832 3996 -—
849 3957 1051 4030 Aggere
1069 3971 1285 4012 terreno.

273 4035 356 4086 Al.
383 4046 564 4087 termo.
594 4033 750 4087 Cous.
774 4035 1025 4089 Oudend.
1051 4038 1117 4090 ad
1141 4037 1286 4091 hunc

275 4115 490 4180 locum,
519 4127 572 4166 et
598 4115 890 4170 Tzschuek.
921 4117 990 4170 ad
1027 4119 1284 4190 Pomponi.

275 4194 402 4246 “2¹-
423 4197 480 4258 l,
504 4213 569 4264 99
597 4195 648 4260 4·

1441 2382 1489 2417 2.
1533 2368 1865 2440 Insignisque
1893 2384 2118 2439 quemea
2148 2382 2373 2431 corona,

1367 2456 1419 2496 et
1459 2456 1630 2498 coetra.
1678 2444 1935 2498 Dedimus
1976 2463 2204 2518 quei-nea
2252 2462 2375 2495 cum

1365 2526 1573 2578 Ernest.
1614 2539 1665 2578 et
1701 2523 2056 2594 Oudendorp.
2092 2543 2194 2594 pro
2222 2541 2377 2596 quer-

1368 2603 1496 2656 cica.
1543 2607 1731 2656 Postea
1770 2616 1989 2655 auctore
2030 2601 2217 2654 eodem
2260 2601 2379 2653 On-

1367 2683 1630 2758 dendorp.
1657 2685 1935 2738 omisimus
1960 2683 2119 2736 verba
2146 2695 2197 2736 et
2216 2683 2380 2738 securi

1368 2777 1492 2817 ante
1514 2777 1567 2818 et
1588 2775 1759 2818 coetra.
1794 2767 2001 2818 Desunt
2022 2765 2164 2816 enim
2184 2767 2241 2817 in
2254 2763 2381 2837 'ple-

1366 2844 1543 2916 risque
1593 2843 1767 2898 codd.
1814 2858 1932 2896 orta
1967 2843 2113 2897 haud
2149 2844 2311 2898 dubie
2348 2865 2380 2898 e

1368 2925 1553 2976 vitiosa
1580 2927 1837 2997 scriptura
1854 2927 2000 2977 vocis
2023 2935 2177 2977 coetra
2195 2926 2275 2979 vel
2294 2943 2380 2978 ce—

1367 3015 1447 3056 tra
1459 3041 1476 3069 ,
1495 3007 1585 3058 cui
1602 3008 1720 3077 quis
1734 3007 1915 3057 notius
1930 3005 2248 3059 vocabulum
2263 3005 2383 3060 sub·
2476 3005 2481 3014 ’

1369 3085 1571 3146 stituit;
1605 3098 1853 3155 praeterea
1884 3087 2073 3138 securis
2101 3099 2154 3138 et
2174 3084 2381 3158 qladius

1368 3159 1518 3214 haud
1548 3161 1689 3215 bene
1719 3165 1775 3215 in
1808 3163 1998 3216 eodem
2025 3166 2383 3231 conveniunt,

1369 3259 1546 3313 neque
1570 3257 1894 3296 memoratur
1914 3244 2107 3296 securis
2129 3262 2160 3295 a
2186 3245 2379 3296 Dione.

1440 3321 1494 3374 3.
1519 3323 1866 3398 Quadriqario
1886 3323 2081 3375 habitu.
2103 3324 2245 3393 Lips.
2268 3342 2382 3376 mu-

1373 3402 1504 3454 tavit
1521 3403 1864 3474 quadrigarii.
1886 3401 1989 3455 Sed
2008 3405 2208 3454 Noster
2223 3405 2380 3454 etiam

1372 3499 1489 3552 cap.
1513 3500 1549 3552 9
1569 3481 1786 3534 dicebat
1803 3481 2161 3554 manipulario
2182 3481 2381 3536 habitu.

1443 3563 1497 3629 4.
1539 3560 1912 3633 Curriculoque
1928 3599 1941 3612 .
1960 3599 1973 3612 .
1993 3601 2005 3612 .
2026 3601 2037 3612 .
2054 3561 2383 3635 famosorum

1373 3659 1627 3716 equorum
1640 3681 1657 3708 ,
1674 3655 1777 3694 etc·
1800 3644 1879 3694 De
1900 3640 1979 3694 his
1996 3639 2243 3694 omnibus
2259 3642 2384 3711 Dio,

1372 3719 1478 3772 loc.
1506 3721 1597 3772 cit.
1629 3721 1971 3772 Recentiores
1994 3721 2277 3790 scriptores
2281 3719 2382 3801 fa-

1374 3817 1577 3852 mosum
1629 3818 1731 3871 pro
1774 3799 1963 3852 celebri
2004 3801 2059 3850 in
2102 3811 2385 3870 utramque

1377 3893 1584 3950 partem
1615 3879 1826 3944 dicere,
1859 3894 2064 3931 veteres
2088 3879 2169 3928 vix
2202 3874 2383 3942 aliter,

1379 3975 1537 4030 quam
1554 3960 1607 4009 in
1624 3955 1815 4010 malam
1830 3997 1848 4026 ,
1867 3958 2076 4008 monuit
2094 3954 2293 4008 Duker.
2314 3954 2381 4007 ad

1375 4037 1518 4090 Flor.
1540 4039 1643 4105 111,
1668 4054 1727 4107 7,
1748 4035 1799 4088 6.

1449 4119 1498 4170 5.
1560 4120 1629 4169 In
1670 4117 1848 4171 essedis
1885 4134 1982 4187 pro
2022 4117 2077 4167 in
2117 4114 2283 4169 essedo
2321 4133 2384 4168 ex

1377 4201 1551 4252 Dione
1578 4198 1952 4252 adstruxerunt
1978 4195 2119 4249 ond.
2145 4209 2197 4249 et
2215 4195 2396 4249 Wolf„
