3050 5004
647 520 780 567 210

1397 494 1468 556 C.
1521 492 1990 559 SUETONII

641 622 772 688 bus
797 616 884 687 ad
912 621 1270 687 stationem
1288 636 1307 666 ¹
1335 618 1653 686 locasset:
1680 621 1908 685 Cassio
1932 620 2273 709 Longino²
2294 614 2739 709 jurisconsul-

645 749 714 798 to
730 784 746 814 ,
777 756 856 799 ac
879 725 1246 797 luminibus
1277 730 1514 798 orbato
1530 782 1547 813 ‚
1586 729 1769 825 quod
1793 732 1865 797 in
1886 746 2115 799 vetere
2137 728 2365 822 gentili
2388 744 2741 797 stemmate

643 846 714 909 C.
737 842 982 923 Cassii,
1009 838 1426 931 percussoris
1457 843 1773 923 CaesariS‚
1800 842 2187 908 retinuisset
2212 841 2568 931 imagines:
2600 844 2739 909 Pae-

646 967 716 1018 to
740 950 1058 1019 Thraseae
1073 947 1098 988 ³
1116 1002 1134 1032 ‚
1160 950 1411 1017 tristior
1434 967 1502 1016 et
1524 948 1875 1041 paedagogi
1893 948 2145 1017 vultus.
2172 950 2345 1015 Mori
2363 946 2570 1040 jussis
2598 957 2739 1016 non

643 1062 968 1155 ampliu8‚
1018 1085 1225 1155 quam
1257 1060 1581 1129 horarum
1628 1061 1996 1153 spatiumh,
2040 1059 2263 1128 dabat.
2312 1067 2409 1128 Ac
2446 1084 2535 1129 ne
2574 1060 2740 1156 quid

712 1257 974 1309 xxxvn.
1017 1274 1062 1307 ι.
1096 1256 1182 1309 Ad
1215 1256 1529 1317 stationem5
1556 1254 1653 1307 ubi

646 1350 848 1389 starent
877 1346 930 1386 et
957 1346 1319 1400 versarentur,
1352 1334 1496 1405 pleni
1525 1334 1650 1384 Fori

643 1430 910 1487 tempore,
931 1415 1092 1484 legati
1114 1414 1412 1481 civitatum,
1432 1426 1490 1463 ut
1511 1416 1653 1465 inve-

645 1494 744 1545 niri
758 1513 788 1545 a
800 1492 1083 1544 convenire
1097 1491 1396 1543 volentibus
1413 1504 1647 1561 possent.

647 1573 779 1623 Plin.
805 1572 971 1643 Epist.
999 1572 1047 1637 1,
1082 1571 1172 1637 13,
1204 1587 1264 1635 2,
1289 1570 1572 1640 umerique
1593 1570 1647 1621 in

640 1650 942 1703 stationibus
962 1646 1178 1716 sedent,
1204 1662 1520 1719 tempusque
1546 1666 1649 1699 au-

640 1728 823 1783 diendi
841 1727 1038 1779 fabulis
1055 1740 1368 1787 conterunu
1386 1750 1410 1775 n
1434 1740 1484 1780 et
1501 1728 1576 1793 11,
1592 1745 1647 1797 9,

639 1810 671 1861 5
692 1848 710 1876 ,
763 1832 785 1855 κ
811 1806 990 1859 ambio
1039 1807 1261 1873 domos,
1303 1808 1650 1879 stationesque

641 1892 928 1941 circumeo.
953 1910 975 1933 n

713 1987 762 2021 2.
783 1968 952 2020 Cassio
963 1967 1202 2041 Lonqino
1214 2004 1232 2032 ,
1243 1979 1346 2019 etc.
1359 1966 1494 2018 Vide
1503 1968 1647 2038 Lips.

639 2047 706 2099 ad
732 2048 902 2098 Tacit.
928 2044 1117 2096 Annal.
1147 2047 1244 2109 vl,
1280 2044 1366 2111 15,
1400 2059 1452 2096 et
1475 2046 1649 2117 ipsum

641 2128 914 2191 Tacitum,
939 2122 1132 2176 Annal.
1153 2124 1277 2187 Xll,
1307 2142 1324 2174 1
1343 2141 1360 2174 ι
1381 2164 1398 2189 .,
1423 2142 1512 2187 12;
1539 2126 1651 2191 XV,

647 2206 748 2268 52;
777 2204 925 2269 XV1‚
958 2203 1169 2273 7;Plin.
1199 2204 1297 2273 Ep.
1323 2204 1445 2270 vn,
1475 2203 1571 2268 243
1602 2216 1653 2255 et

639 2285 712 2334 cf.
735 2280 912 2333 B‘achii
929 2281 1061 2333 nist.
1085 2281 1200 2331 Jur.
1224 2296 1348 2350 pag.
1369 2280 1490 2347 392.
1509 2280 1655 2331 «ob-

633 2362 1008 2434 jectavitNero
1019 2358 1203 2411 Cassio
1216 2359 1320 2430 (ita
1329 2360 1494 2410 Tacit.
1511 2361 1651 2411 Ann.

643 2443 791 2506 XVI,
821 2442 902 2511 7),
928 2437 1070 2512 quod
1097 2440 1236 2489 inter
1258 2438 1512 2509 imagines
1542 2456 1653 2489 ma-

641 2527 827 2595 jorum
848 2524 1004 2576 etiam
1029 2521 1088 2574 C.
1121 2521 1292 2574 Cassii
1315 2518 1539 2591 effigiem
1566 2537 1656 2572 co·-

648 2602 862 2668 luisset,
891 2603 962 2651 ita
1001 2602 1338 2672 inscriptam,
1373 2601 1498 2656 Dux
1521 2600 1657 2652 Par*-

647 2683 796 2734 tae'um.
819 2682 1035 2753 Quippe
1057 2683 1256 2732 semina
1272 2679 1398 2732 belli
1417 2680 1584 2733 civilis
1606 2692 1657 2730 et

646 2761 1002 2814 defectionem
1019 2777 1048 2810 a
1061 2757 1222 2810 domo
1239 2761 1378 2812 Caesa
1387 2778 1500 2812 rum
1519 2777 1657 2830 qum·

649 2843 820 2892 sitam.
839 2861 860 2886 ι
887 2841 1020 2908 Cap.
1040 2856 1104 2906 9,
1121 2861 1146 2884 ι
1160 2841 1485 2908 Deportatus
1504 2839 1559 2890 in
1578 2841 1659 2889 in-

643 2915 820 2968 sulam
850 2913 1146 2966 Sardiniam
1173 2916 1382 2978 Cassius
1415 2929 1466 2968 et
1499 2935 1656 2970 sene-

649 3006 767 3046 ctus
808 2994 920 3060 ejus
954 2990 1416 3062 exspectabamu-
1454 2994 1657 3064 Expul-

630 3091 768 3142 ⁶sum
794 3073 850 3124 in
879 3070 1206 3137 Sardiniam,
1226 3085 1276 3122 et
1301 3087 1605 3125 revocatum
1626 3092 1658 3126 a

601 3177 610 3188 ·
650 3151 980 3222 Vespasiano
995 3187 1012 3216 ‚
1033 3149 1192 3202 tradit
1215 3152 1376 3204 etiam
1395 3155 1657 3224 Pompon-

651 3233 720 3287 de
738 3235 884 3304 Orig-
904 3233 1020 3284 Jur.
1041 3233 1116 3308 ll,
1137 3229 1164 3302 §
1185 3229 1282 3284 ult.
1301 3231 1547 3284 Ceterum
1564 3232 1660 3285 hu-

645 3315 734 3385 jus
771 3313 876 3366 loci
916 3310 1074 3366 lectio
1112 3313 1254 3366 varie
1297 3311 1398 3364 fnit
1435 3324 1655 3366 tentata.

653 3397 860 3446 Ernest.
878 3393 1148 3463 rescripsit
1163 3409 1192 3442 e
1205 3389 1351 3444 MSS.
1372 3393 1463 3444 «in
1481 3406 1658 3446 vetere

652 3473 822 3548 yemis
855 3485 1199 3537 stemmate,·
1239 3485 1511 3532 aversatus
1548 3473 1657 3526 duo

656 3553 910 3622 adjectiva
926 3551 1094 3606 eidem
1109 3552 1440 3607 substantivo
1453 3557 1657 3624 juncta,

646 3647 844 3686 -contra
857 3651 1014 3704 quem
1029 3630 1379 3703 Oudendorp.
1407 3645 1460 3684 et
1487 3634 1657 3686 wolf.

657 3724 800 3764 recte
833 3725 1181 3777 monuerunt,
1209 3721 1426 3764 stemma
1459 3713 1661 3784 gentile

655 3810 753 3863 pro
783 3808 892 3842 uno
909 3807 1020 3840 esse
1049 3789 1375 3841 substantivo
1397 3803 1452 3840 ut
1469 3809 1661 3844 nomen

645 3869 1009 3942 gentilicium,
1049 3869 1318 3940 negotium
1347 3869 1658 3940 familiare,

655 3948 956 4020 cujusmodi
977 3949 1290 4020 nominibus
1318 3951 1432 4006 sine
1465 3951 1657 4019 copula

645 4031 889 4098 jungitur
909 4029 1196 4098 adjectis-us
1209 4067 1226 4094 ‚
1243 4043 1304 4080 ut
1322 4047 1514 4086 nomen
1536 4048 1660 4099 gen-

654 4108 878 4182 tilicium
909 4100 1100 4178 veut-53.
1127 4110 1344 4178 negotia
1379 4108 1658 4162 familiaria

637 4185 924 4258 perampla
947 4226 974 4258 ,ἢ
1007 4201 1108 4239 ete.
1145 4187 1348 4240 Deinde
1390 4207 1490 4258 pro
1534 4191 1657 4241 reti-

1740 1258 1929 1311 auisset
1944 1294 1961 1322 ,
2009 1255 2150 1328 vulg.
2200 1255 2391 1327 legitur
2430 1255 2739 1309 restituisset.

1738 1334 1877 1386 Illud
1903 1336 2105 1386 Ernest.
2140 1336 2211 1385 ita
2240 1336 2643 1404 interpretatur,
2678 1349 2743 1385 ut

1739 1416 1953 1467 Cassius
1972 1416 2028 1465 in
2048 1412 2384 1467 conficiendo
2400 1416 2572 1483 gentis
2588 1427 2747 1465 stem-

1740 1507 1879 1545 mate
1912 1492 2083 1563 (hunc
2112 1495 2249 1545 enim
2280 1510 2481 1545 morem
2508 1492 2613 1545 hoc
2642 1492 2741 1545 de-

1738 1592 1881 1623 mum
1904 1590 2013 1623 oevo
2037 1570 2320 1623 invaluisse
2348 1571 2648 1637 contendit,
2672 1571 2745 1624 de

1738 1667 1847 1720 quo
1884 1648 2013 1700 mihi
2048 1668 2159 1700 nor.
2196 1646 2435 1719 constat)
2466 1650 2743 1713 Cassium,

1735 1730 1949 1783 caesaris
1984 1747 2379 1799 percussorem,
2402 1747 2509 1780 non
2529 1742 2747 1799 pra-ter*-

1738 1807 1885 1870 ierit,-
1909 1827 2017 1879 quo
2048 1806 2263 1880 quidem
2291 1827 2453 1861 sensu
2486 1821 2637 1861 tanto
2667 1807 2747 1859 le-

1737 1887 1851 1938 vius
1887 1886 1987 1937 erit
2012 1886 2239 1951 crimen,
2268 1886 2311 1937 si
2340 1884 2439 1937 hoc
2475 1886 2552 1937 illi
2580 1885 2746 1943 modo

1740 1966 1806 2017 sit
1830 1964 2125 2035 objectum,
2146 1964 2293 2037 quod
2306 1965 2363 2018 in
2384 1964 2749 2037 veteoe(adeo-

1742 2066 1845 2120 que
1869 2066 1977 2098 non
2002 2046 2069 2099 ab
2094 2048 2213 2117 ipso
2238 2047 2450 2099 demum
2470 2048 2749 2118 confecto)

1742 2139 2016 2178 stemmate
2043 2128 2403 2197 percussoris,
2428 2128 2517 2199 qui
2543 2127 2609 2179 ad
2636 2147 2749 2179 ma-

1738 2206 1875 2275 jores
1908 2204 2236 2275 pertinebat,
2269 2204 2497 2275 effigiem
2524 2204 2747 2256 retinue-
2832 2238 2837 2241 -

1744 2284 1853 2349 r‘at,
1890 2281 1945 2335 h.
1994 2302 2041 2335 e.
2080 2302 2187 2337 non
2228 2286 2459 2355 ejecerat.
2502 2284 2749 2354 Denique

1742 2362 1881 2437 plur.
1915 2364 2167 2438 isnaqines
2189 2376 2331 2415 recte
2352 2362 2655 2417 defenditur
2678 2363 2747 2415 ab

1742 2441 1993 2495 Oudend.
2023 2456 2212 2494 contra
2235 2444 2470 2510 Ernest.,
2494 2444 2583 2516 qui
2608 2444 2750 2494 varie

1742 2521 1866 2574 loco
1904 2521 2185 2575 subvenire
2227 2521 2430 2587 studet,
2468 2539 2631 2593 quum
2664 2520 2753 2573 di-

1744 2602 2047 2655 versisloeis
2060 2616 2279 2654 stemma
2294 2619 2415 2654 cum
2426 2601 2753 2672 imaginibus

1744 2683 1977 2753 positum
2001 2680 2257 2734 videatur.

1750 2811 1757 2816 .
1816 2761 1867 2812 3.
1907 2763 2053 2813 Poeto
2096 2759 2367 2824 Thraseoe,
2414 2772 2516 2811 etc.
2556 2758 2753 2812 Catoni

1746 2839 1907 2910 hujus
1933 2841 2045 2892 mvi.
2066 2842 2237 2892 Tacit.
2261 2838 2450 2892 Annal.
2480 2839 2625 2903 xvl,
2650 2857 2709 2891 αι
2732 2877 2751 2903 ,

1750 2939 1773 2966 ι
1788 2917 2084 2970 Trucidatis
2103 2931 2181 2970 tot
2200 2917 2491 2987 insignibus
2508 2919 2633 2969 viris
2644 2955 2661 2983 ,
2678 2918 2753 2970 ad

1746 3009 2075 3069 postremum
2110 3001 2251 3051 Nero
2292 3001 2535 3050 virtutem
2576 2999 2751 3068 ipsam

1748 3075 2055 3129 exscindere
2082 3079 2387 3148 concupivit
2415 3115 2431 3140 ,
2464 3079 2751 3130 interfecto

1746 3157 1981 3210 Thrasea
1992 3159 2133 3210 Paeto
2145 3170 2194 3210 et
2206 3159 2371 3210 Barea
2382 3158 2606 3225 Sorano,
2617 3173 2720 3210 etc.
2728 3183 2753 3206 ι

1746 3235 1923 3307 (Ann.
1969 3238 2073 3291 820
2090 3238 2128 3308 ).
2172 3238 2315 3290 Loca
2358 3251 2639 3289 auctorum
2680 3237 2755 3292 de

1750 3317 1975 3370 Thrasea
2002 3319 2149 3369 Poeto
2178 3316 2393 3386 collegit
2420 3317 2650 3370 Reimar.
2680 3316 2753 3368 ad

1715 3441 1721 3446 .
1746 3396 1950 3469 Xiphil.
1976 3399 2117 3462 LXI,
2148 3397 2228 3450 15.

1820 3477 1871 3543 4.
1906 3477 2167 3527 Horarum
2188 3475 2428 3546 spatium.
2456 3474 2610 3550 Vulg.
2652 3473 2755 3525 ho-

1748 3557 1963 3608 rarium.
1982 3554 2117 3606 Illud
2134 3553 2301 3606 codd.
2318 3567 2370 3605 et
2384 3552 2504 3606 edd.
2520 3554 2755 3623 antiqua?

1750 3651 1935 3686 omnes
1950 3633 2217 3696 exhibent,
2236 3645 2294 3684 ut
2307 3633 2505 3684 Domit.
2522 3633 2574 3696 3,
2586 3653 2609 3676 α
2621 3649 2757 3701 quo·

1748 3713 1877 3765 tidie
1890 3725 2135 3766 secretum
2156 3714 2257 3764 sibi
2282 3713 2525 3764 horarum
2542 3728 2755 3762 sumere

1750 3793 2013 3848 solebam·
2044 3792 2304 3863 Supplent
2338 3789 2566 3862 aliquot,
2602 3789 2755 3860 quod

1748 3891 1859 3924 non
1884 3874 2268 3937 necessarium,
2292 3887 2457 3940 quum
2482 3869 2757 3941 ffnitivus

1748 3952 1975 4003 nominis
2011 3953 2077 4003 sit
2114 3971 2211 4021 pro
2250 3949 2525 4020 adjectivo.
2565 3946 2755 4000 Wolfii

1748 4031 2051 4097 conjectura
2104 4030 2195 4080 ΙΙΙ
2230 4028 2474 4080 horarum
2508 4025 2759 4096 (numeri

1748 4122 1877 4160 nota
1904 4128 1997 4179 per
2017 4109 2221 4160 literam
2248 4110 2295 4160 H
2322 4106 2537 4178 extrita)
2564 4106 2755 4157 nescio

1750 4209 1815 4241 an
1826 4189 2153 4260 frigidiorem
2162 4191 2369 4242 auctori
2379 4187 2627 4255 subjiciat
2635 4203 2760 4238 sen-
