3050 5004
659 475 743 557 46
1410 472 1479 536 c.
1530 469 1996 537 sUEToNn

658 601 743 670 de
771 623 907 696 quo
931 597 1165 682 retuli,
1201 611 1270 666 et
1291 591 1689 665 arcessitum
1716 619 1755 666 e
1778 618 1989 688 regno
2005 648 2024 681 ,
2060 613 2127 664 et
2156 615 2513 692 exceptum
2544 596 2761 666 hono·

659 711 876 794 rifice,
911 732 1050 778 11011
1082 707 1214 776 alia
1245 706 1330 777 de
1360 731 1565 776 causa
1586 723 1873 801 repente
1895 705 2221 801 perculit³
2241 762 2259 792 ,
2295 733 2501 804 quam
2536 707 2721 804 quod
2744 761 2762 788 ,

659 801 900 891 edente
923 844 997 890 se
1023 843 1272 889 munus
1293 871 1310 902 ,
1335 821 1720 910 ingressum
1748 819 2132 913 spectacula
2150 873 2169 904 ,
2200 823 2609 889 convertisse
2637 819 2762 887 ho·-

659 935 921 1000 minum
961 929 1194 998 oculos
1233 928 1498 1021 fulgore
1532 915 1903 1022 ‘purpure'ae
1942 930 2229 999 abollae4
2263 929 2761 999 animadvertit.

661 1040 986 1110 Pulchros
1025 1055 1094 1108 et
1117 1057 1416 1108 comatos
1437 1093 1455 1121 ,
1495 1043 1755 1136 quoties
1790 1040 1916 1108 sibi
1949 1059 2381 1110 occurrerent
2400 1095 2415 1125 ,
2454 1045 2765 1136 occipitio

663 1176 817 1223 raso
844 1149 1268 1244 deturpabat.
1309 1155 1472 1219 Erat
1507 1153 1705 1220 Esius
1744 1149 2067 1218 Proculus
2103 1169 2294 1243 patre
2327 1151 2726 1245 primipilari
2744 1205 2762 1235 ,

665 1260 752 1331 ob
771 1263 1108 1354 egregiam
1129 1261 1428 1354 corporis
1447 1261 1965 1354 amplitudinem
1989 1276 2058 1329 et
2074 1265 2369 1354 speciem
2386 1263 2411 1300 ⁵
2425 1263 2767 1330 Colosseros

665 1373 906 1446 dictus.
937 1378 1138 1444 Hunc
1161 1395 1198 1440 e
1221 1372 1623 1464 spectaculis
1648 1369 2066 1441 detractum⁶
2090 1362 2368 1467 reperite
2389 1426 2406 1457 ,
2438 1383 2505 1440 et
2534 1375 2603 1440 in
2626 1397 2768 1440 are·

663 1508 824 1553 nam
847 1480 1215 1550 deductum
1234 1535 1250 1563 ,
1276 1483 1555 1566 Threci,
1581 1499 1650 1551 et
1666 1508 1822 1552 mox
1846 1483 2296 1578 hoplomacho
2320 1487 2766 1577 comparavit·t

661 1595 904 1690 bisque
945 1597 1267 1663 victorem
1308 1597 1675 1687 constringi
1724 1597 1867 1663 sine
1908 1619 2097 1667 mora
2130 1593 2335 1690 jussit
2356 1649 2374 1679 ,
2418 1611 2484 1664 et
2523 1599 2769 1688 pannis

662 1709 960 1778 obsitum
994 1710 1264 1776 vicatim
1291 1706 1735 1790 circumduci,
1772 1732 1853 1774 ac
1884 1707 2281 1776 mulieribus
2320 1709 2619 1790 ostendi,
2659 1706 2772 1775 de-

665 1818 823 1886 inde
851 1815 1172 1911 jugulari.
1215 1814 1456 1883 Nullus
1489 1813 1791 1910 denique
1822 1833 1963 1882 tam
2006 1815 2285 1909 abjectae
2327 1817 2729 1886 conditionis
2754 1873 2769 1900 ,

663 1945 942 2022 tamque
961 1939 1282 1992 extremae
1305 1927 1504 1992 sortis
1534 1925 1694 2007 fuit,
1724 1921 1919 2016 cujus
1958 1949 2097 1992 non
2137 1927 2509 1996 commodis
2546 1927 2771 1996 obtre-

667 2053 899 2106 ctaret.
921 2038 1316 2104 Nemorensi
1337 2039 1511 2130 regi⁷
1530 2089 1547 2119 ,
1571 2035 1753 2131 quod
1772 2035 2023 2106 multos
2040 2034 2184 2130 jam
2202 2063 2414 2108 annos
2439 2043 2774 2135 potiretur

672 2144 1043 2218 sacerdotio
1063 2197 1084 2226 ,
1128 2143 1520 2220 validiorem
1568 2143 2029 2215 adversarium
2076 2147 2487 2218 subornavit.
2541 2155 2774 2237 Quum

673 2259 972 2355 quodam
1008 2255 1117 2323 die
1159 2259 1460 2324 muneris
1480 2310 1498 2339 ,
1540 2255 1919 2325 essedario⁸
1966 2260 2163 2326 Porio
2182 2311 2199 2342 ,
2240 2259 2329 2327 ob
2372 2285 2774 2353 prosperam

671 2391 974 2464 pugnam
997 2389 1271 2434 servum
1294 2389 1495 2434 suum
1513 2369 2010 2436 manumittenti
2024 2420 2042 2448 ,
2068 2366 2431 2435 studiosius
2454 2367 2775 2460 plausum

677 2495 888 2563 esset,
932 2481 1027 2547 ita
1067 2501 1140 2547 se
1171 2478 1506 2572 proripuit
1539 2500 1578 2546 e
1616 2477 2052 2571 spectaculis,
2088 2493 2203 2561 ut,
2242 2478 2497 2547 calcata
2531 2477 2775 2547 lacinia

748 2720 798 2775 3.
837 2716 1086 2773 Perculit.
1115 2720 1196 2771 Ita
1221 2737 1288 2776 ex
1309 2719 1681 2773 emendatione
1844 2736 1893 2789 7.
1943 2720 2251 2773 Nemorensi
2288 2719 2414 2792 reqi.
2454 2720 2535 2773 De
2574 2720 2777 2792 templo

675 2799 836 2869 Lipsii
857 2811 908 2849 et
927 2798 1182 2849 Perizonii
1198 2834 1215 2859 ,
1237 2815 1353 2868 quae
1375 2816 1533 2849 omne
1553 2815 1683 2867 pun-

675 2887 818 2927 ctum
839 2873 960 2927 tulit
973 2910 991 2937 ,
1011 2873 1272 2926 edidimus
1296 2892 1418 2925 cum
1438 2874 1680 2927 Ernestio

675 2972 774 3025 pro
788 2954 1048 3025 percussit.
1071 2953 1151 3013 De
1169 2952 1456 3011 Ptolemoeo
1475 2950 1595 3007 vide
1614 2949 1683 3007 ed

671 3053 738 3086 ca
783 3072 794 3085 .
823 3032 907 3087 26.

743 3054 798 3179 Ξ.
837 3113 1122 3183 Purpureoe
1152 3111 1356 3165 abolla.
1396 3110 1551 3165 Pallii
1576 3110 1684 3165 hoc

675 3196 778 3249 fuit
809 3210 978 3265 genus
999 3227 1014 3257 ,
1049 3190 1191 3246 uude
1223 3190 1559 3263 philosophis
1586 3208 1685 3245 su·-

678 3276 797 3347 pius
825 3271 1092 3327 tribuitur.
1123 3270 1258 3324 Vide
1289 3272 1492 3327 Fer-rar.
1519 3269 1587 3323 de
1612 3274 1684 3326 Re

675 3354 898 3409 vestiar.
929 3353 1008 3417 11,
1037 3369 1130 3417 12,
1163 3363 1213 3403 et
1239 3354 1461 3421 interpr.
1493 3348 1562 3403 ad
1589 3354 1685 3404 Ju-

677 3430 848 3489 venal.
877 3432 986 3485 Sat.
1016 3432 1117 3496 111,
1153 3428 1282 3495 115,
1313 3441 1367 3481 et
1391 3431 1490 3497 IV,
1519 3430 1606 3500 76.

751 3514 800 3567 5.
834 3507 1144 3571 celassem,-
1172 3528 1202 3561 11
1226 3508 1446 3565 colossus
1467 3522 1520 3563 et
1542 3508 1681 3579 ipat-3

677 3587 812 3649 illud
849 3604 1042 3642 nomeu
1071 3586 1143 3639 ob
1172 3588 1398 3658 corporis
1426 3582 1683 3659 amplituss

677 3669 888 3733 dinem,
925 3664 1032 3719 boc
1059 3664 1129 3715 ob
1157 3666 1376 3735 speciem
1407 3666 1454 3716 ei
1480 3663 1680 3719 datum.

751 3748 801 3799 6.
841 3748 890 3801 Ε
925 3742 1229 3817 spectaculis
1259 3744 1563 3796 detractum.
1600 3744 1683 3798 Cf.

627 3879 638 3891 ,
680 3827 878 3881 Domit.
911 3839 992 3879 ιο.
1015 3852 1090 3865 --
1112 3824 1192 3876 De
1221 3820 1496 3877 Threcibus
1520 3836 1574 3875 et
1596 3822 1685 3877 110-

673 3902 998 3977 plomachis,
1032 3900 1228 3955 diversi
1255 3902 1464 3971 generis
1486 3900 1685 3973 gladia-

679 3982 910 4049 toribus,
949 3979 1068 4033 vide
1102 3978 1248 4051 Lips.
1286 3978 1495 4033 Saturn.
1534 3982 1615 4047 11,
1648 3997 1684 4050 9

679 4075 732 4115 et
763 4078 780 4113 ι
800 4078 842 4114 ι.
863 4089 936 4105 -
961 4060 1300 4133 Comparare,
1325 4059 1681 4125 committere,

677 4156 1022 4210 componere.

1768 2796 1958 2851 Dianoe
1980 2798 2212 2853 Aricina
2240 2812 2293 2850 et
2318 2800 2547 2852 Nemore
2572 2799 2777 2858 dictum

1771 2870 1841 2925 ad
1864 2875 1991 2929 Caes.
2020 2874 2105 2941 46.
2135 2877 2216 2929 De
2238 2894 2357 2949 rege
2376 2878 2715 2944 Nemorensi,
2739 2882 2775 2930 i.

1772 2970 1819 3005 e.
1858 2953 2171 3021 sacerdote,
2206 2954 2430 3021 Strabo,
2468 2960 2540 3023 V,
2578 2958 2649 3025 3,
2692 2974 2773 3011 12.

1773 3030 2016 3094 Scilicet,
2056 3032 2161 3085 hoc
2204 3033 2273 3087 ad
2309 3054 2364 3087 se
2400 3036 2607 3106 fugitivi
2643 3039 2778 3090 servi

1773 3110 2129 3165 sacerdotium
2158 3113 2433 3185 rapiebant
2454 3149 2471 3178 ,
2504 3128 2566 3167 ut
2590 3116 2637 3169 si
2663 3114 2779 3186 gle-

1772 3189 1864 3244 dio
1888 3192 2183 3244 vinceretur
2212 3193 2305 3264 qui
2336 3192 2513 3247 locum
2540 3206 2779 3259 teneret,

1771 3272 1943 3323 victor
1984 3274 2163 3326 statim
2207 3290 2423 3344 reqnum
2468 3287 2774 3347 occuparet.

1774 3348 1930 3405 Ovid.
1958 3353 2099 3405 Fast.
2117 3352 2215 3403 111.
2243 3368 2339 3420 ²7¹
2357 3388 2375 3415 ,

1768 3438 1907 3495 Regna
1922 3448 2065 3481 tenent
2078 3438 2281 3495 fortesque
2300 3450 2427 3484 mauu
2444 3435 2695 3495 pedibusque
2710 3438 2777 3483 fu-

1816 3562 1868 3605 Et
1878 3513 1994 3619 {zi-‘ii
2008 3531 2193 3617 exemplo
2210 3558 2427 3619 postmodo
2446 3561 2616 3617 quisque
2634 3576 2721 3605 suo.

1774 3638 2142 3693 Adversarium
2171 3638 2329 3711 igitur
2359 3640 2551 3690 fortem
2580 3658 2776 3693 manu·-

1776 3738 1879 3791 que
1906 3731 2205 3792 promtum,
2236 3718 2575 3787 validiorem,
2616 3720 2777 3773 Caius

1774 3801 2031 3852 summisit
2048 3837 2064 3866 ,
2095 3799 2184 3870 qui
2212 3817 2379 3873 reyem
2410 3797 2703 3865 occideret,
2724 3813 2777 3851 et

1773 3877 2069 3933 sacerdotio
2094 3878 2377 3951 potiretur.

1846 3984 1897 4040 8.
1937 3983 2218 4039 Essedario.
2250 3983 2331 4035 De
2351 3980 2635 4046 essedariis,
2662 3980 2697 4033 i.
2730 4000 2778 4035 e.-

1772 4061 2153 4133 gladiatoribus
2172 4098 2191 4127 ,
2230 4064 2322 4131 qui
2350 4080 2413 4115 ex
2446 4060 2643 4115 essedis
2674 4080 2781 4132 pu-

1771 4140 2007 4211 gnabant
2020 4176 2037 4205 ,
2057 4138 2181 4190 vide
2200 4140 2345 4211 Lips.
2364 4138 2571 4191 Satura.
2596 4138 2671 4203 11,
2698 4156 2717 4191 1
2730 4158 2779 4191 2.
