<?xml version="1.0" encoding="UTF-8"?>
<!DOCTYPE html PUBLIC "-//W3C//DTD XHTML 1.0 Transitional//EN"
    "http://www.w3.org/TR/xhtml1/DTD/xhtml1-transitional.dtd">
<html xmlns="http://www.w3.org/1999/xhtml" xml:lang="en" lang="en">
 <head>
  <title>
</title>
<meta http-equiv="Content-Type" content="text/html;charset=utf-8" />
  <meta name='ocr-system' content='tesseract 3.04.00' />
  <meta name='ocr-capabilities' content='ocr_page ocr_carea ocr_par ocr_line ocrx_word'/>
</head>
<body>
  <div class='ocr_page' id='page_1' title='image "./csuetoniitranqu09suetgoog_0181.png"; bbox 0 0 3050 5004; ppageno 0'>
   <div class='ocr_carea' id='block_1_1' title="bbox 672 442 2010 515">
    <p class='ocr_par' dir='ltr' id='par_1_1' title="bbox 672 442 2010 515">
     <span class='ocr_line' id='line_1_1' title="bbox 672 442 2010 515; baseline -0.002 -2"><span class='ocrx_word' id='word_1_1' title='bbox 672 448 797 515; x_wconf 81' lang='lat'><strong>160</strong></span> <span class='ocrx_word' id='word_1_2' title='bbox 1410 446 1485 511; x_wconf 89' lang='lat' dir='ltr'><strong>C.</strong></span> <span class='ocrx_word' id='word_1_3' title='bbox 1537 442 2010 511; x_wconf 85' lang='lat' dir='ltr'>SUETONII</span> 
     </span>
    </p>
   </div>
   <div class='ocr_carea' id='block_1_2' title="bbox 658 568 2856 1443">
    <p class='ocr_par' dir='ltr' id='par_1_2' title="bbox 658 568 2776 1085">
     <span class='ocr_line' id='line_1_2' title="bbox 658 568 2773 667; baseline -0 -26"><span class='ocrx_word' id='word_1_4' title='bbox 658 574 963 667; x_wconf 84' lang='lat' dir='ltr'><strong>patronis</strong></span> <span class='ocrx_word' id='word_1_5' title='bbox 986 594 1129 641; x_wconf 86' lang='lat' dir='ltr'><strong>non</strong></span> <span class='ocrx_word' id='word_1_6' title='bbox 1150 568 1594 640; x_wconf 66' lang='lat' dir='ltr'><strong>translaticias</strong></span> <span class='ocrx_word' id='word_1_7' title='bbox 1614 624 1632 653; x_wconf 93' lang='lat'>,</span> <span class='ocrx_word' id='word_1_8' title='bbox 1663 588 1742 640; x_wconf 90' lang='lat' dir='ltr'><strong>ut</strong></span> <span class='ocrx_word' id='word_1_9' title='bbox 1766 570 2019 640; x_wconf 87' lang='lat' dir='ltr'><strong>assolet</strong></span> <span class='ocrx_word' id='word_1_10' title='bbox 2033 624 2052 655; x_wconf 90' lang='lat'><strong>,</strong></span> <span class='ocrx_word' id='word_1_11' title='bbox 2083 585 2153 638; x_wconf 89' lang='lat' dir='ltr'><strong>et</strong></span> <span class='ocrx_word' id='word_1_12' title='bbox 2173 569 2412 639; x_wconf 84' lang='lat' dir='ltr'><strong>breves</strong></span> <span class='ocrx_word' id='word_1_13' title='bbox 2431 623 2449 654; x_wconf 92' lang='lat'>,</span> <span class='ocrx_word' id='word_1_14' title='bbox 2477 570 2597 640; x_wconf 89' lang='lat' dir='ltr'><strong>sed</strong></span> <span class='ocrx_word' id='word_1_15' title='bbox 2625 595 2773 640; x_wconf 82' lang='lat' dir='ltr'><strong>ma-</strong></span> 
     </span>
     <span class='ocr_line' id='line_1_3' title="bbox 658 681 2770 777; baseline -0.001 -26"><span class='ocrx_word' id='word_1_16' title='bbox 658 686 873 751; x_wconf 86' lang='lat' dir='ltr'><strong>ximas</strong></span> <span class='ocrx_word' id='word_1_17' title='bbox 908 682 1375 777; x_wconf 84' lang='lat' dir='ltr'><strong>plurimasque</strong></span> <span class='ocrx_word' id='word_1_18' title='bbox 1408 682 1898 775; x_wconf 82' lang='lat' dir='ltr'><strong>postulationes</strong></span> <span class='ocrx_word' id='word_1_19' title='bbox 1935 684 2238 749; x_wconf 79' lang='lat' dir='ltr'><strong>certatim</strong></span> <span class='ocrx_word' id='word_1_20' title='bbox 2266 681 2770 773; x_wconf 78' lang='lat' dir='ltr'><strong>ingerentibus3</strong></span> 
     </span>
     <span class='ocr_line' id='line_1_4' title="bbox 662 790 2776 889; baseline -0 -28"><span class='ocrx_word' id='word_1_21' title='bbox 662 796 968 889; x_wconf 82' lang='lat' dir='ltr'><strong>quamvis</strong></span> <span class='ocrx_word' id='word_1_22' title='bbox 1014 790 1449 862; x_wconf 88' lang='lat' dir='ltr'><strong>interdictum</strong></span> <span class='ocrx_word' id='word_1_23' title='bbox 1494 818 1538 860; x_wconf 86' lang='lat' dir='ltr'><strong>a</strong></span> <span class='ocrx_word' id='word_1_24' title='bbox 1579 792 1864 861; x_wconf 87' lang='lat' dir='ltr'><strong>Claudio</strong></span> <span class='ocrx_word' id='word_1_25' title='bbox 1915 808 2111 861; x_wconf 89' lang='lat' dir='ltr'><strong>esset.</strong></span> <span class='ocrx_word' id='word_1_26' title='bbox 2167 797 2306 860; x_wconf 86' lang='lat' dir='ltr'><strong>Nec</strong></span> <span class='ocrx_word' id='word_1_27' title='bbox 2349 792 2567 860; x_wconf 87' lang='lat' dir='ltr'><strong>multo</strong></span> <span class='ocrx_word' id='word_1_28' title='bbox 2617 809 2776 887; x_wconf 92' lang='lat' dir='ltr'><strong>post</strong></span> 
     </span>
     <span class='ocr_line' id='line_1_5' title="bbox 662 900 2776 998; baseline -0.001 -25"><span class='ocrx_word' id='word_1_29' title='bbox 662 904 857 973; x_wconf 82' lang='lat' dir='ltr'><strong>duxit</strong></span> <span class='ocrx_word' id='word_1_30' title='bbox 892 926 1177 971; x_wconf 85' lang='lat' dir='ltr'><strong>uxorem</strong></span> <span class='ocrx_word' id='word_1_31' title='bbox 1222 904 1570 973; x_wconf 89' lang='lat' dir='ltr'><strong>Octaviam</strong></span> <span class='ocrx_word' id='word_1_32' title='bbox 1586 901 1648 969; x_wconf 78' lang='lat'><strong>⁸:</strong></span> <span class='ocrx_word' id='word_1_33' title='bbox 1694 900 2038 998; x_wconf 78' lang='lat' dir='ltr'><strong>ediditque</strong></span> <span class='ocrx_word' id='word_1_34' title='bbox 2079 926 2206 995; x_wconf 88' lang='lat' dir='ltr'><strong>pro</strong></span> <span class='ocrx_word' id='word_1_35' title='bbox 2249 900 2513 971; x_wconf 85' lang='lat' dir='ltr'><strong>Claudii</strong></span> <span class='ocrx_word' id='word_1_36' title='bbox 2553 902 2776 971; x_wconf 84' lang='lat' dir='ltr'><strong>salute</strong></span> 
     </span>
     <span class='ocr_line' id='line_1_6' title="bbox 660 1017 1583 1085; baseline -0.003 0"><span class='ocrx_word' id='word_1_37' title='bbox 660 1019 1011 1085; x_wconf 87' lang='lat' dir='ltr'><strong>Circenses</strong></span> <span class='ocrx_word' id='word_1_38' title='bbox 1038 1032 1107 1083; x_wconf 89' lang='lat' dir='ltr'><strong>et</strong></span> <span class='ocrx_word' id='word_1_39' title='bbox 1132 1017 1583 1085; x_wconf 87' lang='lat' dir='ltr'><strong>venationem.</strong></span> 
     </span>
    </p>

    <p class='ocr_par' dir='ltr' id='par_1_3' title="bbox 663 1122 2856 1443">
     <span class='ocr_line' id='line_1_7' title="bbox 756 1122 2780 1217; baseline 0.001 -26"><span class='ocrx_word' id='word_1_40' title='bbox 756 1128 940 1193; x_wconf 84' lang='lat' dir='ltr'>VIII.</span> <span class='ocrx_word' id='word_1_41' title='bbox 976 1124 1465 1217; x_wconf 87' lang='lat' dir='ltr'><strong>Septemdecim</strong></span> <span class='ocrx_word' id='word_1_42' title='bbox 1488 1138 1692 1191; x_wconf 89' lang='lat' dir='ltr'><strong>natus</strong></span> <span class='ocrx_word' id='word_1_43' title='bbox 1715 1146 1934 1193; x_wconf 88' lang='lat' dir='ltr'><strong>annos</strong></span> <span class='ocrx_word' id='word_1_44' title='bbox 1951 1132 1966 1161; x_wconf 83' lang='lat'><strong>¹</strong></span> <span class='ocrx_word' id='word_1_45' title='bbox 1988 1175 2005 1202; x_wconf 88' lang='lat'>‚</span> <span class='ocrx_word' id='word_1_46' title='bbox 2031 1139 2110 1191; x_wconf 90' lang='lat' dir='ltr'><strong>ut</strong></span> <span class='ocrx_word' id='word_1_47' title='bbox 2131 1122 2216 1193; x_wconf 90' lang='lat' dir='ltr'><strong>de</strong></span> <span class='ocrx_word' id='word_1_48' title='bbox 2241 1124 2524 1192; x_wconf 86' lang='lat' dir='ltr'><strong>Claudio</strong></span> <span class='ocrx_word' id='word_1_49' title='bbox 2545 1122 2780 1217; x_wconf 87' lang='lat' dir='ltr'><strong>palam</strong></span> 
     </span>
     <span class='ocr_line' id='line_1_8' title="bbox 663 1234 2782 1331; baseline -0.002 -24"><span class='ocrx_word' id='word_1_50' title='bbox 663 1240 917 1307; x_wconf 83' lang='lat' dir='ltr'><strong>factum</strong></span> <span class='ocrx_word' id='word_1_51' title='bbox 950 1252 1085 1321; x_wconf 86' lang='lat' dir='ltr'><strong>est,</strong></span> <span class='ocrx_word' id='word_1_52' title='bbox 1122 1238 1300 1303; x_wconf 88' lang='lat' dir='ltr'><strong>inter</strong></span> <span class='ocrx_word' id='word_1_53' title='bbox 1330 1234 1572 1303; x_wconf 87' lang='lat' dir='ltr'><strong>horam</strong></span> <span class='ocrx_word' id='word_1_54' title='bbox 1599 1252 1858 1303; x_wconf 83' lang='lat' dir='ltr'><strong>sextam</strong></span> <span class='ocrx_word' id='word_1_55' title='bbox 1889 1238 2418 1331; x_wconf 83' lang='lat' dir='ltr'><strong>septimamque²</strong></span> <span class='ocrx_word' id='word_1_56' title='bbox 2448 1238 2782 1328; x_wconf 83' lang='lat' dir='ltr'><strong>processit</strong></span> 
     </span>
     <span class='ocr_line' id='line_1_9' title="bbox 664 1346 2856 1443; baseline -0.002 -25"><span class='ocrx_word' id='word_1_57' title='bbox 664 1350 753 1419; x_wconf 88' lang='lat' dir='ltr'><strong>ad</strong></span> <span class='ocrx_word' id='word_1_58' title='bbox 786 1350 1239 1433; x_wconf 76' lang='lat' dir='ltr'><strong>excubitores3</strong></span> <span class='ocrx_word' id='word_1_59' title='bbox 1274 1372 1489 1443; x_wconf 88' lang='lat' dir='ltr'><strong>quum</strong></span> <span class='ocrx_word' id='word_1_60' title='bbox 1524 1346 1613 1416; x_wconf 92' lang='lat' dir='ltr'><strong>ob</strong></span> <span class='ocrx_word' id='word_1_61' title='bbox 1649 1349 1856 1415; x_wconf 88' lang='lat' dir='ltr'><strong>totius</strong></span> <span class='ocrx_word' id='word_1_62' title='bbox 1893 1346 2026 1418; x_wconf 86' lang='lat' dir='ltr'><strong>diei</strong></span> <span class='ocrx_word' id='word_1_63' title='bbox 2059 1346 2398 1434; x_wconf 79' lang='lat' dir='ltr'><strong>diritatem</strong></span> <span class='ocrx_word' id='word_1_64' title='bbox 2427 1371 2566 1415; x_wconf 89' lang='lat' dir='ltr'><strong>non</strong></span> <span class='ocrx_word' id='word_1_65' title='bbox 2591 1346 2779 1415; x_wconf 89' lang='lat' dir='ltr'><strong>aliud</strong></span> <span class='ocrx_word' id='word_1_66' title='bbox 2851 1386 2856 1389; x_wconf 91' lang='lat'>-</span> 
     </span>
    </p>
   </div>
   <div class='ocr_carea' id='block_1_3' title="bbox 572 1456 2783 1555">
    <p class='ocr_par' dir='ltr' id='par_1_4' title="bbox 572 1456 2783 1555">
     <span class='ocr_line' id='line_1_10' title="bbox 572 1456 2783 1555; baseline 0 -31"><span class='ocrx_word' id='word_1_67' title='bbox 572 1516 580 1524; x_wconf 78' lang='grc'><strong>.</strong></span> <span class='ocrx_word' id='word_1_68' title='bbox 662 1459 1061 1555; x_wconf 74' lang='lat' dir='ltr'><strong>auspioendi</strong></span> <span class='ocrx_word' id='word_1_69' title='bbox 1086 1476 1353 1552; x_wconf 90' lang='lat' dir='ltr'><strong>tempus</strong></span> <span class='ocrx_word' id='word_1_70' title='bbox 1375 1456 1952 1527; x_wconf 82' lang='lat' dir='ltr'><strong>accommodatius</strong></span> <span class='ocrx_word' id='word_1_71' title='bbox 1975 1456 2349 1525; x_wconf 86' lang='lat' dir='ltr'><strong>videretur:</strong></span> <span class='ocrx_word' id='word_1_72' title='bbox 2377 1482 2638 1552; x_wconf 92' lang='lat' dir='ltr'><strong>proque</strong></span> <span class='ocrx_word' id='word_1_73' title='bbox 2661 1462 2783 1525; x_wconf 89' lang='lat' dir='ltr'><strong>Pa-</strong></span> 
     </span>
    </p>
   </div>
   <div class='ocr_carea' id='block_1_4' title="bbox 662 1566 2786 2331">
    <p class='ocr_par' dir='ltr' id='par_1_5' title="bbox 662 1566 2786 2107">
     <span class='ocr_line' id='line_1_11' title="bbox 662 1566 2781 1663; baseline -0.002 -23"><span class='ocrx_word' id='word_1_74' title='bbox 662 1572 806 1641; x_wconf 90' lang='lat' dir='ltr'><strong>latii</strong></span> <span class='ocrx_word' id='word_1_75' title='bbox 844 1567 1169 1663; x_wconf 80' lang='lat' dir='ltr'><strong>gradibus</strong></span> <span class='ocrx_word' id='word_1_76' title='bbox 1206 1570 1716 1637; x_wconf 86' lang='lat' dir='ltr'>IMPERATOR</span> <span class='ocrx_word' id='word_1_77' title='bbox 1753 1566 2252 1652; x_wconf 86' lang='lat' dir='ltr'><strong>consalutatus,</strong></span> <span class='ocrx_word' id='word_1_78' title='bbox 2292 1568 2580 1636; x_wconf 82' lang='lat' dir='ltr'><strong>lectica</strong></span> <span class='ocrx_word' id='word_1_79' title='bbox 2563 1592 2632 1634; x_wconf 80' lang='lat' dir='ltr'><strong>tn</strong></span> <span class='ocrx_word' id='word_1_80' title='bbox 2666 1590 2781 1635; x_wconf 88' lang='lat' dir='ltr'><strong>ca-</strong></span> 
     </span>
     <span class='ocr_line' id='line_1_12' title="bbox 664 1678 2783 1774; baseline -0.002 -22"><span class='ocrx_word' id='word_1_81' title='bbox 664 1699 803 1753; x_wconf 87' lang='lat' dir='ltr'><strong>stra</strong></span> <span class='ocrx_word' id='word_1_82' title='bbox 820 1734 837 1765; x_wconf 89' lang='lat'>,</span> <span class='ocrx_word' id='word_1_83' title='bbox 863 1699 932 1752; x_wconf 91' lang='lat' dir='ltr'><strong>et</strong></span> <span class='ocrx_word' id='word_1_84' title='bbox 948 1680 1107 1751; x_wconf 91' lang='lat' dir='ltr'><strong>inde</strong></span> <span class='ocrx_word' id='word_1_85' title='bbox 1132 1683 1378 1774; x_wconf 83' lang='lat' dir='ltr'><strong>raptim</strong></span> <span class='ocrx_word' id='word_1_86' title='bbox 1402 1678 1756 1774; x_wconf 86' lang='lat' dir='ltr'><strong>appellatis</strong></span> <span class='ocrx_word' id='word_1_87' title='bbox 1776 1678 2104 1748; x_wconf 81' lang='lat' dir='ltr'><strong>militibus</strong></span> <span class='ocrx_word' id='word_1_88' title='bbox 2129 1683 2201 1747; x_wconf 87' lang='lat' dir='ltr'><strong>in</strong></span> <span class='ocrx_word' id='word_1_89' title='bbox 2223 1682 2493 1747; x_wconf 86' lang='lat' dir='ltr'><strong>Curiam</strong></span> <span class='ocrx_word' id='word_1_90' title='bbox 2512 1678 2783 1747; x_wconf 88' lang='lat' dir='ltr'><strong>delatus</strong></span> 
     </span>
     <span class='ocr_line' id='line_1_13' title="bbox 666 1787 2784 1886; baseline -0.001 -25"><span class='ocrx_word' id='word_1_91' title='bbox 666 1808 801 1877; x_wconf 88' lang='lat' dir='ltr'><strong>est,</strong></span> <span class='ocrx_word' id='word_1_92' title='bbox 844 1792 1286 1885; x_wconf 77' lang='lat' dir='ltr'><strong>discessitque</strong></span> <span class='ocrx_word' id='word_1_93' title='bbox 1315 1787 1461 1883; x_wconf 86' lang='lat' dir='ltr'><strong>jam</strong></span> <span class='ocrx_word' id='word_1_94' title='bbox 1496 1792 1796 1883; x_wconf 87' lang='lat' dir='ltr'><strong>vesperi,</strong></span> <span class='ocrx_word' id='word_1_95' title='bbox 1833 1812 1919 1856; x_wconf 85' lang='lat' dir='ltr'><strong>ex</strong></span> <span class='ocrx_word' id='word_1_96' title='bbox 1949 1792 2297 1856; x_wconf 84' lang='lat' dir='ltr'><strong>immensis</strong></span> <span class='ocrx_word' id='word_1_97' title='bbox 2317 1842 2334 1873; x_wconf 93' lang='lat'>,</span> <span class='ocrx_word' id='word_1_98' title='bbox 2377 1790 2621 1886; x_wconf 90' lang='lat' dir='ltr'><strong>quibus</strong></span> <span class='ocrx_word' id='word_1_99' title='bbox 2660 1813 2784 1858; x_wconf 90' lang='lat' dir='ltr'><strong>cu-</strong></span> 
     </span>
     <span class='ocr_line' id='line_1_14' title="bbox 666 1899 2786 1986; baseline -0.001 -12"><span class='ocrx_word' id='word_1_100' title='bbox 666 1904 1080 1986; x_wconf 84' lang='lat' dir='ltr'><strong>mulabatur,</strong></span> <span class='ocrx_word' id='word_1_101' title='bbox 1101 1899 1478 1970; x_wconf 87' lang='lat' dir='ltr'><strong>honoribus</strong></span> <span class='ocrx_word' id='word_1_102' title='bbox 1494 1952 1512 1983; x_wconf 93' lang='lat'>,</span> <span class='ocrx_word' id='word_1_103' title='bbox 1537 1916 1804 1969; x_wconf 83' lang='lat' dir='ltr'><strong>tantum</strong></span> <span class='ocrx_word' id='word_1_104' title='bbox 1821 1904 2128 1969; x_wconf 85' lang='lat' dir='ltr'>PATRIS</span> <span class='ocrx_word' id='word_1_105' title='bbox 2149 1906 2486 1970; x_wconf 85' lang='lat' dir='ltr'>PATRIAE</span> <span class='ocrx_word' id='word_1_106' title='bbox 2506 1904 2786 1971; x_wconf 87' lang='lat' dir='ltr'><strong>nomine</strong></span> 
     </span>
     <span class='ocr_line' id='line_1_15' title="bbox 666 2026 1645 2107; baseline -0.004 -25"><span class='ocrx_word' id='word_1_107' title='bbox 666 2030 979 2085; x_wconf 85' lang='lat' dir='ltr'><strong>recusato</strong></span> <span class='ocrx_word' id='word_1_108' title='bbox 1000 2066 1017 2096; x_wconf 91' lang='lat'><strong>,</strong></span> <span class='ocrx_word' id='word_1_109' title='bbox 1048 2028 1329 2107; x_wconf 88' lang='lat' dir='ltr'><strong>propter</strong></span> <span class='ocrx_word' id='word_1_110' title='bbox 1357 2026 1645 2079; x_wconf 87' lang='lat' dir='ltr'><strong>aetatem.</strong></span> 
     </span>
    </p>

    <p class='ocr_par' dir='ltr' id='par_1_6' title="bbox 670 2121 2786 2331">
     <span class='ocr_line' id='line_1_16' title="bbox 765 2121 2786 2217; baseline 0 -26"><span class='ocrx_word' id='word_1_111' title='bbox 765 2128 879 2191; x_wconf 90' lang='lat' dir='ltr'><strong>IX.</strong></span> <span class='ocrx_word' id='word_1_112' title='bbox 930 2124 1147 2190; x_wconf 89' lang='lat' dir='ltr'><strong>Orsus</strong></span> <span class='ocrx_word' id='word_1_113' title='bbox 1180 2121 1341 2190; x_wconf 89' lang='lat' dir='ltr'><strong>hinc</strong></span> <span class='ocrx_word' id='word_1_114' title='bbox 1362 2146 1405 2189; x_wconf 88' lang='lat' dir='ltr'><strong>a</strong></span> <span class='ocrx_word' id='word_1_115' title='bbox 1424 2124 1690 2215; x_wconf 76' lang='lat' dir='ltr'><strong>pietatis</strong></span> <span class='ocrx_word' id='word_1_116' title='bbox 1723 2126 2171 2194; x_wconf 81' lang='lat' dir='ltr'><strong>ostentatione</strong></span> <span class='ocrx_word' id='word_1_117' title='bbox 2189 2178 2206 2210; x_wconf 90' lang='lat'>,</span> <span class='ocrx_word' id='word_1_118' title='bbox 2237 2123 2597 2191; x_wconf 88' lang='lat' dir='ltr'><strong>Claudium</strong></span> <span class='ocrx_word' id='word_1_119' title='bbox 2616 2177 2633 2207; x_wconf 92' lang='lat'><strong>,</strong></span> <span class='ocrx_word' id='word_1_120' title='bbox 2663 2150 2786 2217; x_wconf 88' lang='lat' dir='ltr'><strong>ap-</strong></span> 
     </span>
     <span class='ocr_line' id='line_1_17' title="bbox 670 2232 2780 2331; baseline 0.001 -28"><span class='ocrx_word' id='word_1_121' title='bbox 670 2236 1100 2328; x_wconf 88' lang='lat' dir='ltr'><strong>paratissimo</strong></span> <span class='ocrx_word' id='word_1_122' title='bbox 1148 2234 1391 2302; x_wconf 82' lang='lat' dir='ltr'><strong>funere</strong></span> <span class='ocrx_word' id='word_1_123' title='bbox 1447 2232 1702 2301; x_wconf 88' lang='lat' dir='ltr'><strong>elatum</strong></span> <span class='ocrx_word' id='word_1_124' title='bbox 1725 2286 1746 2320; x_wconf 89' lang='lat'><strong>,</strong></span> <span class='ocrx_word' id='word_1_125' title='bbox 1801 2232 2106 2307; x_wconf 87' lang='lat' dir='ltr'><strong>laudavit</strong></span> <span class='ocrx_word' id='word_1_126' title='bbox 2158 2240 2711 2331; x_wconf 87' lang='lat' dir='ltr'><strong>consecravitque</strong></span> <span class='ocrx_word' id='word_1_127' title='bbox 2733 2254 2780 2305; x_wconf 88' lang='lat'><strong>¹.</strong></span> 
     </span>
    </p>
   </div>
   <div class='ocr_carea' id='block_1_5' title="bbox 676 2484 1696 4229">
    <p class='ocr_par' dir='ltr' id='par_1_7' title="bbox 676 2484 1690 3173">
     <span class='ocr_line' id='line_1_18' title="bbox 746 2484 1684 2550; baseline 0 -12"><span class='ocrx_word' id='word_1_128' title='bbox 746 2484 799 2538; x_wconf 86' lang='lat'><strong>8.</strong></span> <span class='ocrx_word' id='word_1_129' title='bbox 818 2484 991 2538; x_wconf 77' lang='lat' dir='ltr'><strong>Duxit</strong></span> <span class='ocrx_word' id='word_1_130' title='bbox 1002 2504 1215 2540; x_wconf 79' lang='lat' dir='ltr'><strong>uxorem</strong></span> <span class='ocrx_word' id='word_1_131' title='bbox 1234 2486 1506 2539; x_wconf 78' lang='lat' dir='ltr'><strong>Octaviam</strong></span> <span class='ocrx_word' id='word_1_132' title='bbox 1516 2509 1538 2550; x_wconf 86' lang='lat'><strong>‚-</strong></span> <span class='ocrx_word' id='word_1_133' title='bbox 1557 2505 1684 2539; x_wconf 83' lang='lat' dir='ltr'><strong>ann.</strong></span> 
     </span>
     <span class='ocr_line' id='line_1_19' title="bbox 678 2565 1681 2636; baseline -0.001 -18"><span class='ocrx_word' id='word_1_134' title='bbox 678 2566 800 2636; x_wconf 85' lang='lat'><strong>807.</strong></span> <span class='ocrx_word' id='word_1_135' title='bbox 840 2567 1012 2618; x_wconf 83' lang='lat' dir='ltr'><strong>Tacit.</strong></span> <span class='ocrx_word' id='word_1_136' title='bbox 1042 2565 1237 2619; x_wconf 82' lang='lat' dir='ltr'><strong>Annal.</strong></span> <span class='ocrx_word' id='word_1_137' title='bbox 1274 2567 1405 2634; x_wconf 75' lang='lat' dir='ltr'>XII,</span> <span class='ocrx_word' id='word_1_138' title='bbox 1434 2565 1538 2635; x_wconf 82' lang='grc'><strong>58,</strong></span> <span class='ocrx_word' id='word_1_139' title='bbox 1571 2589 1594 2612; x_wconf 76' lang='grc' dir='ltr'>ι</span> <span class='ocrx_word' id='word_1_140' title='bbox 1613 2569 1681 2619; x_wconf 90' lang='lat' dir='ltr'><strong>D.</strong></span> 
     </span>
     <span class='ocr_line' id='line_1_20' title="bbox 676 2645 1686 2714; baseline 0.001 -18"><span class='ocrx_word' id='word_1_141' title='bbox 676 2646 838 2696; x_wconf 85' lang='lat' dir='ltr'><strong>Junio</strong></span> <span class='ocrx_word' id='word_1_142' title='bbox 854 2683 872 2711; x_wconf 91' lang='lat'>,</span> <span class='ocrx_word' id='word_1_143' title='bbox 898 2647 964 2714; x_wconf 88' lang='lat' dir='ltr'><strong>Q.</strong></span> <span class='ocrx_word' id='word_1_144' title='bbox 991 2647 1207 2699; x_wconf 81' lang='lat' dir='ltr'><strong>Haterio</strong></span> <span class='ocrx_word' id='word_1_145' title='bbox 1226 2645 1548 2698; x_wconf 81' lang='lat' dir='ltr'><strong>Consulibus</strong></span> <span class='ocrx_word' id='word_1_146' title='bbox 1563 2686 1580 2712; x_wconf 80' lang='lat'>‚</span> <span class='ocrx_word' id='word_1_147' title='bbox 1599 2663 1686 2698; x_wconf 85' lang='lat' dir='ltr'><strong>se-</strong></span> 
     </span>
     <span class='ocr_line' id='line_1_21' title="bbox 680 2722 1686 2780; baseline 0.004 -6"><span class='ocrx_word' id='word_1_148' title='bbox 680 2722 853 2776; x_wconf 85' lang='lat' dir='ltr'><strong>decim</strong></span> <span class='ocrx_word' id='word_1_149' title='bbox 901 2743 1073 2778; x_wconf 86' lang='lat' dir='ltr'><strong>annos</strong></span> <span class='ocrx_word' id='word_1_150' title='bbox 1124 2740 1283 2780; x_wconf 84' lang='lat' dir='ltr'><strong>natus</strong></span> <span class='ocrx_word' id='word_1_151' title='bbox 1330 2727 1473 2778; x_wconf 84' lang='lat' dir='ltr'><strong>Nero</strong></span> <span class='ocrx_word' id='word_1_152' title='bbox 1519 2729 1686 2779; x_wconf 87' lang='lat' dir='ltr'><strong>Octa-</strong></span> 
     </span>
     <span class='ocr_line' id='line_1_22' title="bbox 677 2802 1686 2870; baseline 0.002 -18"><span class='ocrx_word' id='word_1_153' title='bbox 677 2804 819 2854; x_wconf 76' lang='lat' dir='ltr'><strong>viam</strong></span> <span class='ocrx_word' id='word_1_154' title='bbox 836 2841 854 2869; x_wconf 88' lang='lat'><strong>.,</strong></span> <span class='ocrx_word' id='word_1_155' title='bbox 876 2802 1097 2855; x_wconf 76' lang='lat' dir='ltr'><strong>Caesaris</strong></span> <span class='ocrx_word' id='word_1_156' title='bbox 1117 2803 1277 2854; x_wconf 83' lang='lat' dir='ltr'><strong>filiam</strong></span> <span class='ocrx_word' id='word_1_157' title='bbox 1292 2841 1309 2870; x_wconf 85' lang='lat'><strong>‚</strong></span> <span class='ocrx_word' id='word_1_158' title='bbox 1338 2805 1393 2853; x_wconf 90' lang='lat' dir='ltr'><strong>in</strong></span> <span class='ocrx_word' id='word_1_159' title='bbox 1422 2806 1686 2858; x_wconf 55' lang='lat' dir='ltr'><strong>matrimo,</strong></span> 
     </span>
     <span class='ocr_line' id='line_1_23' title="bbox 679 2881 1685 2952; baseline -0.001 -18"><span class='ocrx_word' id='word_1_160' title='bbox 679 2883 827 2934; x_wconf 86' lang='lat' dir='ltr'><strong>nium</strong></span> <span class='ocrx_word' id='word_1_161' title='bbox 854 2882 1093 2952; x_wconf 87' lang='lat' dir='ltr'><strong>accepit,</strong></span> <span class='ocrx_word' id='word_1_162' title='bbox 1112 2905 1135 2929; x_wconf 75' lang='grc' dir='ltr'><strong>ιι</strong></span> <span class='ocrx_word' id='word_1_163' title='bbox 1166 2881 1260 2934; x_wconf 88' lang='lat' dir='ltr'><strong>ubi</strong></span> <span class='ocrx_word' id='word_1_164' title='bbox 1284 2881 1402 2933; x_wconf 85' lang='lat' dir='ltr'><strong>vide</strong></span> <span class='ocrx_word' id='word_1_165' title='bbox 1429 2884 1685 2952; x_wconf 85' lang='lat' dir='ltr'><strong>Lipsium.</strong></span> 
     </span>
     <span class='ocr_line' id='line_1_24' title="bbox 680 2957 1690 3014; baseline 0.004 -6"><span class='ocrx_word' id='word_1_166' title='bbox 680 2957 905 3012; x_wconf 85' lang='lat' dir='ltr'><strong>Videtur</strong></span> <span class='ocrx_word' id='word_1_167' title='bbox 934 2959 1109 3012; x_wconf 81' lang='lat' dir='ltr'><strong>latiori</strong></span> <span class='ocrx_word' id='word_1_168' title='bbox 1156 2979 1316 3013; x_wconf 85' lang='lat' dir='ltr'><strong>sensu</strong></span> <span class='ocrx_word' id='word_1_169' title='bbox 1352 2959 1544 3012; x_wconf 82' lang='lat' dir='ltr'><strong>dixisse</strong></span> <span class='ocrx_word' id='word_1_170' title='bbox 1575 2962 1690 3014; x_wconf 85' lang='lat' dir='ltr'><strong>Nec</strong></span> 
     </span>
     <span class='ocr_line' id='line_1_25' title="bbox 680 3039 1690 3112; baseline -0.001 -20"><span class='ocrx_word' id='word_1_171' title='bbox 680 3039 851 3092; x_wconf 81' lang='lat' dir='ltr'><strong>multo</strong></span> <span class='ocrx_word' id='word_1_172' title='bbox 900 3051 1015 3111; x_wconf 80' lang='lat' dir='ltr'><strong>post</strong></span> <span class='ocrx_word' id='word_1_173' title='bbox 1062 3039 1379 3104; x_wconf 80' lang='lat' dir='ltr'><strong>Suetonius,</strong></span> <span class='ocrx_word' id='word_1_174' title='bbox 1433 3059 1546 3092; x_wconf 88' lang='lat' dir='ltr'><strong>non</strong></span> <span class='ocrx_word' id='word_1_175' title='bbox 1591 3059 1690 3112; x_wconf 73' lang='lat' dir='ltr'><strong>per</strong></span> 
     </span>
     <span class='ocr_line' id='line_1_26' title="bbox 684 3138 930 3173; baseline -0.016 0"><span class='ocrx_word' id='word_1_176' title='bbox 684 3138 930 3173; x_wconf 80' lang='lat' dir='ltr'><strong>errorem.</strong></span> 
     </span>
    </p>

    <p class='ocr_par' dir='ltr' id='par_1_8' title="bbox 681 3198 1688 3426">
     <span class='ocr_line' id='line_1_27' title="bbox 752 3198 1688 3270; baseline -0.002 -16"><span class='ocrx_word' id='word_1_177' title='bbox 752 3203 885 3254; x_wconf 84' lang='lat' dir='ltr'><strong>Vm.</strong></span> <span class='ocrx_word' id='word_1_178' title='bbox 933 3216 976 3250; x_wconf 82' lang='grc' dir='ltr'><strong>ι.</strong></span> <span class='ocrx_word' id='word_1_179' title='bbox 1004 3198 1381 3270; x_wconf 76' lang='lat' dir='ltr'><strong>Septemdecim</strong></span> <span class='ocrx_word' id='word_1_180' title='bbox 1410 3211 1565 3252; x_wconf 77' lang='lat' dir='ltr'><strong>natus</strong></span> <span class='ocrx_word' id='word_1_181' title='bbox 1589 3219 1688 3252; x_wconf 81' lang='lat' dir='ltr'><strong>an-</strong></span> 
     </span>
     <span class='ocr_line' id='line_1_28' title="bbox 681 3278 1686 3352; baseline 0.003 -22"><span class='ocrx_word' id='word_1_182' title='bbox 681 3297 807 3344; x_wconf 72' lang='lat'><em>²105,-</em></span> <span class='ocrx_word' id='word_1_183' title='bbox 849 3297 973 3332; x_wconf 81' lang='lat' dir='ltr'><strong>ann.</strong></span> <span class='ocrx_word' id='word_1_184' title='bbox 1019 3279 1140 3349; x_wconf 85' lang='lat'><strong>807.</strong></span> <span class='ocrx_word' id='word_1_185' title='bbox 1171 3278 1326 3330; x_wconf 75' lang='lat' dir='ltr'><strong>Conf.</strong></span> <span class='ocrx_word' id='word_1_186' title='bbox 1360 3297 1523 3351; x_wconf 81' lang='lat' dir='ltr'><strong>supra</strong></span> <span class='ocrx_word' id='word_1_187' title='bbox 1565 3297 1686 3352; x_wconf 83' lang='lat' dir='ltr'><strong>cap.</strong></span> 
     </span>
     <span class='ocr_line' id='line_1_29' title="bbox 682 3360 882 3426; baseline -0.015 -14"><span class='ocrx_word' id='word_1_188' title='bbox 682 3360 743 3426; x_wconf 87' lang='lat'><strong>6,</strong></span> <span class='ocrx_word' id='word_1_189' title='bbox 767 3361 882 3410; x_wconf 84' lang='lat' dir='ltr'><strong>init.</strong></span> 
     </span>
    </p>

    <p class='ocr_par' dir='ltr' id='par_1_9' title="bbox 683 3437 1696 4229">
     <span class='ocr_line' id='line_1_30' title="bbox 758 3437 1690 3512; baseline 0 -22"><span class='ocrx_word' id='word_1_190' title='bbox 758 3456 806 3491; x_wconf 81' lang='lat'><strong>2.</strong></span> <span class='ocrx_word' id='word_1_191' title='bbox 826 3440 976 3490; x_wconf 81' lang='lat' dir='ltr'><strong>Inter</strong></span> <span class='ocrx_word' id='word_1_192' title='bbox 987 3437 1169 3490; x_wconf 82' lang='lat' dir='ltr'><strong>horam</strong></span> <span class='ocrx_word' id='word_1_193' title='bbox 1182 3449 1377 3490; x_wconf 76' lang='lat' dir='ltr'><strong>sextam</strong></span> <span class='ocrx_word' id='word_1_194' title='bbox 1390 3439 1690 3512; x_wconf 79' lang='lat' dir='ltr'><strong>septimam-</strong></span> 
     </span>
     <span class='ocr_line' id='line_1_31' title="bbox 683 3518 1686 3592; baseline -0.002 -20"><span class='ocrx_word' id='word_1_195' title='bbox 683 3539 811 3592; x_wconf 80' lang='lat' dir='ltr'><strong>que,</strong></span> <span class='ocrx_word' id='word_1_196' title='bbox 846 3533 947 3572; x_wconf 83' lang='lat' dir='ltr'><strong>etc.</strong></span> <span class='ocrx_word' id='word_1_197' title='bbox 994 3519 1163 3571; x_wconf 84' lang='lat' dir='ltr'><strong>Tacit.</strong></span> <span class='ocrx_word' id='word_1_198' title='bbox 1197 3518 1389 3572; x_wconf 81' lang='lat' dir='ltr'><strong>Annal.</strong></span> <span class='ocrx_word' id='word_1_199' title='bbox 1424 3521 1553 3586; x_wconf 84' lang='lat' dir='ltr'>XII,</span> <span class='ocrx_word' id='word_1_200' title='bbox 1587 3521 1686 3590; x_wconf 74' lang='lat'><strong>69:</strong></span> 
     </span>
     <span class='ocr_line' id='line_1_32' title="bbox 689 3600 1687 3667; baseline 0.003 -18"><span class='ocrx_word' id='word_1_201' title='bbox 689 3603 885 3653; x_wconf 77' lang='lat' dir='ltr'><strong>«Tunc</strong></span> <span class='ocrx_word' id='word_1_202' title='bbox 904 3638 921 3667; x_wconf 87' lang='lat'><strong>‚</strong></span> <span class='ocrx_word' id='word_1_203' title='bbox 972 3600 1141 3652; x_wconf 75' lang='lat' dir='ltr'><strong>medio</strong></span> <span class='ocrx_word' id='word_1_204' title='bbox 1182 3600 1289 3652; x_wconf 74' lang='lat' dir='ltr'><strong>diei</strong></span> <span class='ocrx_word' id='word_1_205' title='bbox 1305 3638 1322 3666; x_wconf 90' lang='lat'>‚</span> <span class='ocrx_word' id='word_1_206' title='bbox 1376 3603 1588 3653; x_wconf 85' lang='lat' dir='ltr'><strong>tertium</strong></span> <span class='ocrx_word' id='word_1_207' title='bbox 1637 3619 1687 3652; x_wconf 84' lang='lat' dir='ltr'><strong>a.</strong></span> 
     </span>
     <span class='ocr_line' id='line_1_33' title="bbox 684 3679 1690 3751; baseline 0 -19"><span class='ocrx_word' id='word_1_208' title='bbox 684 3679 762 3733; x_wconf 77' lang='lat' dir='ltr'><strong>ld.</strong></span> <span class='ocrx_word' id='word_1_209' title='bbox 779 3679 1001 3733; x_wconf 83' lang='lat' dir='ltr'><strong>Octobr.</strong></span> <span class='ocrx_word' id='word_1_210' title='bbox 1017 3716 1034 3745; x_wconf 85' lang='lat'><strong>‚</strong></span> <span class='ocrx_word' id='word_1_211' title='bbox 1053 3679 1259 3732; x_wconf 85' lang='lat' dir='ltr'><strong>foribus</strong></span> <span class='ocrx_word' id='word_1_212' title='bbox 1272 3679 1456 3732; x_wconf 80' lang='lat' dir='ltr'><strong>Palatii</strong></span> <span class='ocrx_word' id='word_1_213' title='bbox 1472 3693 1690 3751; x_wconf 83' lang='lat' dir='ltr'><strong>repente</strong></span> 
     </span>
     <span class='ocr_line' id='line_1_34' title="bbox 685 3759 1690 3826; baseline 0.001 -15"><span class='ocrx_word' id='word_1_214' title='bbox 685 3759 912 3812; x_wconf 85' lang='lat' dir='ltr'><strong>diductis</strong></span> <span class='ocrx_word' id='word_1_215' title='bbox 931 3797 947 3824; x_wconf 87' lang='lat'>‚</span> <span class='ocrx_word' id='word_1_216' title='bbox 981 3761 1268 3812; x_wconf 63' lang='lat' dir='ltr'><strong>comitante</strong></span> <span class='ocrx_word' id='word_1_217' title='bbox 1298 3761 1463 3812; x_wconf 86' lang='lat' dir='ltr'><strong>Burro</strong></span> <span class='ocrx_word' id='word_1_218' title='bbox 1484 3797 1501 3826; x_wconf 85' lang='lat'><strong>‚</strong></span> <span class='ocrx_word' id='word_1_219' title='bbox 1543 3761 1690 3812; x_wconf 83' lang='lat' dir='ltr'><strong>Nero</strong></span> 
     </span>
     <span class='ocr_line' id='line_1_35' title="bbox 686 3837 1691 3910; baseline 0.002 -20"><span class='ocrx_word' id='word_1_220' title='bbox 686 3838 954 3910; x_wconf 77' lang='lat' dir='ltr'><strong>egreditur</strong></span> <span class='ocrx_word' id='word_1_221' title='bbox 978 3837 1045 3889; x_wconf 90' lang='lat' dir='ltr'><strong>ad</strong></span> <span class='ocrx_word' id='word_1_222' title='bbox 1069 3837 1343 3890; x_wconf 86' lang='lat' dir='ltr'><strong>cohortem</strong></span> <span class='ocrx_word' id='word_1_223' title='bbox 1358 3876 1374 3904; x_wconf 86' lang='lat'>‚</span> <span class='ocrx_word' id='word_1_224' title='bbox 1404 3857 1519 3910; x_wconf 79' lang='lat' dir='ltr'><strong>quae</strong></span> <span class='ocrx_word' id='word_1_225' title='bbox 1541 3859 1691 3892; x_wconf 81' lang='lat' dir='ltr'><strong>more</strong></span> 
     </span>
     <span class='ocr_line' id='line_1_36' title="bbox 687 3917 1693 3984; baseline 0.002 -14"><span class='ocrx_word' id='word_1_226' title='bbox 687 3917 885 3970; x_wconf 70' lang='lat' dir='ltr'><strong>militiae</strong></span> <span class='ocrx_word' id='word_1_227' title='bbox 902 3917 1137 3970; x_wconf 81' lang='lat' dir='ltr'><strong>excubiis</strong></span> <span class='ocrx_word' id='word_1_228' title='bbox 1157 3917 1322 3970; x_wconf 86' lang='lat' dir='ltr'><strong>adest.</strong></span> <span class='ocrx_word' id='word_1_229' title='bbox 1346 3918 1453 3984; x_wconf 85' lang='lat' dir='ltr'><strong>Ibi,</strong></span> <span class='ocrx_word' id='word_1_230' title='bbox 1473 3937 1693 3972; x_wconf 86' lang='lat' dir='ltr'><strong>monen-</strong></span> 
     </span>
     <span class='ocr_line' id='line_1_37' title="bbox 690 3996 1694 4062; baseline 0.003 -14"><span class='ocrx_word' id='word_1_231' title='bbox 690 4009 741 4048; x_wconf 86' lang='lat' dir='ltr'><strong>te</strong></span> <span class='ocrx_word' id='word_1_232' title='bbox 778 3997 1062 4062; x_wconf 65' lang='lat' dir='ltr'><strong>Praefecto,</strong></span> <span class='ocrx_word' id='word_1_233' title='bbox 1098 3997 1249 4048; x_wconf 83' lang='lat' dir='ltr'><strong>festis</strong></span> <span class='ocrx_word' id='word_1_234' title='bbox 1281 3996 1501 4048; x_wconf 83' lang='lat' dir='ltr'><strong>vocibus</strong></span> <span class='ocrx_word' id='word_1_235' title='bbox 1539 4017 1694 4050; x_wconf 79' lang='lat' dir='ltr'><strong>exce-</strong></span> 
     </span>
     <span class='ocr_line' id='line_1_38' title="bbox 689 4075 1696 4146; baseline 0.001 -19"><span class='ocrx_word' id='word_1_236' title='bbox 689 4089 813 4146; x_wconf 88' lang='lat' dir='ltr'><strong>ptus</strong></span> <span class='ocrx_word' id='word_1_237' title='bbox 833 4115 850 4142; x_wconf 86' lang='lat'><strong>‚</strong></span> <span class='ocrx_word' id='word_1_238' title='bbox 882 4075 1082 4128; x_wconf 82' lang='lat' dir='ltr'><strong>inditur</strong></span> <span class='ocrx_word' id='word_1_239' title='bbox 1106 4075 1321 4128; x_wconf 71' lang='lat' dir='ltr'><strong>lectione.</strong></span> <span class='ocrx_word' id='word_1_240' title='bbox 1356 4075 1696 4130; x_wconf 74' lang='lat' dir='ltr'><strong>Dubitavisse</strong></span> 
     </span>
     <span class='ocr_line' id='line_1_39' title="bbox 694 4157 1696 4229; baseline 0 -19"><span class='ocrx_word' id='word_1_241' title='bbox 694 4157 953 4228; x_wconf 85' lang='lat' dir='ltr'><strong>quosdam</strong></span> <span class='ocrx_word' id='word_1_242' title='bbox 982 4159 1195 4224; x_wconf 79' lang='lat' dir='ltr'><strong>ferunt,</strong></span> <span class='ocrx_word' id='word_1_243' title='bbox 1222 4170 1582 4229; x_wconf 75' lang='lat' dir='ltr'><strong>respectantes</strong></span> <span class='ocrx_word' id='word_1_244' title='bbox 1611 4177 1696 4210; x_wconf 87' lang='lat' dir='ltr'><strong>ro-</strong></span> 
     </span>
    </p>
   </div>
   <div class='ocr_carea' id='block_1_6' title="bbox 1773 2486 2792 3037">
    <p class='ocr_par' dir='ltr' id='par_1_10' title="bbox 1773 2486 2792 3037">
     <span class='ocr_line' id='line_1_40' title="bbox 1773 2486 2782 2560; baseline 0 -21"><span class='ocrx_word' id='word_1_245' title='bbox 1773 2488 2112 2560; x_wconf 78' lang='lat' dir='ltr'><strong>gitantesque</strong></span> <span class='ocrx_word' id='word_1_246' title='bbox 2123 2527 2142 2554; x_wconf 93' lang='lat'>‚</span> <span class='ocrx_word' id='word_1_247' title='bbox 2157 2486 2250 2540; x_wconf 84' lang='lat' dir='ltr'><strong>ubi</strong></span> <span class='ocrx_word' id='word_1_248' title='bbox 2265 2486 2596 2540; x_wconf 82' lang='lat' dir='ltr'><strong>Britannicus</strong></span> <span class='ocrx_word' id='word_1_249' title='bbox 2613 2498 2782 2540; x_wconf 81' lang='lat' dir='ltr'><strong>esset:</strong></span> 
     </span>
     <span class='ocr_line' id='line_1_41' title="bbox 1775 2566 2788 2634; baseline 0.002 -16"><span class='ocrx_word' id='word_1_250' title='bbox 1775 2585 1930 2633; x_wconf 86' lang='lat' dir='ltr'><strong>mox,</strong></span> <span class='ocrx_word' id='word_1_251' title='bbox 1967 2567 2120 2621; x_wconf 86' lang='lat' dir='ltr'><strong>nullo</strong></span> <span class='ocrx_word' id='word_1_252' title='bbox 2151 2571 2206 2620; x_wconf 89' lang='lat' dir='ltr'><strong>in</strong></span> <span class='ocrx_word' id='word_1_253' title='bbox 2231 2566 2497 2620; x_wconf 77' lang='lat' dir='ltr'><strong>diversum</strong></span> <span class='ocrx_word' id='word_1_254' title='bbox 2529 2581 2788 2634; x_wconf 83' lang='lat' dir='ltr'><strong>auctore,</strong></span> 
     </span>
     <span class='ocr_line' id='line_1_42' title="bbox 1777 2648 2787 2720; baseline 0 -18"><span class='ocrx_word' id='word_1_255' title='bbox 1777 2668 1892 2720; x_wconf 79' lang='lat' dir='ltr'><strong>quae</strong></span> <span class='ocrx_word' id='word_1_256' title='bbox 1907 2649 2302 2716; x_wconf 85' lang='lat' dir='ltr'><strong>offerebantur,</strong></span> <span class='ocrx_word' id='word_1_257' title='bbox 2317 2650 2488 2701; x_wconf 84' lang='lat' dir='ltr'><strong>secuti</strong></span> <span class='ocrx_word' id='word_1_258' title='bbox 2501 2661 2643 2700; x_wconf 80' lang='lat' dir='ltr'><strong>sunt.</strong></span> <span class='ocrx_word' id='word_1_259' title='bbox 2664 2648 2787 2702; x_wconf 82' lang='lat' dir='ltr'><strong>Illa-</strong></span> 
     </span>
     <span class='ocr_line' id='line_1_43' title="bbox 1777 2731 2789 2800; baseline 0 -20"><span class='ocrx_word' id='word_1_260' title='bbox 1777 2741 1970 2800; x_wconf 84' lang='lat' dir='ltr'><strong>tusque</strong></span> <span class='ocrx_word' id='word_1_261' title='bbox 1991 2731 2176 2782; x_wconf 81' lang='lat' dir='ltr'><strong>castris</strong></span> <span class='ocrx_word' id='word_1_262' title='bbox 2200 2731 2372 2795; x_wconf 83' lang='lat' dir='ltr'><strong>Nero,</strong></span> <span class='ocrx_word' id='word_1_263' title='bbox 2400 2742 2452 2781; x_wconf 86' lang='lat' dir='ltr'><strong>et</strong></span> <span class='ocrx_word' id='word_1_264' title='bbox 2477 2746 2789 2798; x_wconf 77' lang='lat' dir='ltr'><strong>congruen-</strong></span> 
     </span>
     <span class='ocr_line' id='line_1_44' title="bbox 1775 2809 2788 2880; baseline 0.003 -22"><span class='ocrx_word' id='word_1_265' title='bbox 1775 2809 1848 2859; x_wconf 86' lang='lat' dir='ltr'><strong>tia</strong></span> <span class='ocrx_word' id='word_1_266' title='bbox 1901 2811 2132 2880; x_wconf 86' lang='lat' dir='ltr'><strong>tempori</strong></span> <span class='ocrx_word' id='word_1_267' title='bbox 2179 2809 2432 2878; x_wconf 77' lang='lat' dir='ltr'><strong>praefatus</strong></span> <span class='ocrx_word' id='word_1_268' title='bbox 2453 2847 2468 2876; x_wconf 90' lang='lat'>,</span> <span class='ocrx_word' id='word_1_269' title='bbox 2519 2809 2788 2879; x_wconf 80' lang='lat' dir='ltr'><strong>promisso</strong></span> 
     </span>
     <span class='ocr_line' id='line_1_45' title="bbox 1777 2885 2791 2960; baseline 0.004 -24"><span class='ocrx_word' id='word_1_270' title='bbox 1777 2885 2068 2953; x_wconf 78' lang='lat' dir='ltr'><strong>donativo,</strong></span> <span class='ocrx_word' id='word_1_271' title='bbox 2113 2887 2180 2939; x_wconf 87' lang='lat' dir='ltr'><strong>ad</strong></span> <span class='ocrx_word' id='word_1_272' title='bbox 2215 2887 2514 2960; x_wconf 85' lang='lat' dir='ltr'><strong>exemplum</strong></span> <span class='ocrx_word' id='word_1_273' title='bbox 2550 2901 2791 2958; x_wconf 65' lang='lat' dir='ltr'><strong>paterna</strong></span> 
     </span>
     <span class='ocr_line' id='line_1_46' title="bbox 1775 2963 2792 3037; baseline 0.004 -23"><span class='ocrx_word' id='word_1_274' title='bbox 1775 2963 2100 3034; x_wconf 75' lang='lat' dir='ltr'><strong>largitionis,</strong></span> <span class='ocrx_word' id='word_1_275' title='bbox 2145 2969 2440 3037; x_wconf 81' lang='lat' dir='ltr'><strong>Imperator</strong></span> <span class='ocrx_word' id='word_1_276' title='bbox 2475 2966 2792 3018; x_wconf 75' lang='lat' dir='ltr'><strong>consaluta-</strong></span> 
     </span>
    </p>
   </div>
   <div class='ocr_carea' id='block_1_7' title="bbox 1756 3043 2794 3120">
    <p class='ocr_par' dir='ltr' id='par_1_11' title="bbox 1756 3043 2794 3120">
     <span class='ocr_line' id='line_1_47' title="bbox 1756 3043 2794 3120; baseline 0.006 -27"><span class='ocrx_word' id='word_1_277' title='bbox 1756 3057 1880 3120; x_wconf 77' lang='lat' dir='ltr'><strong>¹tur.</strong></span> <span class='ocrx_word' id='word_1_278' title='bbox 1903 3043 2230 3097; x_wconf 82' lang='lat' dir='ltr'><strong>Sententiam</strong></span> <span class='ocrx_word' id='word_1_279' title='bbox 2249 3046 2477 3098; x_wconf 85' lang='lat' dir='ltr'><strong>militum</strong></span> <span class='ocrx_word' id='word_1_280' title='bbox 2492 3059 2676 3099; x_wconf 83' lang='lat' dir='ltr'><strong>secuta</strong></span> <span class='ocrx_word' id='word_1_281' title='bbox 2695 3049 2794 3099; x_wconf 81' lang='lat' dir='ltr'><strong>Pa-</strong></span> 
     </span>
    </p>
   </div>
   <div class='ocr_carea' id='block_1_8' title="bbox 1775 3126 2802 4234">
    <p class='ocr_par' dir='ltr' id='par_1_12' title="bbox 1775 3126 2797 3587">
     <span class='ocr_line' id='line_1_48' title="bbox 1777 3126 2795 3188; baseline 0.005 -13"><span class='ocrx_word' id='word_1_282' title='bbox 1777 3137 1917 3176; x_wconf 88' lang='lat' dir='ltr'><strong>trum</strong></span> <span class='ocrx_word' id='word_1_283' title='bbox 1945 3127 2219 3188; x_wconf 83' lang='lat' dir='ltr'><strong>consulta3</strong></span> <span class='ocrx_word' id='word_1_284' title='bbox 2249 3145 2349 3179; x_wconf 86' lang='lat' dir='ltr'><strong>nec</strong></span> <span class='ocrx_word' id='word_1_285' title='bbox 2378 3126 2678 3179; x_wconf 70' lang='lat' dir='ltr'><strong>dubitatum</strong></span> <span class='ocrx_word' id='word_1_286' title='bbox 2707 3141 2795 3180; x_wconf 80' lang='lat' dir='ltr'><strong>est</strong></span> 
     </span>
     <span class='ocr_line' id='line_1_49' title="bbox 1777 3205 2790 3278; baseline 0.004 -23"><span class='ocrx_word' id='word_1_287' title='bbox 1777 3205 1923 3277; x_wconf 78' lang='lat' dir='ltr'><strong>apud</strong></span> <span class='ocrx_word' id='word_1_288' title='bbox 1959 3209 2274 3277; x_wconf 79' lang='lat' dir='ltr'><strong>provincias.</strong></span> <span class='ocrx_word' id='word_1_289' title='bbox 2298 3231 2321 3254; x_wconf 77' lang='grc' dir='ltr'><strong>ιι</strong></span> <span class='ocrx_word' id='word_1_290' title='bbox 2367 3207 2525 3260; x_wconf 84' lang='lat' dir='ltr'><strong>Conf.</strong></span> <span class='ocrx_word' id='word_1_291' title='bbox 2563 3205 2790 3278; x_wconf 75' lang='lat' dir='ltr'><strong>Joseph.</strong></span> 
     </span>
     <span class='ocr_line' id='line_1_50' title="bbox 1775 3285 2797 3358; baseline -0.001 -20"><span class='ocrx_word' id='word_1_292' title='bbox 1775 3285 1877 3338; x_wconf 78' lang='lat' dir='ltr'><strong>XX</strong></span> <span class='ocrx_word' id='word_1_293' title='bbox 1892 3321 1909 3350; x_wconf 88' lang='lat'>‚</span> <span class='ocrx_word' id='word_1_294' title='bbox 1933 3287 1984 3338; x_wconf 84' lang='grc'><strong>8.</strong></span> <span class='ocrx_word' id='word_1_295' title='bbox 2005 3315 2080 3325; x_wconf 94' lang='lat'>-</span> <span class='ocrx_word' id='word_1_296' title='bbox 2095 3287 2168 3338; x_wconf 77' lang='lat' dir='ltr'><strong>Et</strong></span> <span class='ocrx_word' id='word_1_297' title='bbox 2189 3287 2312 3338; x_wconf 77' lang='lat' dir='ltr'><strong>inde</strong></span> <span class='ocrx_word' id='word_1_298' title='bbox 2331 3289 2523 3358; x_wconf 76' lang='lat' dir='ltr'><strong>raptim</strong></span> <span class='ocrx_word' id='word_1_299' title='bbox 2545 3285 2797 3357; x_wconf 78' lang='lat' dir='ltr'><strong>appella-</strong></span> 
     </span>
     <span class='ocr_line' id='line_1_51' title="bbox 1779 3364 2796 3438; baseline 0.001 -21"><span class='ocrx_word' id='word_1_300' title='bbox 1779 3364 1846 3417; x_wconf 71' lang='lat' dir='ltr'><strong>tis</strong></span> <span class='ocrx_word' id='word_1_301' title='bbox 1871 3364 2155 3426; x_wconf 76' lang='lat' dir='ltr'><strong>militibus,·</strong></span> <span class='ocrx_word' id='word_1_302' title='bbox 2183 3365 2237 3416; x_wconf 83' lang='lat' dir='ltr'><strong>h.</strong></span> <span class='ocrx_word' id='word_1_303' title='bbox 2265 3385 2311 3417; x_wconf 88' lang='lat' dir='ltr'><strong>e.</strong></span> <span class='ocrx_word' id='word_1_304' title='bbox 2339 3379 2462 3438; x_wconf 86' lang='lat' dir='ltr'><strong>post</strong></span> <span class='ocrx_word' id='word_1_305' title='bbox 2485 3367 2696 3418; x_wconf 80' lang='lat' dir='ltr'><strong>brevem</strong></span> <span class='ocrx_word' id='word_1_306' title='bbox 2721 3365 2796 3418; x_wconf 81' lang='lat' dir='ltr'><strong>sd</strong></span> 
     </span>
     <span class='ocr_line' id='line_1_52' title="bbox 1779 3444 2792 3517; baseline 0.002 -21"><span class='ocrx_word' id='word_1_307' title='bbox 1779 3444 1973 3496; x_wconf 83' lang='lat' dir='ltr'><strong>milites</strong></span> <span class='ocrx_word' id='word_1_308' title='bbox 1999 3447 2294 3498; x_wconf 82' lang='lat' dir='ltr'><strong>orationem</strong></span> <span class='ocrx_word' id='word_1_309' title='bbox 2311 3483 2329 3511; x_wconf 90' lang='lat'><strong>.,</strong></span> <span class='ocrx_word' id='word_1_310' title='bbox 2355 3460 2456 3498; x_wconf 88' lang='lat' dir='ltr'><strong>etc.</strong></span> <span class='ocrx_word' id='word_1_311' title='bbox 2476 3445 2559 3497; x_wconf 84' lang='lat' dir='ltr'><strong>Cf.</strong></span> <span class='ocrx_word' id='word_1_312' title='bbox 2584 3445 2792 3517; x_wconf 84' lang='lat' dir='ltr'><strong>Xiphil.</strong></span> 
     </span>
     <span class='ocr_line' id='line_1_53' title="bbox 1779 3522 1998 3587; baseline -0.009 -13"><span class='ocrx_word' id='word_1_313' title='bbox 1779 3522 1922 3587; x_wconf 75' lang='lat' dir='ltr'><strong>Lxl,</strong></span> <span class='ocrx_word' id='word_1_314' title='bbox 1948 3523 1998 3576; x_wconf 85' lang='lat'><strong>3.</strong></span> 
     </span>
    </p>

    <p class='ocr_par' dir='ltr' id='par_1_13' title="bbox 1781 3603 2802 4234">
     <span class='ocr_line' id='line_1_54' title="bbox 1851 3603 2800 3658; baseline 0.002 -4"><span class='ocrx_word' id='word_1_315' title='bbox 1851 3605 1942 3656; x_wconf 84' lang='lat' dir='ltr'><strong>IX.</strong></span> <span class='ocrx_word' id='word_1_316' title='bbox 1989 3621 2035 3656; x_wconf 83' lang='grc' dir='ltr'><strong>ι.</strong></span> <span class='ocrx_word' id='word_1_317' title='bbox 2069 3604 2346 3657; x_wconf 78' lang='lat' dir='ltr'><strong>claudium</strong></span> <span class='ocrx_word' id='word_1_318' title='bbox 2359 3642 2516 3658; x_wconf 91' lang='grc'><strong>.....</strong></span> <span class='ocrx_word' id='word_1_319' title='bbox 2557 3603 2800 3658; x_wconf 71' lang='lat' dir='ltr'><strong>laudavit</strong></span> 
     </span>
     <span class='ocr_line' id='line_1_55' title="bbox 1781 3683 2798 3756; baseline -0.003 -20"><span class='ocrx_word' id='word_1_320' title='bbox 1781 3684 2214 3756; x_wconf 77' lang='lat' dir='ltr'><strong>consecravitque.</strong></span> <span class='ocrx_word' id='word_1_321' title='bbox 2236 3685 2404 3736; x_wconf 87' lang='lat' dir='ltr'><strong>Tacit.</strong></span> <span class='ocrx_word' id='word_1_322' title='bbox 2429 3683 2620 3735; x_wconf 80' lang='lat' dir='ltr'><strong>Annal.</strong></span> <span class='ocrx_word' id='word_1_323' title='bbox 2642 3683 2798 3748; x_wconf 84' lang='lat' dir='ltr'><strong>xm,</strong></span> 
     </span>
     <span class='ocr_line' id='line_1_56' title="bbox 1783 3762 2799 3832; baseline -0.001 -18"><span class='ocrx_word' id='word_1_324' title='bbox 1783 3763 1816 3814; x_wconf 88' lang='grc'>3</span> <span class='ocrx_word' id='word_1_325' title='bbox 1845 3782 1858 3812; x_wconf 83' lang='lat'><em>=</em></span> <span class='ocrx_word' id='word_1_326' title='bbox 1899 3785 1921 3808; x_wconf 77' lang='grc' dir='ltr'>ι</span> <span class='ocrx_word' id='word_1_327' title='bbox 1941 3763 2040 3815; x_wconf 90' lang='lat' dir='ltr'><strong>Die</strong></span> <span class='ocrx_word' id='word_1_328' title='bbox 2064 3762 2265 3814; x_wconf 79' lang='lat' dir='ltr'><strong>funeris</strong></span> <span class='ocrx_word' id='word_1_329' title='bbox 2291 3762 2649 3813; x_wconf 81' lang='lat' dir='ltr'><strong>laudationem</strong></span> <span class='ocrx_word' id='word_1_330' title='bbox 2675 3763 2799 3832; x_wconf 72' lang='lat' dir='ltr'><strong>ejtas</strong></span> 
     </span>
     <span class='ocr_line' id='line_1_57' title="bbox 1783 3841 2802 3913; baseline -0.002 -19"><span class='ocrx_word' id='word_1_331' title='bbox 1783 3843 2036 3913; x_wconf 87' lang='lat' dir='ltr'><strong>Princeps</strong></span> <span class='ocrx_word' id='word_1_332' title='bbox 2051 3859 2269 3894; x_wconf 84' lang='lat' dir='ltr'><strong>exorsus</strong></span> <span class='ocrx_word' id='word_1_333' title='bbox 2284 3855 2379 3892; x_wconf 84' lang='lat' dir='ltr'><strong>est.</strong></span> <span class='ocrx_word' id='word_1_334' title='bbox 2401 3843 2540 3893; x_wconf 84' lang='lat' dir='ltr'><strong>Dum</strong></span> <span class='ocrx_word' id='word_1_335' title='bbox 2560 3841 2802 3911; x_wconf 84' lang='lat' dir='ltr'><strong>antiqui-</strong></span> 
     </span>
     <span class='ocr_line' id='line_1_58' title="bbox 1786 3920 2802 3994; baseline 0 -22"><span class='ocrx_word' id='word_1_336' title='bbox 1786 3935 1946 3974; x_wconf 80' lang='lat' dir='ltr'><strong>tatem</strong></span> <span class='ocrx_word' id='word_1_337' title='bbox 1977 3925 2215 3994; x_wconf 69' lang='lat' dir='ltr'><strong>generis,</strong></span> <span class='ocrx_word' id='word_1_338' title='bbox 2239 3920 2575 3985; x_wconf 77' lang='lat' dir='ltr'><strong>consulatus,</strong></span> <span class='ocrx_word' id='word_1_339' title='bbox 2603 3939 2666 3972; x_wconf 88' lang='lat' dir='ltr'><strong>ac</strong></span> <span class='ocrx_word' id='word_1_340' title='bbox 2697 3923 2802 3972; x_wconf 81' lang='lat' dir='ltr'><strong>tri-</strong></span> 
     </span>
     <span class='ocr_line' id='line_1_59' title="bbox 1784 4001 2802 4074; baseline -0.005 -18"><span class='ocrx_word' id='word_1_341' title='bbox 1784 4001 2016 4074; x_wconf 81' lang='lat' dir='ltr'><strong>umphos</strong></span> <span class='ocrx_word' id='word_1_342' title='bbox 2040 4005 2300 4073; x_wconf 77' lang='lat' dir='ltr'><strong>nnajorum</strong></span> <span class='ocrx_word' id='word_1_343' title='bbox 2323 4001 2696 4068; x_wconf 79' lang='lat' dir='ltr'><strong>enumerabat,</strong></span> <span class='ocrx_word' id='word_1_344' title='bbox 2717 4002 2802 4052; x_wconf 87' lang='lat' dir='ltr'><strong>in·</strong></span> 
     </span>
     <span class='ocr_line' id='line_1_60' title="bbox 1785 4078 2800 4152; baseline -0.003 -18"><span class='ocrx_word' id='word_1_345' title='bbox 1785 4095 1962 4134; x_wconf 84' lang='lat' dir='ltr'><strong>tentus</strong></span> <span class='ocrx_word' id='word_1_346' title='bbox 2005 4085 2118 4152; x_wconf 83' lang='lat' dir='ltr'><strong>ipse</strong></span> <span class='ocrx_word' id='word_1_347' title='bbox 2161 4096 2212 4135; x_wconf 89' lang='lat' dir='ltr'><strong>et</strong></span> <span class='ocrx_word' id='word_1_348' title='bbox 2253 4083 2414 4134; x_wconf 86' lang='lat' dir='ltr'><strong>ceteri</strong></span> <span class='ocrx_word' id='word_1_349' title='bbox 2435 4103 2450 4144; x_wconf 73' lang='grc' dir='ltr'><strong>ς</strong></span> <span class='ocrx_word' id='word_1_350' title='bbox 2493 4078 2800 4133; x_wconf 78' lang='lat' dir='ltr'><strong>liberalium</strong></span> 
     </span>
     <span class='ocr_line' id='line_1_61' title="bbox 1787 4163 2802 4234; baseline -0.002 -20"><span class='ocrx_word' id='word_1_351' title='bbox 1787 4181 2006 4234; x_wconf 80' lang='lat' dir='ltr'><strong>quoque</strong></span> <span class='ocrx_word' id='word_1_352' title='bbox 2019 4164 2209 4214; x_wconf 81' lang='lat' dir='ltr'><strong>artium</strong></span> <span class='ocrx_word' id='word_1_353' title='bbox 2231 4163 2669 4214; x_wconf 81' lang='lat' dir='ltr'><strong>commemoratio</strong></span> <span class='ocrx_word' id='word_1_354' title='bbox 2682 4197 2700 4225; x_wconf 88' lang='lat'>‚</span> <span class='ocrx_word' id='word_1_355' title='bbox 2723 4173 2802 4228; x_wconf 83' lang='lat' dir='ltr'><strong>et,</strong></span> 
     </span>
    </p>
   </div>
  </div>
 </body>
</html>
