3050 5004
662 496 791 576 434
1426 489 1499 552 e.
1553 487 2018 554 SUEToNu

656 642 949 717 puerum
985 622 1270 687 Romam
1300 614 1660 685 advectum
1678 669 1695 700 ,
1730 614 2138 685 Alexandria
2167 622 2436 709 capta),
2473 617 2790 687 studiose

658 750 729 803 et
755 729 969 800 audiit
1002 746 1071 797 et
1104 730 1405 797 imitatus
1444 744 1550 795 est
1585 726 1979 797 Cornelium
2015 724 2478 795 Alexandrum
2491 780 2509 811 ,
2541 731 2792 797 Gram-

657 847 985 915 maticum
1022 844 1370 909 Graecum:
1416 863 1627 935 quem
1670 855 1952 933 propter
1997 841 2420 935 antiquitatis
2465 843 2795 909 notitiam

658 955 1123 1046 polyhistor-em
1149 948 1347 1019 multi
1364 1000 1381 1031 ,
1415 949 1698 1045 quidam
1725 951 2082 1016 Historiam
2113 947 2466 1017 vocabant.
2499 949 2798 1019 Proefuit

662 1067 978 1137 Palatinae
1002 1062 1456 1133 bibliothecae:
1480 1086 1610 1130 nec
1635 1084 1716 1129 eo
1739 1063 1957 1131 secius
1982 1061 2314 1154 plurimos
2339 1062 2598 1131 docuit:
2621 1064 2798 1132 fuit-

661 1203 795 1274 que
828 1175 1389 1245 familiarissimus
1412 1173 1652 1241 ovidio
1685 1189 1904 1266 poetae
1920 1227 1936 1256 ‚
1974 1190 2040 1241 et
2067 1177 2228 1242 Caio
2255 1175 2514 1242 Licinio
2535 1198 2796 1243 consu-

659 1290 819 1371 lari,
858 1288 1206 1372 historico3
1244 1288 1365 1381 qui
1396 1310 1556 1355 eum
1591 1283 1960 1354 admodum
1997 1308 2370 1379 pauperem
2409 1284 2798 1357 decessisse

664 1402 897 1485 tradit,
944 1416 1011 1469 et
1060 1396 1457 1467 liberalitate
1500 1420 1657 1481 sua,
1705 1394 1930 1491 quoad
1977 1399 2254 1481 vixerit,
2297 1414 2791 1467 sustentatum.

664 1510 885 1606 Hujus
919 1510 1200 1587 libertus
1228 1509 1359 1575 fuit
1384 1505 1605 1575 Julius
1635 1506 1984 1575 Modestus
2005 1560 2022 1589 ,
2052 1509 2124 1574 in
2153 1506 2396 1577 studiis
2423 1524 2626 1603 atque
2659 1508 2798 1579 do*

662 1626 882 1693 ctrina
902 1624 1185 1715 vestigia
1206 1620 1474 1713 patroni
1498 1635 1795 1686 secutus.

752 1737 931 1803 XXI.
982 1736 1057 1801 C.
1084 1736 1441 1811 Mensam,
1468 1728 1724 1823 Spoleti
1749 1744 1950 1797 natus
1971 1782 1988 1813 ,
2017 1733 2352 1822 ingenuus
2371 1780 2388 1813 ,
2421 1728 2541 1798 sed
2563 1730 2656 1799 ob
2689 1730 2800 1799 di·

664 1846 998 1917 scordiam
1033 1860 1399 1938 parentum
1436 1845 1784 1934 expositus
1805 1894 1824 1925 ,
1867 1866 2034 1910 cura
2067 1858 2135 1910 et
2169 1840 2500 1910 industria
2535 1841 2795 1912 edum-

666 1962 831 2027 toris
861 1961 966 2026 sui
997 1940 1235 2025 altiora
1272 1952 1496 2023 studia
1530 1958 1864 2047 percepit,
1900 1978 1978 2023 ac
2010 1958 2363 2023 Maecenati
2389 1979 2515 2049 pro
2541 1958 2796 2027 Gram-

664 2072 912 2137 matico
942 2068 1211 2135 muneri
1254 2062 1453 2131 datus
1498 2078 1623 2131 est.
1661 2066 1790 2131 Cui
1823 2088 2040 2158 quum
2073 2088 2148 2133 se
2187 2080 2458 2157 gmtum
2490 2081 2560 2134 et
2601 2091 2800 2135 acce-

666 2195 863 2274 ptum
886 2181 957 2247 in
978 2175 1261 2245 modum
1283 2177 1483 2243 amici
1506 2154 1806 2258 videret,
1839 2199 2258 2277 quamquam
2278 2192 2622 2246 asserente
2647 2202 2800 2245 ma-

666 2310 805 2376 tre,
840 2291 1216 2385 permansit
1246 2304 1477 2355 tamen
1510 2290 1583 2354 in
1617 2304 1796 2356 statu
1831 2291 2208 2371 servitutis,
2243 2305 2796 2386 praesentemque

664 2400 1130 2474 conditionem
1172 2424 1349 2469 verae
1388 2398 1633 2493 origini
1673 2401 2078 2493 anteposuit.
2119 2404 2343 2487 Quare
2379 2404 2513 2470 cito
2553 2428 2798 2471 manu-

674 2518 954 2598 missuS,
1000 2519 1303 2604 Augusto
1354 2513 1558 2578 etiam
1599 2512 1981 2578 insinuatus
2029 2528 2168 2594 est;
2211 2535 2351 2606 quo
2397 2511 2794 2608 delegante,

668 2648 911 2696 curam
939 2618 1472 2692 ordinandarum
1502 2619 2066 2690 bibliothecarum
2095 2623 2166 2689 in
2194 2624 2491 2692 octaviae
2523 2627 2799 2717 porticu

678 2739 997 2829 suscepit.
1035 2741 1285 2829 Atque,
1326 2751 1403 2800 ut
1441 2737 1590 2827 ipse
1623 2733 1828 2801 tradit
1851 2785 1868 2816 ,
1907 2737 2400 2826 sexagesimum
2433 2737 2646 2804 aetatis
2677 2761 2798 2804 an·

678 2869 849 2916 num
871 2868 1078 2938 agens
1093 2897 1109 2928 ,
1134 2841 1401 2912 libellos
1426 2845 1854 2937 meptiarum,
1887 2847 2006 2939 qui
2030 2869 2218 2914 nunc
2239 2845 2536 2911 Iocorum
2559 2847 2800 2914 inscri-

678 2959 971 3038 buntur,
994 2977 1403 3047 componere
1422 2956 1742 3022 instituit:
1768 2952 2192 3050 absolvitque
2215 2971 2489 3024 centum
2513 2974 2580 3025 et
2601 2959 2798 3052 quin-

684 3070 1005 3163 quaginta
1018 3118 1035 3149 ,
1062 3063 1309 3160 quibus
1329 3080 1398 3133 et
1414 3061 1583 3134 alios
1602 3065 1852 3133 diversi
1875 3067 2098 3159 operis
2117 3082 2349 3159 postea
2371 3065 2650 3134 addidit.
2675 3071 2798 3135 Fe-

682 3182 777 3250 cit
805 3195 873 3246 et
898 3197 1153 3244 novum
1181 3196 1393 3267 genus
1421 3179 1836 3268 Togatarum
1855 3185 1900 3260 ¹,
1926 3177 2403 3272 inscripsitque
2437 3177 2791 3244 Trabeatas.

778 3291 991 3360 xxu.
1042 3293 1136 3356 M.
1171 3291 1554 3356 Pomromus
1578 3293 2008 3372 MARCELLUS,
2039 3291 2375 3359 sermonis
2397 3291 2622 3358 Latini
2649 3313 2794 3358 exa-

684 3423 837 3475 ctor
872 3401 1390 3472 molestissimus
1409 3455 1427 3486 ,
1464 3404 1535 3468 in
1565 3401 2001 3470 advocatione
2030 3400 2325 3495 quadam
2365 3405 2565 3488 (nam
2593 3403 2796 3468 inter-

692 3517 859 3586 dum
886 3530 955 3584 et
980 3535 1217 3583 causas
1241 3509 1512 3604 agebat)
1541 3511 1996 3582 soloecismum
2023 3511 2109 3579 ab
2133 3511 2518 3582 adversario
2543 3511 2794 3582 factum

693 3652 913 3725 usque
936 3623 1105 3694 adeo
1128 3647 1411 3717 arguere
1433 3626 1916 3718 perseveravit,
1941 3621 2163 3718 quoad
2189 3625 2457 3691 Cassius
2480 3627 2762 3693 Severus
2776 3677 2792 3707 ,

692 3737 1137 3833 interpellatis
1177 3733 1520 3827 judicibus
1541 3788 1558 3819 ,
1607 3735 1997 3804 dilationem
2039 3737 2267 3827 petiit:
2328 3766 2354 3795 κ
2383 3753 2462 3803 ut
2508 3734 2798 3829 litigator

764 3957 1243 4012 xx1.1.No1um
1272 3975 1435 4030 genus
1468 3957 1730 4030 Toyatar
1791 3975 1912 4027 cap.
1948 3955 2036 4022 14,
2065 3969 2118 4007 et
2147 3957 2290 4028 Lips.
2321 3956 2392 4008 ad
2413 3959 2586 4010 Tacit.
2609 3957 2793 4011 Amul.

696 4057 847 4099 rum,-
889 4034 1089 4090 scilicet
1128 4034 1448 4088 fabularum.
1494 4035 1703 4088 Trabeoe
1789 4037 1890 4102 111,
1925 4036 2012 4106 a),
2041 4035 2190 4108 quod
2213 4037 2388 4091 faeere
2415 4051 2596 4111 potest
2627 4038 2732 4090 ad·
2719 4057 2798 4091 m-

698 4118 765 4171 ab
808 4113 1125 4188 Equm‘bus,
1170 4129 1219 4168 et
1256 4117 1311 4168 in
1352 4113 1501 4168 luctu
1543 4116 1700 4166 etiam
1791 4111 2094 4185 dagandnm
2109 4117 2338 4170 nominis
2359 4119 2486 4170 novi
2501 4117 2794 4170 fabul-mm

694 4195 1043 4268 gestabantur
1088 4192 1247 4264 (vide
1296 4209 1459 4264 supra
1502 4193 1698 4245 Domit.
1789 4197 2000 4264 generis
2025 4213 2260 4249 causam.
