3050 5004
724 474 857 554 480
1541 397 2040 534 ΕΒΝΕΞῚἮι

718 596 1074 651 credebantur
1096 609 1151 648 et
1176 593 1431 648 illustrari
1458 593 1800 665 suscipiendo
1829 591 2128 646 consulatu.
2163 595 2292 648 Non
2321 612 2462 666 ergo
2487 595 2702 650 fefellit
2731 597 2862 650 Sue-

718 682 923 731 tonium
944 677 1199 730 memoria
1222 678 1278 728 in
1300 673 1393 726 illo
1417 673 1628 728 matidii
1647 673 1790 726 loco.

1270 1081 2019 1180 EXCURSUS
2103 1083 2251 1178 IV

1128 1324 1264 1394 AD
1317 1322 2001 1408 CALIGULAM,
2055 1322 2225 1393 CAP.
2294 1343 2408 1420 ¹7·

716 1798 823 1883 Ex
852 1828 1091 1883 omnibus
1117 1827 1243 1878 duos
1274 1825 1575 1878 novissimos
1601 1823 1893 1896 conjunxit.
1925 1821 2169 1876 Difficilis
2199 1821 2387 1892 locus,
2427 1826 2694 1897 quicquid
2727 1843 2848 1881 sta·

715 1924 865 1978 tuas,
891 1927 1011 1960 cum
1036 1908 1249 1958 Petavio
1276 1917 1327 1956 et
1351 1906 1511 1974 Pugio
1530 1942 1546 1969 ,
1573 1903 1854 1974 legendum
1881 1914 2004 1968 tres,
2030 1915 2084 1955 et
2113 1902 2336 1955 alterum
2361 1904 2711 1957 consulatum
2739 1927 2848 1979 po-

714 1989 949 2044 nendum
974 1989 1026 2039 in
1052 1989 1111 2037 A.
1140 1989 1205 2038 U.
1232 1985 1533 2048 DCCxcu‚
1563 1997 1622 2035 ut
1647 1985 1839 2054 privati
1863 1983 2059 2035 fuerint
2081 1983 2336 2037 Consules
2361 1984 2426 2035 A.
2453 1987 2518 2036 U.
2537 1985 2842 2039 DCCXCI:

714 2073 823 2124 sive
856 2069 1127 2140 vulgatum
1168 2081 1371 2128 serves,
1406 2077 1457 2114 et
1490 2063 1717 2114 alterum
1749 2061 2086 2114 consulatum
2121 2063 2324 2114 tribuas
2355 2065 2419 2114 A.
2455 2065 2521 2115 U.
2549 2063 2842 2119 Dccxct.

712 2153 849 2203 Nam
874 2147 969 2199 has
994 2158 1166 2218 partes
1191 2145 1233 2196 si
1264 2161 1513 2214 sequare,
1549 2145 1706 2195 etiam
1737 2141 1845 2194 duo
1877 2145 2036 2214 primi
2067 2145 2340 2212 conjuncti
2373 2157 2525 2210 sunt,
2562 2147 2850 2218 quicquid

710 2228 1023 2283 Torrentius
1053 2223 1226 2288 dicat,
1265 2221 1369 2272 boc
1400 2235 1509 2286 est,
1548 2220 1760 2273 duobus
1790 2221 2060 2273 continuis
2090 2222 2242 2274 annis
2277 2223 2430 2292 gesti.
2467 2223 2556 2274 Sin
2599 2241 2848 2296 sequare

710 2310 960 2378 Paginm,
992 2305 1247 2356 Latinitas
1277 2315 1327 2353 et
1358 2319 1544 2353 sensus
1576 2319 1688 2352 non
1717 2300 1926 2352 videtur
1956 2301 2099 2371 pati:
2125 2319 2191 2351 ex
2211 2302 2450 2354 omnibus
2478 2301 2562 2370 (h.
2601 2321 2651 2353 c.
2689 2325 2848 2376 qua-

712 2387 864 2458 tuor)
889 2383 1272 2446 consulatibus,
1304 2394 1401 2434 tres
1422 2381 1661 2452 (tantum
1682 2403 1698 2432 .·
1733 2399 1852 2432 nam
1883 2379 1936 2431 id
1960 2379 2115 2449 jubet
2141 2379 2434 2450 intelligere
2463 2377 2518 2432 ‘ro'
2545 2385 2846 2454 omnibus)

710 2468 1011 2523 novissimos
1030 2463 1317 2537 conjunxit.
1338 2463 1569 2515 Dixisset
1589 2463 1746 2513 etiam
1772 2461 1996 2513 fortasse
2017 2462 2349 2533 posteriores,
2371 2479 2484 2513 non
2504 2463 2843 2519 novissimos,

708 2550 885 2619 Atque
908 2545 1011 2597 hoc
1036 2544 1243 2595 videtur
1264 2542 1380 2612 ipse
1404 2554 1530 2613 post
1553 2542 1780 2592 sensisse
1807 2542 2012 2609 pagius.
2037 2540 2172 2591 Nam
2199 2557 2364 2609 quum
2384 2542 2438 2591 in
2462 2542 2681 2592 Dissert.
2715 2545 2842 2616 Hy-

708 2630 887 2698 patica
912 2628 987 2677 sic
1015 2623 1195 2675 locum
1220 2623 1593 2699 proposuerit:
1626 2640 1688 2671 ex
1713 2620 1948 2673 omnibus
1977 2630 2070 2671 tres
2100 2620 2398 2674 novissimos
2422 2622 2701 2693 conjunxit
2721 2644 2742 2671 .-
2779 2628 2840 2678 in

709 2708 835 2760 Crit.
872 2708 1060 2758 Baron.
1092 2702 1160 2755 ad
1189 2704 1253 2753 A.
1286 2704 1349 2753 U.
1381 2702 1659 2753 DCCXCH
1694 2699 1859 2752 dicit:
1894 2701 2164 2752 Norisium
2197 2702 2252 2751 in
2281 2701 2518 2773 Epistola
2548 2703 2840 2757 consulari

706 2786 968 2858 probasse
988 2803 1137 2837 suum
1160 2781 1584 2835 emendationem
1604 2803 1616 2832 ε
1639 2798 1702 2833 ex
1719 2782 1956 2833 omnibus
1979 2791 2075 2833 tres
2093 2779 2382 2833 ordinm-ios
2400 2782 2690 2853 conjunxit.
2717 2784 2836 2837 Sed

706 2870 783 2919 ita
812 2880 989 2919 manet
1012 2863 1297 2917 difficultas
1324 2866 1377 2915 in
1402 2863 1563 2915 verbo
1589 2862 1858 2915 omnibus.-
1885 2861 2079 2915 deinde
2101 2864 2295 2914 frustra
2322 2862 2533 2914 additur
2558 2872 2691 2925 tres,
2729 2869 2830 2935 qui

706 2966 961 3000 numerus
980 2965 1079 3017 per
1100 2964 1157 2998 se
1178 2944 1506 3013 intelligitur,
1534 2944 1578 2995 si
1602 2942 1900 2995 ordinarius
1925 2945 2125 3015 primus
2145 2945 2200 2993 in
2227 2944 2290 2995 A.
2317 2946 2380 2995 U.
2413 2942 2686 2995 Dccxcn
2711 2945 2830 2997 itti-

706 3043 890 3099 gatur:
926 3027 1187 3096 denique,
1224 3044 1323 3095 pro
1347 3026 1473 3077 duos
1501 3024 1803 3077 novissimos
1831 3024 2005 3095 legere
2031 3036 2126 3076 tres
2149 3024 2463 3085 ordinarios,
2492 3036 2572 3075 est
2595 3026 2702 3075 vim
2737 3028 2826 3079 fa-

706 3128 843 3161 cere.
870 3109 1056 3193 Itaque
1084 3106 1330 3177 proclivis
1354 3122 1471 3155 sum
1493 3107 1548 3155 in
1573 3105 1712 3156 hanc
1736 3106 2080 3171 sententiam,
2105 3116 2164 3155 ut
2193 3102 2472 3173 legendum
2500 3118 2687 3175 putem
2706 3126 2724 3155 z
2755 3126 2826 3157 es

706 3189 981 3243 ordinariis
1003 3188 1127 3240 duos
1150 3184 1447 3238 novissimos
1464 3186 1751 3257 conjunxit.
1777 3187 1852 3237 lta
1877 3187 2113 3238 panvinii
2135 3182 2266 3235 ordo
2289 3185 2579 3237 Consulum
2605 3202 2822 3251 manet,

703 3270 961 3321 Latinitas
984 3280 1125 3319 recte
1150 3284 1206 3317 se
1238 3264 1429 3331 habet,
1462 3277 1515 3315 et
1549 3266 1674 3315 fecit
1705 3265 1990 3317 Suetonius
2021 3265 2102 3330 id,
2141 3262 2288 3335 quod
2325 3264 2659 3317 Burmannus
2687 3285 2820 3318 eum

704 3348 881 3400 facere
906 3346 1155 3397 debuisse
1180 3342 1337 3409 dicit,
1362 3356 1422 3394 ut
1442 3342 1753 3395 consulatus
1774 3344 1886 3395 Caii
1911 3342 2202 3395 distinxerit
2221 3346 2274 3396 in
2303 3362 2468 3395 unum
2491 3344 2818 3411 suffectum,

705 3438 757 3478 et
780 3440 887 3479 tres
912 3424 1223 3477 ordinarios,
1250 3421 1554 3474 Ordinarius
1571 3420 1868 3473 consulatus
1887 3435 1964 3472 est
1987 3421 2138 3473 Galb.
2163 3440 2284 3491 cap.
2305 3420 2367 3487 6,
2391 3422 2583 3473 Domit.
2606 3441 2729 3493 cap.
2761 3440 2815 3475 2.

703 3506 913 3576 Quodsi
936 3524 1057 3557 cum
1082 3502 1265 3576 Pighio
1283 3540 1300 3569 ‚
1328 3502 1484 3571 Pugio
1500 3538 1517 3566 ‚
1551 3502 1776 3572 aliisque
1805 3504 2082 3554 Fastorum
2110 3502 2584 3555 concinnatoribus
2607 3516 2660 3554 et
2685 3520 2816 3555 cor-

705 3587 997 3639 rectoribus
1020 3584 1309 3639 secundum
1333 3580 1673 3635 consulatum
1689 3621 1706 3649 ,
1732 3596 1950 3653 propter
1974 3586 2159 3636 Dionis
2183 3596 2236 3635 et
2260 3584 2596 3655 antiquorum
2621 3584 2665 3633 F
2665 3598 2815 3635 asto-

704 3686 821 3719 rum
846 3669 1240 3731 auctoritatem,
1268 3663 1436 3735 illiges
1464 3665 1528 3716 A.
1564 3668 1631 3717 U.
1657 3662 1962 3730 DCCXCn,
1993 3662 2153 3735 idque
2185 3677 2390 3716 rectum
2423 3681 2536 3715 esse
2562 3678 2810 3730 constet,

704 3746 884 3797 malim
908 3745 1217 3798 Suetonium
1241 3742 1451 3813 lapsum
1474 3740 1722 3809 credere,
1760 3744 2148 3809 cum'l’etavio‚
2172 3744 2354 3794 Doctr.
2386 3743 2569 3815 Temp.
2600 3741 2696 3793 lib.
2721 3744 2805 3801 X,

706 3842 821 3898 cap.
846 3828 905 3892 8,
930 3824 1075 3898 quod
1098 3824 1209 3877 fieri
1230 3826 1406 3896 potuit
1422 3862 1438 3892 ,
1470 3842 1630 3895 quam
1655 3822 1883 3895 aliquem
1903 3842 2116 3878 sensum
2145 3823 2448 3893 admittere,
2476 3842 2635 3891 quem
2658 3824 2808 3875 Lati-

704 3908 842 3959 nitas
866 3926 975 3959 non
997 3908 1248 3977 patiatur.
