3050 5004
1008 518 1680 588 VESPASIANUS.
2265 517 2398 586 355

302 648 510 732 tebat;
542 672 623 717 ac
649 644 817 723 dum
844 644 1289 729 salutabatur,
1319 662 1387 714 et
1414 644 1742 715 calciabat
1765 647 1912 737 ipse
1939 668 2087 713 sese
2105 698 2124 729 ‚
2149 662 2219 713 et
2237 650 2406 714 ami-

296 761 545 830 ciebat:
567 776 855 855 postque
872 756 1099 827 decisa
1116 810 1134 841 ,
1160 780 1590 853 quaecunque
1608 756 2044 825 obvenissent
2060 808 2078 839 ,
2103 760 2374 851 negotia
2387 811 2406 836 ‚

298 875 680 967 gestationi,
706 887 773 939 et
794 870 953 939 inde
978 872 1187 967 quieti
1211 870 1495 939 vacabat
1509 922 1529 949 ‚
1549 867 1923 938 accubante
1947 868 2175 965 aliqua
2196 869 2408 964 palla-

294 1008 525 1052 carum
545 1036 562 1067 ,
590 1004 761 1077 quas
788 984 858 1049 in
882 980 1109 1048 locum
1136 977 1477 1048 defunctae
1498 978 1790 1049 Caenidis
1814 977 2142 1072 plurimas
2167 984 2412 1048 consti-

296 1110 512 1162 tuerat
550 1118 567 1161 :
607 1118 650 1161 a
684 1089 983 1162 secreto³
1020 1094 1091 1160 in
1133 1090 1475 1160 balineum
1512 1084 2022 1186 tricliniumque
2057 1093 2407 1163 transibat.

294 1210 431 1273 Nec
448 1201 591 1272 ullo
609 1219 915 1295 tempore
932 1200 1215 1283 facilior,
1234 1216 1355 1269 aut
1376 1200 1836 1293 indulgentior
1847 1200 2137 1270 traditur
2153 1228 2172 1285 ς
2195 1226 2411 1298 eaque

291 1331 635 1385 momenta
675 1314 1025 1382 domestici
1070 1312 1155 1380 ad
1196 1310 1451 1408 aliquid
1498 1311 1869 1405 petendum
1913 1337 2162 1405 magno
2182 1338 2390 1407 opere

290 1424 674 1518 captabant.

380 1542 593 1605 XXII.
643 1542 731 1605 Et
751 1560 957 1629 super
976 1558 1239 1603 coenam
1264 1552 1491 1605 autem
1510 1587 1527 1617 ,
1554 1550 1622 1603 et
1640 1557 1908 1628 semper
1924 1534 2090 1603 alias
2109 1560 2414 1605 commu-

286 1650 613 1715 nissimus
634 1658 679 1730 ¹,
716 1646 931 1715 multa
964 1646 1117 1741 joco
1154 1646 1612 1739 transigebat:
1655 1660 1802 1712 erat
1832 1647 2013 1713 enim
2043 1643 2412 1715 dicacitatis

287 1758 641 1852 plurimae‚
689 1773 757 1826 et
798 1762 893 1827 sic
935 1758 1232 1827 scurrilis
1276 1782 1356 1826 ac
1393 1756 1722 1841 sordidae‚
1763 1772 1841 1825 ut
1876 1781 1962 1825 ne
2000 1761 2411 1851 praetextatis
2501 1736 2512 1749 ⁹

286 1869 570 1964 quidem
586 1868 847 1937 verbis²
867 1866 1253 1937 abstineret.
1283 1872 1368 1936 Et
1382 1884 1618 1937 tamen
1638 1866 1972 1937 nonnulla
1993 1866 2050 1961 ej
2059 1893 2141 1936 us
2159 1868 2416 1939 facetis-

286 1983 459 2049 sima
484 1997 791 2049 exstant:
822 1984 895 2048 in
918 1980 1169 2073 quibus
1192 1996 1260 2048 et
1283 1978 1449 2047 haec.
1480 1982 1838 2049 Mestrium
1864 1979 2140 2048 Florum
2161 1986 2418 2049 Consu-

284 2089 537 2175 larem,
577 2086 961 2159 admonitus
998 2090 1087 2159 ab
1122 2113 1235 2176 eo,
1270 2091 1566 2187 plaustra
1605 2094 1863 2185 potiu3‚
1904 2113 2110 2187 quam
2137 2088 2164 2131 ³
2173 2092 2417 2186 plostra

284 2200 615 2287 dicenda,
654 2218 928 2297 postero
965 2199 1072 2271 die
1104 2202 1418 2271 Flaurum
1453 2202 1791 2271 salutavit.
1822 2206 2267 2296 Expugnatus
2295 2228 2418 2272 au—

282 2332 423 2383 tem
454 2340 499 2383 a
528 2314 827 2411 quadam
847 2366 865 2397 ,
900 2318 1094 2411 quasi
1123 2336 1355 2384 amore
1386 2317 1493 2382 sui
1524 2314 1868 2408 deperiret
1885 2366 1902 2395 ,
1931 2338 2145 2409 quum
2167 2314 2416 2409 perdu-

280 2548 655 2600 ministrorum
670 2543 765 2616 (les
776 2543 1003 2618 officiers
1014 2548 1085 2600 du
1095 2546 1309 2619 paleis).

276 2627 467 2680 Aurei.
505 2627 715 2691 Victor,
745 2625 887 2698 Epic.
924 2645 959 2696 9
974 2665 991 2694 ,
1035 2649 1059 2674 a
1076 2626 1309 2697 Vigilat-e

276 2705 403 2779 (leg.
430 2705 731 2778 Eviqilare)
754 2705 823 2758 de
844 2720 1035 2773 nocte,
1056 2705 1311 2777 publicis-

278 2802 384 2856 que
410 2784 632 2838 actibus
655 2783 913 2836 absolutis
936 2802 1093 2837 caros
1116 2784 1308 2838 admit-

274 2877 419 2930 tere,
455 2863 597 2916 dum
630 2863 909 2931 salutatur,
944 2863 1307 2918 calceamenta

276 2959 503 2998 sumens
544 2955 601 2996 et
636 2943 843 3015 regium
876 2946 1141 2996 vestitum.
1180 2946 1307 2998 Post

272 3036 457 3076 autem
482 3025 747 3094 negotiis,
777 3041 1127 3094 quacumque
1146 3023 1308 3076 adve-

269 3106 515 3172 nissent,
542 3102 772 3171 auditis,
793 3106 1027 3156 exerceri
1046 3105 1307 3158 vectatio-

270 3202 369 3250 ne,
400 3184 612 3238 deindo
640 3184 1001 3255 requiescere;
1029 3199 1303 3256 postremo

270 3263 367 3317 nbi
392 3265 650 3328 lavisset,
669 3264 970 3316 remissiore
984 3265 1165 3316 animo
1180 3283 1307 3317 con-

268 3343 477 3395 vivium
502 3339 755 3396 curabat.
776 3363 801 3388 a

338 3422 397 3474 3.
421 3421 480 3474 A
492 3433 691 3476 secreto
700 3441 722 3483 ,-
738 3439 770 3473 a
787 3423 993 3494 quiete,
1008 3438 1168 3493 quam
1182 3439 1307 3473 cum

262 3499 489 3570 pallaca
520 3512 727 3571 egerat.

336 3583 517 3636 XXII.
548 3598 598 3634 ι.
620 3583 1089 3634 covarr-unissimus.
1110 3581 1191 3633 Cf.
1212 3582 1307 3632 xi-

264 3659 403 3732 phil.
450 3661 659 3726 LXVI,
702 3677 719 3711 ι
738 3677 781 3711 1.
817 3660 923 3712 Alii
958 3657 1301 3725 notatissimum,

263 3755 431 3794 sueta
480 3739 879 3811 depravatione
922 3737 1075 3808 (vide
1116 3737 1304 3792 Claud.

264 3837 327 3873 αι
350 3821 391 3892 ).
434 3823 551 3873 Pro
590 3837 793 3891 smper
823 3818 983 3885 alias,
1020 3819 1129 3872 MS.
1176 3819 1310 3870 alter

260 3919 425 3974 super
459 3900 646 3965 aleas,
682 3899 829 3969 quod
867 3899 1073 3970 placuit
1106 3899 1309 3952 Casan-

258 3978 447 4046 bono,
478 3993 541 4034 et
564 3979 770 4050 recepit
791 3979 1079 4038 Burmann.

339 4077 393 4112 2.
420 4059 828 4112 Proeuxtatis...
844 4058 1018 4110 verbis.
1034 4058 1310 4129 Impudt'ea

260 4154 313 4196 et
321 4149 661 4215 pmtextata
678 4141 831 4193 verba
837 4141 1140 4210 junguntur
1154 4156 1185 4191 a
1196 4139 1311 4192 Ma-

258 4221 421 4275 crob.
456 4221 692 4275 Saturn.
720 4220 793 4285 11,
830 4237 847 4272 ι
872 4242 888 4284 ;
908 4237 1046 4290 pura
1068 4229 1124 4271 et
1150 4217 1313 4271 hone·

1396 2558 1475 2601 sta
1500 2548 1654 2598 verba
1682 2548 1908 2618 opponit
1931 2549 2250 2618 praetextatis
2276 2547 2412 2601 Geu.

1396 2627 1558 2678 Noct.
1595 2627 1708 2678 Att.
1749 2626 1850 2690 IX,
1896 2643 1992 2690 ¹03
2032 2641 2086 2680 et
2116 2631 2417 2699 pratea-tati

1394 2722 1562 2757 mores
1603 2703 1854 2758 dicuntur
1892 2705 2133 2758 Juvenal.
2179 2706 2288 2760 Sat.
2333 2709 2410 2778 11,

1402 2784 1778 2855 170.Absonae
1797 2783 2184 2858 plerorumque
2209 2786 2278 2840 de
2306 2791 2416 2841 ori-

1394 2867 1519 2935 gine
1537 2865 1786 2917 dictionis
1804 2881 1932 2920 snut
1953 2870 2242 2938 sententiis.
2271 2869 2416 2922 Pm-

1396 2955 1592 2998 textata
1603 2945 1766 2998 verba
1784 2959 1920 3017 puto
1935 2963 2078 3014 essa,
2099 2947 2276 3020 qualia
2289 2963 2415 3002 sunt

1390 3035 1815 3096 proetextatorum
1833 3025 1890 3078 h.
1913 3045 1961 3079 e.
1978 3045 2300 3099 puerorum,
2321 3029 2416 3102 qui

1396 3115 1576 3174 togam
1598 3103 1804 3156 virilem
1825 3105 2069 3158 nondum
2091 3105 2414 3173 induerunt,

1395 3185 1558 3238 alieni
1585 3183 1764 3238 adhuc
1791 3203 1822 3238 a
1853 3189 2134 3241 severitate
2161 3188 2314 3242 virili.

1466 3265 1517 3318 3.
1556 3263 1786 3318 Plostra.
1814 3267 2078 3320 Nimirum
2105 3267 2412 3322 scribebant

1389 3343 1628 3417 plaustra
1642 3381 1660 3408 ,
1683 3343 1958 3410 claudius,
1973 3345 2286 3413 claustrum,
2308 3362 2411 3401 ete.

1394 3438 1449 3476 et
1470 3422 1902 3496 pronunciabant
1919 3423 2144 3496 plostra,
2171 3427 2412 3491 Clodius,

1393 3504 1669 3570 dostram,
1705 3501 1882 3575 quod,
1915 3518 1978 3556 ut
2007 3505 2176 3558 multa
2208 3507 2344 3574 alia,
2381 3527 2412 3560 e

1396 3580 1714 3655 quotidiano
1745 3581 2060 3656 vulgarique
2094 3601 2338 3639 sermons
2357 3589 2414 3640 in

1396 3661 1652 3715 Gallicam
1675 3660 1911 3733 linguam
1935 3665 2162 3716 transiit.
2187 3664 2292 3718 Sed
2310 3663 2414 3722 illis

1391 3744 1507 3812 jam
1531 3742 1892 3813 temporibus,
1915 3757 1978 3794 ut
1999 3745 2224 3810 nostris,
2248 3746 2416 3800 fuisse

1394 3821 1640 3875 videmus
1653 3859 1670 3888 ‚
1691 3824 1784 3894 qui
1804 3821 2170 3894 disputarent,
2191 3829 2416 3900 scripta-

1398 3916 1583 3955 ramue
1601 3919 1806 3970 sermo,
1831 3921 1900 3955 an
1923 3921 2224 3956 sermonem
2247 3909 2419 3979 scrip—

1400 3995 1517 4034 tura
1553 3985 1706 4054 sequi
1741 3981 1980 4035 deberet.
2017 3983 2146 4036 Inde
2177 3987 2232 4036 in
2267 3985 2417 4039 libris

1402 4079 1623 4134 quoquo
1639 4065 1696 4114 in
1719 4061 2016 4116 scribendis
2037 4063 2124 4116 his
2143 4065 2422 4120 vocabulis

1400 4143 1694 4198 diversitas.
1715 4145 1848 4197 Risit
1865 4143 2117 4216 putidum
2139 4147 2299 4201 talem
2322 4148 2420 4202 ho-

1402 4225 1600 4276 minem
1624 4226 2001 4298 Vespasianus.

2023 4318 2129 4382 23.
