<?xml version="1.0" encoding="UTF-8"?>
<!DOCTYPE html PUBLIC "-//W3C//DTD XHTML 1.0 Transitional//EN"
    "http://www.w3.org/TR/xhtml1/DTD/xhtml1-transitional.dtd">
<html xmlns="http://www.w3.org/1999/xhtml" xml:lang="en" lang="en">
 <head>
  <title>
</title>
<meta http-equiv="Content-Type" content="text/html;charset=utf-8" />
  <meta name='ocr-system' content='tesseract 3.04.00' />
  <meta name='ocr-capabilities' content='ocr_page ocr_carea ocr_par ocr_line ocrx_word'/>
</head>
<body>
  <div class='ocr_page' id='page_1' title='image "./csuetoniitranqu09suetgoog_0192.png"; bbox 0 0 3050 5004; ppageno 0'>
   <div class='ocr_carea' id='block_1_1' title="bbox 1245 480 2426 572">
    <p class='ocr_par' dir='ltr' id='par_1_1' title="bbox 1245 480 2426 572">
     <span class='ocr_line' id='line_1_1' title="bbox 1245 480 2426 572; baseline 0.003 -28"><span class='ocrx_word' id='word_1_1' title='bbox 1245 480 1523 545; x_wconf 74' lang='lat' dir='ltr'><strong>NERO.</strong></span> <span class='ocrx_word' id='word_1_2' title='bbox 2309 506 2426 572; x_wconf 87' lang='lat'><strong>¹7¹</strong></span> 
     </span>
    </p>
   </div>
   <div class='ocr_carea' id='block_1_2' title="bbox 328 602 2468 1924">
    <p class='ocr_par' dir='ltr' id='par_1_2' title="bbox 328 602 2468 1924">
     <span class='ocr_line' id='line_1_2' title="bbox 328 602 2438 703; baseline 0.002 -30"><span class='ocrx_word' id='word_1_3' title='bbox 328 622 391 673; x_wconf 91' lang='lat' dir='ltr'><strong>et</strong></span> <span class='ocrx_word' id='word_1_4' title='bbox 419 620 497 672; x_wconf 87' lang='lat' dir='ltr'><strong>ut</strong></span> <span class='ocrx_word' id='word_1_5' title='bbox 523 618 685 673; x_wconf 83' lang='lat' dir='ltr'><strong>ante</strong></span> <span class='ocrx_word' id='word_1_6' title='bbox 716 602 977 673; x_wconf 77' lang='lat' dir='ltr'><strong>insulas</strong></span> <span class='ocrx_word' id='word_1_7' title='bbox 1010 628 1091 671; x_wconf 86' lang='lat' dir='ltr'><strong>ac</strong></span> <span class='ocrx_word' id='word_1_8' title='bbox 1126 602 1367 672; x_wconf 87' lang='lat' dir='ltr'><strong>domos</strong></span> <span class='ocrx_word' id='word_1_9' title='bbox 1400 606 1706 697; x_wconf 88' lang='lat' dir='ltr'><strong>porticus</strong></span> <span class='ocrx_word' id='word_1_10' title='bbox 1733 623 1990 688; x_wconf 75' lang='lat' dir='ltr'><strong>esseut,</strong></span> <span class='ocrx_word' id='word_1_11' title='bbox 2027 604 2116 675; x_wconf 85' lang='lat' dir='ltr'><strong>de</strong></span> <span class='ocrx_word' id='word_1_12' title='bbox 2143 632 2438 703; x_wconf 83' lang='lat' dir='ltr'><strong>quarum</strong></span> 
     </span>
     <span class='ocr_line' id='line_1_3' title="bbox 328 712 2435 810; baseline 0.002 -27"><span class='ocrx_word' id='word_1_13' title='bbox 328 714 587 786; x_wconf 81' lang='lat' dir='ltr'><strong>solariis</strong></span> <span class='ocrx_word' id='word_1_14' title='bbox 610 712 925 783; x_wconf 83' lang='lat' dir='ltr'><strong>incendia</strong></span> <span class='ocrx_word' id='word_1_15' title='bbox 947 732 1371 784; x_wconf 82' lang='lat' dir='ltr'><strong>arcerentur:</strong></span> <span class='ocrx_word' id='word_1_16' title='bbox 1400 739 1658 810; x_wconf 85' lang='lat' dir='ltr'><strong>easque</strong></span> <span class='ocrx_word' id='word_1_17' title='bbox 1681 732 1912 783; x_wconf 88' lang='lat' dir='ltr'><strong>sumtu</strong></span> <span class='ocrx_word' id='word_1_18' title='bbox 1935 740 2062 785; x_wconf 89' lang='lat' dir='ltr'><strong>suo</strong></span> <span class='ocrx_word' id='word_1_19' title='bbox 2080 722 2435 789; x_wconf 83' lang='lat' dir='ltr'><strong>exstruxit.</strong></span> 
     </span>
     <span class='ocr_line' id='line_1_4' title="bbox 329 828 2440 925; baseline 0.001 -30"><span class='ocrx_word' id='word_1_20' title='bbox 329 829 715 895; x_wconf 81' lang='lat' dir='ltr'><strong>Destinarat</strong></span> <span class='ocrx_word' id='word_1_21' title='bbox 756 828 959 895; x_wconf 77' lang='lat' dir='ltr'><strong>etiam</strong></span> <span class='ocrx_word' id='word_1_22' title='bbox 994 828 1181 895; x_wconf 82' lang='lat' dir='ltr'>Ostia</span> <span class='ocrx_word' id='word_1_23' title='bbox 1224 842 1427 893; x_wconf 84' lang='lat' dir='ltr'><strong>tenus</strong></span> <span class='ocrx_word' id='word_1_24' title='bbox 1466 829 1712 895; x_wconf 87' lang='lat' dir='ltr'><strong>moenia</strong></span> <span class='ocrx_word' id='word_1_25' title='bbox 1755 851 2192 921; x_wconf 87' lang='lat' dir='ltr'><strong>promovere,</strong></span> <span class='ocrx_word' id='word_1_26' title='bbox 2233 844 2440 925; x_wconf 86' lang='lat' dir='ltr'><strong>atque</strong></span> 
     </span>
     <span class='ocr_line' id='line_1_5' title="bbox 330 933 2442 1008; baseline 0.002 -5"><span class='ocrx_word' id='word_1_27' title='bbox 330 933 485 1003; x_wconf 84' lang='lat' dir='ltr'><strong>inde</strong></span> <span class='ocrx_word' id='word_1_28' title='bbox 525 936 708 1005; x_wconf 83' lang='lat' dir='ltr'><strong>fossa</strong></span> <span class='ocrx_word' id='word_1_29' title='bbox 743 962 933 1005; x_wconf 84' lang='lat' dir='ltr'><strong>mare</strong></span> <span class='ocrx_word' id='word_1_30' title='bbox 966 939 1182 1005; x_wconf 85' lang='lat' dir='ltr'><strong>veteri</strong></span> <span class='ocrx_word' id='word_1_31' title='bbox 1224 938 1391 1005; x_wconf 90' lang='lat' dir='ltr'><strong>Urbi</strong></span> <span class='ocrx_word' id='word_1_32' title='bbox 1430 936 1776 1005; x_wconf 82' lang='lat' dir='ltr'><strong>inducere.</strong></span> <span class='ocrx_word' id='word_1_33' title='bbox 1823 940 2041 1007; x_wconf 83' lang='lat' dir='ltr'><strong>Multa</strong></span> <span class='ocrx_word' id='word_1_34' title='bbox 2081 939 2210 1007; x_wconf 78' lang='lat' dir='ltr'><strong>sub</strong></span> <span class='ocrx_word' id='word_1_35' title='bbox 2249 963 2332 1007; x_wconf 92' lang='lat' dir='ltr'><strong>eo</strong></span> <span class='ocrx_word' id='word_1_36' title='bbox 2371 958 2442 1008; x_wconf 86' lang='lat' dir='ltr'><strong>et</strong></span> 
     </span>
     <span class='ocr_line' id='line_1_6' title="bbox 330 1045 2468 1132; baseline 0.001 -17"><span class='ocrx_word' id='word_1_37' title='bbox 330 1045 800 1117; x_wconf 81' lang='lat' dir='ltr'><strong>animadversa</strong></span> <span class='ocrx_word' id='word_1_38' title='bbox 840 1072 1077 1116; x_wconf 85' lang='lat' dir='ltr'><strong>severe</strong></span> <span class='ocrx_word' id='word_1_39' title='bbox 1104 1100 1121 1130; x_wconf 92' lang='lat'><strong>,</strong></span> <span class='ocrx_word' id='word_1_40' title='bbox 1176 1063 1247 1116; x_wconf 89' lang='lat' dir='ltr'><strong>et</strong></span> <span class='ocrx_word' id='word_1_41' title='bbox 1284 1051 1578 1117; x_wconf 76' lang='lat' dir='ltr'><strong>coercita</strong></span> <span class='ocrx_word' id='word_1_42' title='bbox 1601 1102 1620 1132; x_wconf 95' lang='lat'>,</span> <span class='ocrx_word' id='word_1_43' title='bbox 1666 1072 1794 1117; x_wconf 84' lang='lat' dir='ltr'><strong>nec</strong></span> <span class='ocrx_word' id='word_1_44' title='bbox 1837 1052 2062 1118; x_wconf 85' lang='lat' dir='ltr'><strong>minus</strong></span> <span class='ocrx_word' id='word_1_45' title='bbox 2109 1052 2468 1117; x_wconf 79' lang='lat' dir='ltr'><strong>instituta.-</strong></span> 
     </span>
     <span class='ocr_line' id='line_1_7' title="bbox 332 1155 2438 1253; baseline 0.002 -30"><span class='ocrx_word' id='word_1_46' title='bbox 332 1155 685 1225; x_wconf 77' lang='lat' dir='ltr'><strong>Adhibitus</strong></span> <span class='ocrx_word' id='word_1_47' title='bbox 724 1157 1057 1225; x_wconf 81' lang='lat' dir='ltr'>sumtibus</span> <span class='ocrx_word' id='word_1_48' title='bbox 1086 1157 1331 1225; x_wconf 89' lang='lat' dir='ltr'><strong>modus</strong></span> <span class='ocrx_word' id='word_1_49' title='bbox 1360 1185 1377 1225; x_wconf 76' lang='grc' dir='ltr'><strong>ι</strong></span> <span class='ocrx_word' id='word_1_50' title='bbox 1418 1159 1710 1252; x_wconf 84' lang='lat' dir='ltr'><strong>publicae</strong></span> <span class='ocrx_word' id='word_1_51' title='bbox 1737 1183 1946 1227; x_wconf 82' lang='lat' dir='ltr'><strong>coenae</strong></span> <span class='ocrx_word' id='word_1_52' title='bbox 1982 1157 2068 1227; x_wconf 87' lang='lat' dir='ltr'><strong>ad</strong></span> <span class='ocrx_word' id='word_1_53' title='bbox 2097 1159 2438 1253; x_wconf 83' lang='lat' dir='ltr'><strong>sportulas</strong></span> 
     </span>
     <span class='ocr_line' id='line_1_8' title="bbox 332 1266 2439 1365; baseline 0.003 -32"><span class='ocrx_word' id='word_1_54' title='bbox 332 1267 655 1337; x_wconf 77' lang='lat' dir='ltr'><strong>redactae:</strong></span> <span class='ocrx_word' id='word_1_55' title='bbox 700 1266 1205 1352; x_wconf 74' lang='lat' dir='ltr'><strong>interdictum2,</strong></span> <span class='ocrx_word' id='word_1_56' title='bbox 1242 1294 1329 1337; x_wconf 86' lang='lat' dir='ltr'><strong>ne</strong></span> <span class='ocrx_word' id='word_1_57' title='bbox 1372 1270 1538 1364; x_wconf 90' lang='lat' dir='ltr'><strong>quid</strong></span> <span class='ocrx_word' id='word_1_58' title='bbox 1572 1273 1644 1337; x_wconf 86' lang='lat' dir='ltr'><strong>in</strong></span> <span class='ocrx_word' id='word_1_59' title='bbox 1679 1274 1948 1364; x_wconf 88' lang='lat' dir='ltr'><strong>popinis</strong></span> <span class='ocrx_word' id='word_1_60' title='bbox 1987 1274 2157 1338; x_wconf 88' lang='lat' dir='ltr'><strong>cocti</strong></span> <span class='ocrx_word' id='word_1_61' title='bbox 2191 1288 2439 1365; x_wconf 84' lang='lat' dir='ltr'><strong>praeter</strong></span> 
     </span>
     <span class='ocr_line' id='line_1_9' title="bbox 330 1381 2438 1478; baseline 0 -30"><span class='ocrx_word' id='word_1_62' title='bbox 330 1382 671 1473; x_wconf 79' lang='lat' dir='ltr'><strong>legumina</strong></span> <span class='ocrx_word' id='word_1_63' title='bbox 715 1399 836 1449; x_wconf 87' lang='lat' dir='ltr'><strong>aut</strong></span> <span class='ocrx_word' id='word_1_64' title='bbox 886 1382 1072 1450; x_wconf 78' lang='lat' dir='ltr'><strong>olera</strong></span> <span class='ocrx_word' id='word_1_65' title='bbox 1115 1386 1417 1466; x_wconf 87' lang='lat' dir='ltr'><strong>veniret,</strong></span> <span class='ocrx_word' id='word_1_66' title='bbox 1471 1407 1687 1478; x_wconf 89' lang='lat' dir='ltr'><strong>quum</strong></span> <span class='ocrx_word' id='word_1_67' title='bbox 1735 1400 1933 1449; x_wconf 80' lang='lat' dir='ltr'><strong>antea</strong></span> <span class='ocrx_word' id='word_1_68' title='bbox 1983 1381 2251 1449; x_wconf 89' lang='lat' dir='ltr'><strong>nullum</strong></span> <span class='ocrx_word' id='word_1_69' title='bbox 2297 1406 2438 1450; x_wconf 87' lang='lat' dir='ltr'><strong>non</strong></span> 
     </span>
     <span class='ocr_line' id='line_1_10' title="bbox 332 1492 2437 1589; baseline -0 -29"><span class='ocrx_word' id='word_1_70' title='bbox 332 1496 597 1586; x_wconf 81' lang='lat' dir='ltr'>opsonii</span> <span class='ocrx_word' id='word_1_71' title='bbox 616 1518 829 1586; x_wconf 77' lang='lat' dir='ltr'><strong>genus</strong></span> <span class='ocrx_word' id='word_1_72' title='bbox 848 1511 1374 1588; x_wconf 80' lang='lat' dir='ltr'><strong>proponeretur:</strong></span> <span class='ocrx_word' id='word_1_73' title='bbox 1398 1494 1628 1563; x_wconf 84' lang='lat' dir='ltr'><strong>afflicti</strong></span> <span class='ocrx_word' id='word_1_74' title='bbox 1643 1494 1990 1589; x_wconf 79' lang='lat' dir='ltr'><strong>suppliciis</strong></span> <span class='ocrx_word' id='word_1_75' title='bbox 2009 1492 2403 1563; x_wconf 80' lang='lat' dir='ltr'><strong>³Christiani</strong></span> <span class='ocrx_word' id='word_1_76' title='bbox 2419 1548 2437 1578; x_wconf 88' lang='lat'>,</span> 
     </span>
     <span class='ocr_line' id='line_1_11' title="bbox 334 1604 2438 1699; baseline -0 -27"><span class='ocrx_word' id='word_1_77' title='bbox 334 1630 544 1695; x_wconf 68' lang='lat' dir='ltr'><strong>genus</strong></span> <span class='ocrx_word' id='word_1_78' title='bbox 578 1604 931 1673; x_wconf 88' lang='lat' dir='ltr'><strong>hominum</strong></span> <span class='ocrx_word' id='word_1_79' title='bbox 972 1609 1463 1699; x_wconf 82' lang='lat' dir='ltr'><strong>superstitionis</strong></span> <span class='ocrx_word' id='word_1_80' title='bbox 1501 1631 1698 1674; x_wconf 85' lang='lat' dir='ltr'><strong>novae</strong></span> <span class='ocrx_word' id='word_1_81' title='bbox 1735 1632 1814 1674; x_wconf 87' lang='lat' dir='ltr'><strong>ac</strong></span> <span class='ocrx_word' id='word_1_82' title='bbox 1851 1604 2214 1690; x_wconf 86' lang='lat' dir='ltr'><strong>maleficae;</strong></span> <span class='ocrx_word' id='word_1_83' title='bbox 2250 1608 2438 1674; x_wconf 86' lang='lat' dir='ltr'><strong>vetiti</strong></span> 
     </span>
     <span class='ocr_line' id='line_1_12' title="bbox 336 1717 2438 1814; baseline -0.001 -27"><span class='ocrx_word' id='word_1_84' title='bbox 336 1717 919 1813; x_wconf 79' lang='lat' dir='ltr'><strong>quadrigariorum</strong></span> <span class='ocrx_word' id='word_1_85' title='bbox 942 1719 1133 1789; x_wconf 88' lang='lat' dir='ltr'><strong>lusus</strong></span> <span class='ocrx_word' id='word_1_86' title='bbox 1147 1720 1175 1771; x_wconf 81' lang='lat'>4</span> <span class='ocrx_word' id='word_1_87' title='bbox 1190 1774 1207 1803; x_wconf 89' lang='lat'><strong>,</strong></span> <span class='ocrx_word' id='word_1_88' title='bbox 1235 1720 1480 1814; x_wconf 90' lang='lat' dir='ltr'><strong>quibus</strong></span> <span class='ocrx_word' id='word_1_89' title='bbox 1506 1723 1876 1801; x_wconf 82' lang='lat' dir='ltr'><strong>inveterata</strong></span> <span class='ocrx_word' id='word_1_90' title='bbox 1898 1718 2164 1787; x_wconf 84' lang='lat' dir='ltr'><strong>licentia</strong></span> <span class='ocrx_word' id='word_1_91' title='bbox 2187 1720 2438 1810; x_wconf 80' lang='lat' dir='ltr'><strong>passim</strong></span> 
     </span>
     <span class='ocr_line' id='line_1_13' title="bbox 334 1826 2440 1924; baseline -0 -29"><span class='ocrx_word' id='word_1_92' title='bbox 334 1830 729 1922; x_wconf 79' lang='lat' dir='ltr'><strong>vagantibus</strong></span> <span class='ocrx_word' id='word_1_93' title='bbox 750 1882 767 1913; x_wconf 92' lang='lat'>,</span> <span class='ocrx_word' id='word_1_94' title='bbox 799 1829 1034 1898; x_wconf 85' lang='lat' dir='ltr'><strong>fallere</strong></span> <span class='ocrx_word' id='word_1_95' title='bbox 1062 1855 1141 1897; x_wconf 85' lang='lat' dir='ltr'><strong>ac</strong></span> <span class='ocrx_word' id='word_1_96' title='bbox 1177 1830 1386 1897; x_wconf 85' lang='lat' dir='ltr'><strong>furari</strong></span> <span class='ocrx_word' id='word_1_97' title='bbox 1424 1856 1546 1924; x_wconf 88' lang='lat' dir='ltr'><strong>per</strong></span> <span class='ocrx_word' id='word_1_98' title='bbox 1567 1826 1802 1923; x_wconf 86' lang='lat' dir='ltr'><strong>jocum</strong></span> <span class='ocrx_word' id='word_1_99' title='bbox 1832 1827 1946 1924; x_wconf 86' lang='lat' dir='ltr'><strong>jus</strong></span> <span class='ocrx_word' id='word_1_100' title='bbox 1987 1844 2164 1896; x_wconf 80' lang='lat' dir='ltr'><strong>erat:</strong></span> <span class='ocrx_word' id='word_1_101' title='bbox 2201 1844 2440 1923; x_wconf 85' lang='lat' dir='ltr'><strong>panto-</strong></span> 
     </span>
    </p>
   </div>
   <div class='ocr_carea' id='block_1_3' title="bbox 340 1938 2044 2032">
    <p class='ocr_par' dir='ltr' id='par_1_3' title="bbox 340 1938 2044 2032">
     <span class='ocr_line' id='line_1_14' title="bbox 340 1938 2044 2032; baseline -0.001 -26"><span class='ocrx_word' id='word_1_102' title='bbox 340 1942 705 2007; x_wconf 87' lang='lat' dir='ltr'><strong>mimorum</strong></span> <span class='ocrx_word' id='word_1_103' title='bbox 728 1938 1055 2011; x_wconf 80' lang='lat' dir='ltr'><strong>factiones</strong></span> <span class='ocrx_word' id='word_1_104' title='bbox 1080 1964 1237 2007; x_wconf 87' lang='lat' dir='ltr'><strong>cum</strong></span> <span class='ocrx_word' id='word_1_105' title='bbox 1260 1942 1417 2032; x_wconf 89' lang='lat' dir='ltr'><strong>ipsis</strong></span> <span class='ocrx_word' id='word_1_106' title='bbox 1446 1938 1650 2007; x_wconf 87' lang='lat' dir='ltr'><strong>simul</strong></span> <span class='ocrx_word' id='word_1_107' title='bbox 1673 1938 2044 2031; x_wconf 73' lang='lat' dir='ltr'><strong>relegatae5.</strong></span> 
     </span>
    </p>
   </div>
   <div class='ocr_carea' id='block_1_4' title="bbox 330 2124 1346 3859">
    <p class='ocr_par' dir='ltr' id='par_1_4' title="bbox 330 2124 1345 2355">
     <span class='ocr_line' id='line_1_15' title="bbox 335 2124 1345 2194; baseline 0 -17"><span class='ocrx_word' id='word_1_108' title='bbox 335 2138 515 2177; x_wconf 79' lang='lat' dir='ltr'><strong>censet</strong></span> <span class='ocrx_word' id='word_1_109' title='bbox 538 2134 593 2177; x_wconf 81' lang='lat' dir='ltr'><strong>et</strong></span> <span class='ocrx_word' id='word_1_110' title='bbox 612 2138 735 2177; x_wconf 74' lang='lat' dir='ltr'><strong>aute</strong></span> <span class='ocrx_word' id='word_1_111' title='bbox 756 2136 833 2179; x_wconf 81' lang='lat' dir='ltr'><strong>ut.</strong></span> <span class='ocrx_word' id='word_1_112' title='bbox 854 2124 1085 2177; x_wconf 74' lang='lat' dir='ltr'><strong>Collatia</strong></span> <span class='ocrx_word' id='word_1_113' title='bbox 1108 2124 1345 2194; x_wconf 82' lang='lat' dir='ltr'><strong>Mulieri,</strong></span> 
     </span>
     <span class='ocr_line' id='line_1_16' title="bbox 334 2204 1343 2289; baseline 0.003 -35"><span class='ocrx_word' id='word_1_114' title='bbox 334 2214 474 2255; x_wconf 75' lang='lat' dir='ltr'><strong>utet.</strong></span> <span class='ocrx_word' id='word_1_115' title='bbox 494 2207 631 2257; x_wconf 81' lang='lat' dir='ltr'><strong>Puto</strong></span> <span class='ocrx_word' id='word_1_116' title='bbox 644 2216 697 2256; x_wconf 74' lang='lat' dir='ltr'><strong>et</strong></span> <span class='ocrx_word' id='word_1_117' title='bbox 710 2222 826 2257; x_wconf 80' lang='lat' dir='ltr'><strong>esse</strong></span> <span class='ocrx_word' id='word_1_118' title='bbox 838 2223 938 2289; x_wconf 87' lang='lat' dir='ltr'><strong>pro</strong></span> <span class='ocrx_word' id='word_1_119' title='bbox 957 2204 1177 2266; x_wconf 78' lang='lat' dir='ltr'><strong>scilicet,</strong></span> <span class='ocrx_word' id='word_1_120' title='bbox 1200 2223 1343 2257; x_wconf 82' lang='lat' dir='ltr'><strong>nem-</strong></span> 
     </span>
     <span class='ocr_line' id='line_1_17' title="bbox 330 2285 744 2355; baseline 0.013 -23"><span class='ocrx_word' id='word_1_121' title='bbox 330 2300 425 2353; x_wconf 79' lang='lat' dir='ltr'><strong>pe,</strong></span> <span class='ocrx_word' id='word_1_122' title='bbox 451 2299 513 2336; x_wconf 86' lang='lat' dir='ltr'><strong>ut</strong></span> <span class='ocrx_word' id='word_1_123' title='bbox 534 2285 744 2355; x_wconf 65' lang='lat' dir='ltr'><strong>sapius.</strong></span> 
     </span>
    </p>

    <p class='ocr_par' dir='ltr' id='par_1_5' title="bbox 334 2362 1343 2594">
     <span class='ocr_line' id='line_1_18' title="bbox 406 2362 1340 2433; baseline 0 -18"><span class='ocrx_word' id='word_1_124' title='bbox 406 2380 455 2415; x_wconf 99' lang='grc'><strong>2</strong></span> <span class='ocrx_word' id='word_1_125' title='bbox 492 2362 864 2427; x_wconf 65' lang='lat' dir='ltr'><strong>Interdictum,</strong></span> <span class='ocrx_word' id='word_1_126' title='bbox 894 2376 996 2415; x_wconf 84' lang='lat' dir='ltr'><strong>etc.</strong></span> <span class='ocrx_word' id='word_1_127' title='bbox 1030 2364 1111 2416; x_wconf 80' lang='lat' dir='ltr'><strong>cf.</strong></span> <span class='ocrx_word' id='word_1_128' title='bbox 1138 2362 1340 2433; x_wconf 75' lang='lat' dir='ltr'><strong>xiphil.</strong></span> 
     </span>
     <span class='ocr_line' id='line_1_19' title="bbox 334 2440 1343 2508; baseline 0.004 -17"><span class='ocrx_word' id='word_1_129' title='bbox 334 2441 501 2508; x_wconf 79' lang='lat' dir='ltr'><strong>an,</strong></span> <span class='ocrx_word' id='word_1_130' title='bbox 535 2440 630 2508; x_wconf 73' lang='lat'><strong>14,</strong></span> <span class='ocrx_word' id='word_1_131' title='bbox 656 2440 750 2493; x_wconf 86' lang='lat' dir='ltr'><strong>ubi</strong></span> <span class='ocrx_word' id='word_1_132' title='bbox 772 2443 997 2496; x_wconf 78' lang='lat' dir='ltr'><strong>Reimar.</strong></span> <span class='ocrx_word' id='word_1_133' title='bbox 1024 2454 1079 2493; x_wconf 84' lang='lat' dir='ltr'><strong>et</strong></span> <span class='ocrx_word' id='word_1_134' title='bbox 1098 2454 1283 2495; x_wconf 70' lang='lat' dir='ltr'><strong>notata</strong></span> <span class='ocrx_word' id='word_1_135' title='bbox 1306 2461 1343 2495; x_wconf 81' lang='lat' dir='ltr'><strong>a</strong></span> 
     </span>
     <span class='ocr_line' id='line_1_20' title="bbox 336 2521 1087 2594; baseline 0.003 -22"><span class='ocrx_word' id='word_1_136' title='bbox 336 2521 490 2574; x_wconf 83' lang='lat' dir='ltr'><strong>nobis</strong></span> <span class='ocrx_word' id='word_1_137' title='bbox 512 2541 674 2594; x_wconf 77' lang='lat' dir='ltr'><strong>supra</strong></span> <span class='ocrx_word' id='word_1_138' title='bbox 696 2521 765 2576; x_wconf 81' lang='lat' dir='ltr'><strong>ad</strong></span> <span class='ocrx_word' id='word_1_139' title='bbox 788 2521 978 2574; x_wconf 83' lang='lat' dir='ltr'><strong>Claud.</strong></span> <span class='ocrx_word' id='word_1_140' title='bbox 1002 2522 1087 2575; x_wconf 87' lang='grc'><strong>38.</strong></span> 
     </span>
    </p>

    <p class='ocr_par' dir='ltr' id='par_1_6' title="bbox 334 2600 1346 3859">
     <span class='ocr_line' id='line_1_21' title="bbox 406 2600 1342 2676; baseline -0.001 -23"><span class='ocrx_word' id='word_1_141' title='bbox 406 2600 457 2653; x_wconf 86' lang='grc'><strong>3.</strong></span> <span class='ocrx_word' id='word_1_142' title='bbox 492 2601 705 2676; x_wconf 77' lang='lat' dir='ltr'><strong>Afflicti</strong></span> <span class='ocrx_word' id='word_1_143' title='bbox 730 2601 1001 2672; x_wconf 73' lang='lat' dir='ltr'><strong>suppliciis</strong></span> <span class='ocrx_word' id='word_1_144' title='bbox 1031 2601 1342 2664; x_wconf 72' lang='lat' dir='ltr'><strong>Christiani,-</strong></span> 
     </span>
     <span class='ocr_line' id='line_1_22' title="bbox 336 2679 1343 2752; baseline 0 -20"><span class='ocrx_word' id='word_1_145' title='bbox 336 2698 471 2752; x_wconf 85' lang='lat' dir='ltr'><strong>quos</strong></span> <span class='ocrx_word' id='word_1_146' title='bbox 502 2693 567 2732; x_wconf 78' lang='lat' dir='ltr'><strong>ut</strong></span> <span class='ocrx_word' id='word_1_147' title='bbox 595 2694 841 2732; x_wconf 77' lang='lat' dir='ltr'><strong>auctores</strong></span> <span class='ocrx_word' id='word_1_148' title='bbox 874 2679 1104 2734; x_wconf 78' lang='lat' dir='ltr'><strong>incendii</strong></span> <span class='ocrx_word' id='word_1_149' title='bbox 1126 2681 1343 2733; x_wconf 76' lang='lat' dir='ltr'><strong>incuss·-</strong></span> 
     </span>
     <span class='ocr_line' id='line_1_23' title="bbox 336 2759 1345 2826; baseline 0 -16"><span class='ocrx_word' id='word_1_150' title='bbox 336 2759 442 2812; x_wconf 76' lang='lat' dir='ltr'><strong>bat.</strong></span> <span class='ocrx_word' id='word_1_151' title='bbox 472 2761 647 2812; x_wconf 80' lang='lat' dir='ltr'><strong>Tacit.</strong></span> <span class='ocrx_word' id='word_1_152' title='bbox 670 2759 865 2812; x_wconf 76' lang='lat' dir='ltr'><strong>Annal.</strong></span> <span class='ocrx_word' id='word_1_153' title='bbox 896 2759 1009 2823; x_wconf 80' lang='lat' dir='ltr'><strong>XV,</strong></span> <span class='ocrx_word' id='word_1_154' title='bbox 1040 2759 1109 2826; x_wconf 72' lang='grc'><strong>44</strong></span> <span class='ocrx_word' id='word_1_155' title='bbox 1126 2798 1143 2824; x_wconf 87' lang='lat'>,</span> <span class='ocrx_word' id='word_1_156' title='bbox 1172 2781 1194 2806; x_wconf 74' lang='grc' dir='ltr'><strong>ι</strong></span> <span class='ocrx_word' id='word_1_157' title='bbox 1216 2759 1345 2812; x_wconf 81' lang='lat' dir='ltr'><strong>abo-</strong></span> 
     </span>
     <span class='ocr_line' id='line_1_24' title="bbox 334 2838 1344 2907; baseline 0.002 -16"><span class='ocrx_word' id='word_1_158' title='bbox 334 2838 493 2892; x_wconf 75' lang='lat' dir='ltr'><strong>lendo</strong></span> <span class='ocrx_word' id='word_1_159' title='bbox 516 2841 719 2892; x_wconf 79' lang='lat' dir='ltr'><strong>rumori</strong></span> <span class='ocrx_word' id='word_1_160' title='bbox 746 2841 890 2892; x_wconf 83' lang='lat' dir='ltr'><strong>Nero</strong></span> <span class='ocrx_word' id='word_1_161' title='bbox 924 2839 1161 2892; x_wconf 69' lang='lat' dir='ltr'><strong>subdidit</strong></span> <span class='ocrx_word' id='word_1_162' title='bbox 1190 2859 1309 2894; x_wconf 81' lang='lat' dir='ltr'><strong>reos</strong></span> <span class='ocrx_word' id='word_1_163' title='bbox 1326 2879 1344 2907; x_wconf 88' lang='lat'><strong>.,</strong></span> 
     </span>
     <span class='ocr_line' id='line_1_25' title="bbox 336 2920 1345 2991; baseline 0.002 -20"><span class='ocrx_word' id='word_1_164' title='bbox 336 2921 778 2991; x_wconf 78' lang='lat' dir='ltr'><strong>etquaesitissimis</strong></span> <span class='ocrx_word' id='word_1_165' title='bbox 788 2921 961 2990; x_wconf 76' lang='lat' dir='ltr'><strong>poenis</strong></span> <span class='ocrx_word' id='word_1_166' title='bbox 974 2920 1175 2984; x_wconf 75' lang='lat' dir='ltr'><strong>affecit,</strong></span> <span class='ocrx_word' id='word_1_167' title='bbox 1189 2937 1345 2990; x_wconf 86' lang='lat' dir='ltr'><strong>quos,</strong></span> 
     </span>
     <span class='ocr_line' id='line_1_26' title="bbox 334 2998 1345 3071; baseline 0 -21"><span class='ocrx_word' id='word_1_168' title='bbox 334 3018 431 3071; x_wconf 77' lang='lat' dir='ltr'><strong>per</strong></span> <span class='ocrx_word' id='word_1_169' title='bbox 466 2999 667 3069; x_wconf 73' lang='lat' dir='ltr'><strong>flagitia</strong></span> <span class='ocrx_word' id='word_1_170' title='bbox 702 3000 937 3063; x_wconf 84' lang='lat' dir='ltr'><strong>invisos,</strong></span> <span class='ocrx_word' id='word_1_171' title='bbox 973 2998 1160 3070; x_wconf 75' lang='lat' dir='ltr'><strong>vulgus</strong></span> <span class='ocrx_word' id='word_1_172' title='bbox 1191 2999 1345 3051; x_wconf 81' lang='lat' dir='ltr'><strong>Chri-</strong></span> 
     </span>
     <span class='ocr_line' id='line_1_27' title="bbox 336 3077 1346 3170; baseline -0.001 -39"><span class='ocrx_word' id='word_1_173' title='bbox 336 3081 533 3132; x_wconf 75' lang='lat' dir='ltr'><strong>stianos</strong></span> <span class='ocrx_word' id='word_1_174' title='bbox 574 3077 963 3170; x_wconf 56' lang='lat' dir='ltr'><strong>appellabam...</strong></span> <span class='ocrx_word' id='word_1_175' title='bbox 1010 3081 1183 3130; x_wconf 83' lang='lat' dir='ltr'><strong>Primo</strong></span> <span class='ocrx_word' id='word_1_176' title='bbox 1227 3097 1346 3130; x_wconf 75' lang='lat' dir='ltr'><strong>cor-</strong></span> 
     </span>
     <span class='ocr_line' id='line_1_28' title="bbox 336 3158 1346 3231; baseline 0.001 -21"><span class='ocrx_word' id='word_1_177' title='bbox 336 3160 501 3228; x_wconf 81' lang='lat' dir='ltr'><strong>repti,</strong></span> <span class='ocrx_word' id='word_1_178' title='bbox 532 3161 625 3231; x_wconf 88' lang='lat' dir='ltr'><strong>qui</strong></span> <span class='ocrx_word' id='word_1_179' title='bbox 657 3159 985 3225; x_wconf 77' lang='lat' dir='ltr'><strong>fatebamur,</strong></span> <span class='ocrx_word' id='word_1_180' title='bbox 1010 3158 1233 3224; x_wconf 82' lang='lat' dir='ltr'><strong>deinde,</strong></span> <span class='ocrx_word' id='word_1_181' title='bbox 1262 3160 1346 3211; x_wconf 90' lang='lat' dir='ltr'><strong>in-</strong></span> 
     </span>
     <span class='ocr_line' id='line_1_29' title="bbox 334 3237 1345 3311; baseline 0.006 -23"><span class='ocrx_word' id='word_1_182' title='bbox 334 3237 477 3291; x_wconf 85' lang='lat' dir='ltr'><strong>dicio</strong></span> <span class='ocrx_word' id='word_1_183' title='bbox 524 3257 743 3306; x_wconf 81' lang='lat' dir='ltr'><strong>eorum,</strong></span> <span class='ocrx_word' id='word_1_184' title='bbox 788 3239 1071 3295; x_wconf 82' lang='lat' dir='ltr'><strong>multitudo</strong></span> <span class='ocrx_word' id='word_1_185' title='bbox 1116 3242 1305 3311; x_wconf 74' lang='lat' dir='ltr'><strong>ingens</strong></span> <span class='ocrx_word' id='word_1_186' title='bbox 1326 3279 1345 3310; x_wconf 83' lang='lat'>‚</span> 
     </span>
     <span class='ocr_line' id='line_1_30' title="bbox 335 3315 1341 3389; baseline 0.005 -22"><span class='ocrx_word' id='word_1_187' title='bbox 335 3315 477 3370; x_wconf 77' lang='lat' dir='ltr'><strong>haud</strong></span> <span class='ocrx_word' id='word_1_188' title='bbox 502 3316 765 3389; x_wconf 80' lang='lat' dir='ltr'><strong>perinde&#39;</strong></span> <span class='ocrx_word' id='word_1_189' title='bbox 750 3335 807 3369; x_wconf 85' lang='grc' dir='ltr'><strong>ιιι</strong></span> <span class='ocrx_word' id='word_1_190' title='bbox 837 3320 1055 3372; x_wconf 77' lang='lat' dir='ltr'><strong>crimine</strong></span> <span class='ocrx_word' id='word_1_191' title='bbox 1078 3318 1341 3384; x_wconf 82' lang='lat' dir='ltr'><strong>incendii,</strong></span> 
     </span>
     <span class='ocr_line' id='line_1_31' title="bbox 336 3393 1342 3468; baseline -0.001 -18"><span class='ocrx_word' id='word_1_192' title='bbox 336 3414 489 3467; x_wconf 69' lang='lat' dir='ltr'><strong>quam</strong></span> <span class='ocrx_word' id='word_1_193' title='bbox 524 3393 651 3448; x_wconf 86' lang='lat' dir='ltr'><strong>odio</strong></span> <span class='ocrx_word' id='word_1_194' title='bbox 682 3395 907 3450; x_wconf 73' lang='lat' dir='ltr'><strong>humani</strong></span> <span class='ocrx_word' id='word_1_195' title='bbox 938 3399 1178 3468; x_wconf 62' lang='lat' dir='ltr'><strong>generis,</strong></span> <span class='ocrx_word' id='word_1_196' title='bbox 1210 3415 1342 3449; x_wconf 85' lang='lat' dir='ltr'><strong>cou-</strong></span> 
     </span>
     <span class='ocr_line' id='line_1_32' title="bbox 334 3475 1343 3548; baseline 0.002 -22"><span class='ocrx_word' id='word_1_197' title='bbox 334 3476 455 3530; x_wconf 77' lang='lat' dir='ltr'><strong>vieti</strong></span> <span class='ocrx_word' id='word_1_198' title='bbox 492 3489 637 3528; x_wconf 80' lang='lat' dir='ltr'><strong>sunt.</strong></span> <span class='ocrx_word' id='word_1_199' title='bbox 672 3477 742 3530; x_wconf 81' lang='lat' dir='ltr'><strong>Et</strong></span> <span class='ocrx_word' id='word_1_200' title='bbox 777 3475 1123 3548; x_wconf 83' lang='lat' dir='ltr'><strong>pereuntibus</strong></span> <span class='ocrx_word' id='word_1_201' title='bbox 1160 3475 1343 3528; x_wconf 75' lang='lat' dir='ltr'><strong>addita</strong></span> 
     </span>
     <span class='ocr_line' id='line_1_33' title="bbox 334 3553 1343 3627; baseline 0.003 -23"><span class='ocrx_word' id='word_1_202' title='bbox 334 3553 563 3608; x_wconf 78' lang='lat' dir='ltr'><strong>ludibria</strong></span> <span class='ocrx_word' id='word_1_203' title='bbox 572 3593 591 3623; x_wconf 93' lang='lat'>,</span> <span class='ocrx_word' id='word_1_204' title='bbox 604 3569 666 3608; x_wconf 76' lang='lat' dir='ltr'><strong>ut</strong></span> <span class='ocrx_word' id='word_1_205' title='bbox 680 3555 911 3609; x_wconf 73' lang='lat' dir='ltr'><strong>ferarum</strong></span> <span class='ocrx_word' id='word_1_206' title='bbox 920 3559 1081 3627; x_wconf 65' lang='lat' dir='ltr'><strong>tergis</strong></span> <span class='ocrx_word' id='word_1_207' title='bbox 1088 3559 1343 3622; x_wconf 77' lang='lat' dir='ltr'><strong>contecti,</strong></span> 
     </span>
     <span class='ocr_line' id='line_1_34' title="bbox 335 3631 1343 3702; baseline 0.004 -20"><span class='ocrx_word' id='word_1_208' title='bbox 335 3631 535 3688; x_wconf 76' lang='lat' dir='ltr'><strong>laniatu</strong></span> <span class='ocrx_word' id='word_1_209' title='bbox 562 3649 757 3686; x_wconf 79' lang='lat' dir='ltr'><strong>cauum</strong></span> <span class='ocrx_word' id='word_1_210' title='bbox 780 3635 1086 3702; x_wconf 77' lang='lat' dir='ltr'><strong>interirent,</strong></span> <span class='ocrx_word' id='word_1_211' title='bbox 1108 3647 1201 3686; x_wconf 72' lang='lat' dir='ltr'><strong>sut</strong></span> <span class='ocrx_word' id='word_1_212' title='bbox 1225 3653 1343 3686; x_wconf 81' lang='lat' dir='ltr'><strong>cru-</strong></span> 
     </span>
     <span class='ocr_line' id='line_1_35' title="bbox 334 3709 1342 3786; baseline 0.004 -24"><span class='ocrx_word' id='word_1_213' title='bbox 334 3710 483 3764; x_wconf 79' lang='lat' dir='ltr'><strong>cibus</strong></span> <span class='ocrx_word' id='word_1_214' title='bbox 499 3709 673 3779; x_wconf 72' lang='lat' dir='ltr'><strong>affixi,</strong></span> <span class='ocrx_word' id='word_1_215' title='bbox 693 3726 785 3766; x_wconf 79' lang='lat' dir='ltr'><strong>aut</strong></span> <span class='ocrx_word' id='word_1_216' title='bbox 804 3711 1133 3778; x_wconf 77' lang='lat' dir='ltr'><strong>flammandi,</strong></span> <span class='ocrx_word' id='word_1_217' title='bbox 1154 3727 1342 3786; x_wconf 76' lang='lat' dir='ltr'><strong>atque,</strong></span> 
     </span>
     <span class='ocr_line' id='line_1_36' title="bbox 336 3791 1345 3859; baseline 0.003 -15"><span class='ocrx_word' id='word_1_218' title='bbox 336 3792 425 3844; x_wconf 84' lang='lat' dir='ltr'><strong>ubi</strong></span> <span class='ocrx_word' id='word_1_219' title='bbox 459 3791 747 3846; x_wconf 68' lang='lat' dir='ltr'><strong>defecisset</strong></span> <span class='ocrx_word' id='word_1_220' title='bbox 780 3791 927 3859; x_wconf 76' lang='lat' dir='ltr'><strong>dies,</strong></span> <span class='ocrx_word' id='word_1_221' title='bbox 960 3795 1017 3845; x_wconf 85' lang='lat' dir='ltr'><strong>in</strong></span> <span class='ocrx_word' id='word_1_222' title='bbox 1053 3811 1207 3846; x_wconf 74' lang='lat' dir='ltr'><strong>usum</strong></span> <span class='ocrx_word' id='word_1_223' title='bbox 1242 3813 1345 3847; x_wconf 84' lang='lat' dir='ltr'><strong>no-</strong></span> 
     </span>
    </p>
   </div>
   <div class='ocr_carea' id='block_1_5' title="bbox 272 3870 1339 3940">
    <p class='ocr_par' dir='ltr' id='par_1_7' title="bbox 272 3870 1339 3940">
     <span class='ocr_line' id='line_1_37' title="bbox 272 3870 1339 3940; baseline -0.001 -17"><span class='ocrx_word' id='word_1_224' title='bbox 272 3873 281 3891; x_wconf 84' lang='lat'><strong><em>‘</em></strong></span> <span class='ocrx_word' id='word_1_225' title='bbox 333 3873 509 3924; x_wconf 82' lang='lat' dir='ltr'><strong>cturni</strong></span> <span class='ocrx_word' id='word_1_226' title='bbox 560 3870 774 3925; x_wconf 78' lang='lat' dir='ltr'><strong>luminis</strong></span> <span class='ocrx_word' id='word_1_227' title='bbox 826 3887 1139 3940; x_wconf 84' lang='lat' dir='ltr'><strong>urerentur,</strong></span> <span class='ocrx_word' id='word_1_228' title='bbox 1188 3887 1292 3926; x_wconf 79' lang='lat' dir='ltr'><strong>etc.</strong></span> <span class='ocrx_word' id='word_1_229' title='bbox 1314 3898 1339 3922; x_wconf 72' lang='grc' dir='ltr'><strong>ιι</strong></span> 
     </span>
    </p>
   </div>
   <div class='ocr_carea' id='block_1_6' title="bbox 332 3953 1345 4263">
    <p class='ocr_par' dir='ltr' id='par_1_8' title="bbox 332 3953 1345 4263">
     <span class='ocr_line' id='line_1_38' title="bbox 332 3953 1344 4022; baseline 0.002 -17"><span class='ocrx_word' id='word_1_230' title='bbox 332 3953 486 4005; x_wconf 87' lang='lat' dir='ltr'><strong>Oros.</strong></span> <span class='ocrx_word' id='word_1_231' title='bbox 512 3953 632 4018; x_wconf 83' lang='lat' dir='ltr'><strong>vn,</strong></span> <span class='ocrx_word' id='word_1_232' title='bbox 654 3969 707 4022; x_wconf 83' lang='lat'><strong>7,</strong></span> <span class='ocrx_word' id='word_1_233' title='bbox 730 3953 973 4006; x_wconf 79' lang='lat' dir='ltr'><strong>«Primus</strong></span> <span class='ocrx_word' id='word_1_234' title='bbox 992 3955 1171 4006; x_wconf 78' lang='lat' dir='ltr'><strong>Romae</strong></span> <span class='ocrx_word' id='word_1_235' title='bbox 1188 3953 1344 4007; x_wconf 86' lang='lat' dir='ltr'><strong>Chri-</strong></span> 
     </span>
     <span class='ocr_line' id='line_1_39' title="bbox 332 4028 1343 4102; baseline 0.005 -21"><span class='ocrx_word' id='word_1_236' title='bbox 332 4031 537 4084; x_wconf 70' lang='lat' dir='ltr'><strong>stianos</strong></span> <span class='ocrx_word' id='word_1_237' title='bbox 568 4028 849 4102; x_wconf 71' lang='lat' dir='ltr'><strong>suppliciis</strong></span> <span class='ocrx_word' id='word_1_238' title='bbox 878 4045 931 4084; x_wconf 88' lang='lat' dir='ltr'><strong>et</strong></span> <span class='ocrx_word' id='word_1_239' title='bbox 961 4031 1226 4086; x_wconf 83' lang='lat' dir='ltr'><strong>mortibus</strong></span> <span class='ocrx_word' id='word_1_240' title='bbox 1260 4034 1343 4086; x_wconf 78' lang='lat' dir='ltr'><strong>af·-</strong></span> 
     </span>
     <span class='ocr_line' id='line_1_40' title="bbox 332 4105 1345 4185; baseline 0.008 -27"><span class='ocrx_word' id='word_1_241' title='bbox 332 4105 487 4177; x_wconf 82' lang='lat' dir='ltr'><strong>feeit,</strong></span> <span class='ocrx_word' id='word_1_242' title='bbox 504 4127 569 4164; x_wconf 79' lang='lat' dir='ltr'><strong>sc</strong></span> <span class='ocrx_word' id='word_1_243' title='bbox 589 4127 687 4182; x_wconf 78' lang='lat' dir='ltr'><strong>per</strong></span> <span class='ocrx_word' id='word_1_244' title='bbox 704 4129 891 4166; x_wconf 81' lang='lat' dir='ltr'><strong>omues</strong></span> <span class='ocrx_word' id='word_1_245' title='bbox 906 4114 1207 4184; x_wconf 79' lang='lat' dir='ltr'><strong>provincias</strong></span> <span class='ocrx_word' id='word_1_246' title='bbox 1226 4115 1345 4185; x_wconf 76' lang='lat' dir='ltr'><strong>pari</strong></span> 
     </span>
     <span class='ocr_line' id='line_1_41' title="bbox 333 4189 1345 4263; baseline 0.005 -24"><span class='ocrx_word' id='word_1_247' title='bbox 333 4189 703 4255; x_wconf 72' lang='lat' dir='ltr'><strong>perseeutione</strong></span> <span class='ocrx_word' id='word_1_248' title='bbox 722 4193 1017 4244; x_wconf 78' lang='lat' dir='ltr'><strong>excruciari</strong></span> <span class='ocrx_word' id='word_1_249' title='bbox 1038 4192 1345 4263; x_wconf 67' lang='lat' dir='ltr'><strong>impet-svin</strong></span> 
     </span>
    </p>
   </div>
   <div class='ocr_carea' id='block_1_7' title="bbox 1428 2126 2444 4260">
    <p class='ocr_par' dir='ltr' id='par_1_9' title="bbox 1431 2126 2438 2276">
     <span class='ocr_line' id='line_1_42' title="bbox 1431 2126 2438 2200; baseline -0.002 -21"><span class='ocrx_word' id='word_1_250' title='bbox 1431 2130 1714 2200; x_wconf 77' lang='lat' dir='ltr'><strong>ipsumque</strong></span> <span class='ocrx_word' id='word_1_251' title='bbox 1742 2146 1940 2181; x_wconf 86' lang='lat' dir='ltr'><strong>nomeu</strong></span> <span class='ocrx_word' id='word_1_252' title='bbox 1967 2126 2254 2198; x_wconf 79' lang='lat' dir='ltr'><strong>exstirpare</strong></span> <span class='ocrx_word' id='word_1_253' title='bbox 2279 2142 2438 2177; x_wconf 75' lang='lat' dir='ltr'><strong>cona·</strong></span> 
     </span>
     <span class='ocr_line' id='line_1_43' title="bbox 1434 2203 2439 2276; baseline -0.001 -19"><span class='ocrx_word' id='word_1_254' title='bbox 1434 2218 1546 2273; x_wconf 86' lang='lat' dir='ltr'><strong>tus,</strong></span> <span class='ocrx_word' id='word_1_255' title='bbox 1563 2206 1896 2261; x_wconf 76' lang='lat' dir='ltr'><strong>beatissimos</strong></span> <span class='ocrx_word' id='word_1_256' title='bbox 1917 2205 2114 2259; x_wconf 77' lang='lat' dir='ltr'><strong>Christi</strong></span> <span class='ocrx_word' id='word_1_257' title='bbox 2138 2203 2439 2276; x_wconf 72' lang='lat' dir='ltr'><strong>apostolos,</strong></span> 
     </span>
    </p>

    <p class='ocr_par' dir='ltr' id='par_1_10' title="bbox 1429 2284 2444 2594">
     <span class='ocr_line' id='line_1_44' title="bbox 1430 2284 2444 2355; baseline 0.002 -20"><span class='ocrx_word' id='word_1_258' title='bbox 1430 2286 1643 2337; x_wconf 78' lang='lat' dir='ltr'><strong>Petrum</strong></span> <span class='ocrx_word' id='word_1_259' title='bbox 1667 2305 1852 2351; x_wconf 87' lang='lat' dir='ltr'><strong>cruce,</strong></span> <span class='ocrx_word' id='word_1_260' title='bbox 1881 2285 2121 2337; x_wconf 76' lang='lat' dir='ltr'><strong>Paullum</strong></span> <span class='ocrx_word' id='word_1_261' title='bbox 2143 2284 2325 2355; x_wconf 65' lang='lat' dir='ltr'><strong>gladio</strong></span> <span class='ocrx_word' id='word_1_262' title='bbox 2351 2304 2444 2337; x_wconf 89' lang='lat' dir='ltr'><strong>oc-</strong></span> 
     </span>
     <span class='ocr_line' id='line_1_45' title="bbox 1431 2362 2440 2437; baseline -0.002 -20"><span class='ocrx_word' id='word_1_263' title='bbox 1431 2364 1620 2417; x_wconf 82' lang='lat' dir='ltr'><strong>cidit.</strong></span> <span class='ocrx_word' id='word_1_264' title='bbox 1649 2367 1730 2419; x_wconf 79' lang='lat' dir='ltr'><strong>Cf.</strong></span> <span class='ocrx_word' id='word_1_265' title='bbox 1763 2364 1962 2437; x_wconf 82' lang='lat' dir='ltr'><strong>Sulpic.</strong></span> <span class='ocrx_word' id='word_1_266' title='bbox 1993 2362 2300 2431; x_wconf 75' lang='lat' dir='ltr'><strong>Sev.11‚28</strong></span> <span class='ocrx_word' id='word_1_267' title='bbox 2327 2380 2440 2435; x_wconf 84' lang='lat' dir='ltr'><strong>seq.</strong></span> 
     </span>
     <span class='ocr_line' id='line_1_46' title="bbox 1429 2442 2440 2514; baseline -0.002 -17"><span class='ocrx_word' id='word_1_268' title='bbox 1429 2442 1856 2514; x_wconf 73' lang='lat' dir='ltr'><strong>Superstitionem</strong></span> <span class='ocrx_word' id='word_1_269' title='bbox 1893 2456 2160 2497; x_wconf 68' lang='lat' dir='ltr'><strong>extentam</strong></span> <span class='ocrx_word' id='word_1_270' title='bbox 2203 2455 2440 2495; x_wconf 75' lang='lat' dir='ltr'><strong>nostrum</strong></span> 
     </span>
     <span class='ocr_line' id='line_1_47' title="bbox 1430 2521 2440 2594; baseline 0 -22"><span class='ocrx_word' id='word_1_271' title='bbox 1430 2521 1740 2592; x_wconf 70' lang='lat' dir='ltr'><strong>religionem</strong></span> <span class='ocrx_word' id='word_1_272' title='bbox 1753 2523 2236 2594; x_wconf 76' lang='lat' dir='ltr'><strong>appellsthcitus‚</strong></span> <span class='ocrx_word' id='word_1_273' title='bbox 2247 2521 2440 2574; x_wconf 80' lang='lat' dir='ltr'><strong>Annsl.</strong></span> 
     </span>
    </p>

    <p class='ocr_par' dir='ltr' id='par_1_11' title="bbox 1430 2601 2443 3213">
     <span class='ocr_line' id='line_1_48' title="bbox 1430 2601 2442 2672; baseline 0.001 -21"><span class='ocrx_word' id='word_1_274' title='bbox 1430 2601 1579 2667; x_wconf 85' lang='lat' dir='ltr'><strong>Xul,</strong></span> <span class='ocrx_word' id='word_1_275' title='bbox 1599 2602 1694 2667; x_wconf 81' lang='grc'><strong>32,</strong></span> <span class='ocrx_word' id='word_1_276' title='bbox 1717 2601 1810 2653; x_wconf 84' lang='lat' dir='ltr'><strong>ubi</strong></span> <span class='ocrx_word' id='word_1_277' title='bbox 1827 2601 1944 2654; x_wconf 87' lang='lat' dir='ltr'><strong>vide</strong></span> <span class='ocrx_word' id='word_1_278' title='bbox 1965 2603 2301 2672; x_wconf 47' lang='lat' dir='ltr'><strong>interpretem</strong></span> <span class='ocrx_word' id='word_1_279' title='bbox 2318 2617 2442 2670; x_wconf 83' lang='lat' dir='ltr'><strong>pra-</strong></span> 
     </span>
     <span class='ocr_line' id='line_1_49' title="bbox 1434 2679 2438 2750; baseline 0 -22"><span class='ocrx_word' id='word_1_280' title='bbox 1434 2697 1554 2736; x_wconf 80' lang='lat' dir='ltr'><strong>vam</strong></span> <span class='ocrx_word' id='word_1_281' title='bbox 1577 2690 1628 2732; x_wconf 80' lang='lat' dir='ltr'><strong>et</strong></span> <span class='ocrx_word' id='word_1_282' title='bbox 1655 2679 1991 2733; x_wconf 79' lang='lat' dir='ltr'><strong>immodicam</strong></span> <span class='ocrx_word' id='word_1_283' title='bbox 2016 2679 2148 2735; x_wconf 75' lang='lat' dir='ltr'><strong>Plin.</strong></span> <span class='ocrx_word' id='word_1_284' title='bbox 2173 2679 2339 2750; x_wconf 83' lang='lat' dir='ltr'><strong>Epist.</strong></span> <span class='ocrx_word' id='word_1_285' title='bbox 2363 2679 2410 2728; x_wconf 85' lang='lat' dir='ltr'>X</span> <span class='ocrx_word' id='word_1_286' title='bbox 2419 2717 2438 2744; x_wconf 92' lang='lat'><strong><em>,</em></strong></span> 
     </span>
     <span class='ocr_line' id='line_1_50' title="bbox 1432 2758 2442 2830; baseline 0.001 -21"><span class='ocrx_word' id='word_1_287' title='bbox 1432 2776 1519 2830; x_wconf 87' lang='lat'><strong>97.</strong></span> <span class='ocrx_word' id='word_1_288' title='bbox 1538 2761 1782 2812; x_wconf 77' lang='lat' dir='ltr'><strong>Ceterum</strong></span> <span class='ocrx_word' id='word_1_289' title='bbox 1795 2797 1812 2826; x_wconf 85' lang='lat'><strong>‚</strong></span> <span class='ocrx_word' id='word_1_290' title='bbox 1827 2779 1939 2812; x_wconf 76' lang='lat' dir='ltr'><strong>nou</strong></span> <span class='ocrx_word' id='word_1_291' title='bbox 1953 2760 2218 2812; x_wconf 82' lang='lat' dir='ltr'><strong>assentior</strong></span> <span class='ocrx_word' id='word_1_292' title='bbox 2233 2758 2326 2822; x_wconf 74' lang='lat' dir='ltr'><strong>iis,</strong></span> <span class='ocrx_word' id='word_1_293' title='bbox 2346 2759 2442 2830; x_wconf 86' lang='lat' dir='ltr'><strong>qui</strong></span> 
     </span>
     <span class='ocr_line' id='line_1_51' title="bbox 1432 2837 2440 2910; baseline -0.001 -20"><span class='ocrx_word' id='word_1_294' title='bbox 1432 2837 1558 2892; x_wconf 80' lang='lat' dir='ltr'><strong>loco</strong></span> <span class='ocrx_word' id='word_1_295' title='bbox 1599 2853 1740 2894; x_wconf 80' lang='lat' dir='ltr'><strong>nost.</strong></span> <span class='ocrx_word' id='word_1_296' title='bbox 1785 2839 1887 2910; x_wconf 80' lang='lat' dir='ltr'><strong>legi</strong></span> <span class='ocrx_word' id='word_1_297' title='bbox 1928 2839 2136 2891; x_wconf 81' lang='lat' dir='ltr'><strong>malunt</strong></span> <span class='ocrx_word' id='word_1_298' title='bbox 2175 2837 2364 2910; x_wconf 71' lang='lat' dir='ltr'><strong>affecti</strong></span> <span class='ocrx_word' id='word_1_299' title='bbox 2409 2855 2440 2889; x_wconf 80' lang='lat' dir='ltr'><strong>e</strong></span> 
     </span>
     <span class='ocr_line' id='line_1_52' title="bbox 1434 2915 2441 2994; baseline -0.005 -24"><span class='ocrx_word' id='word_1_300' title='bbox 1434 2916 1569 2970; x_wconf 83' lang='lat' dir='ltr'><strong>cod.</strong></span> <span class='ocrx_word' id='word_1_301' title='bbox 1597 2919 1777 2970; x_wconf 77' lang='lat' dir='ltr'><strong>Ursin.</strong></span> <span class='ocrx_word' id='word_1_302' title='bbox 1801 2919 1916 2970; x_wconf 86' lang='lat' dir='ltr'><strong>Imo</strong></span> <span class='ocrx_word' id='word_1_303' title='bbox 1941 2917 2160 2994; x_wconf 78' lang='lat' dir='ltr'><strong>afflicti,</strong></span> <span class='ocrx_word' id='word_1_304' title='bbox 2187 2915 2243 2971; x_wconf 84' lang='lat' dir='ltr'><strong>h.</strong></span> <span class='ocrx_word' id='word_1_305' title='bbox 2271 2934 2318 2967; x_wconf 85' lang='lat' dir='ltr'><strong>e.</strong></span> <span class='ocrx_word' id='word_1_306' title='bbox 2347 2933 2441 2966; x_wconf 80' lang='lat' dir='ltr'><strong>ex-</strong></span> 
     </span>
     <span class='ocr_line' id='line_1_53' title="bbox 1434 2997 2443 3068; baseline 0 -18"><span class='ocrx_word' id='word_1_307' title='bbox 1434 2999 1641 3068; x_wconf 71' lang='lat' dir='ltr'><strong>stirpati</strong></span> <span class='ocrx_word' id='word_1_308' title='bbox 1663 2999 1775 3051; x_wconf 83' lang='lat' dir='ltr'><strong>fere</strong></span> <span class='ocrx_word' id='word_1_309' title='bbox 1799 3001 1854 3052; x_wconf 89' lang='lat' dir='ltr'><strong>in</strong></span> <span class='ocrx_word' id='word_1_310' title='bbox 1880 2999 2024 3050; x_wconf 88' lang='lat' dir='ltr'><strong>Urbe</strong></span> <span class='ocrx_word' id='word_1_311' title='bbox 2047 3011 2099 3050; x_wconf 87' lang='lat' dir='ltr'><strong>et</strong></span> <span class='ocrx_word' id='word_1_312' title='bbox 2120 2997 2191 3051; x_wconf 85' lang='lat' dir='ltr'><strong>ad</strong></span> <span class='ocrx_word' id='word_1_313' title='bbox 2209 2999 2443 3052; x_wconf 77' lang='lat' dir='ltr'><strong>interne-</strong></span> 
     </span>
     <span class='ocr_line' id='line_1_54' title="bbox 1434 3073 2440 3133; baseline -0.001 -6"><span class='ocrx_word' id='word_1_314' title='bbox 1434 3077 1644 3132; x_wconf 77' lang='lat' dir='ltr'><strong>cionem</strong></span> <span class='ocrx_word' id='word_1_315' title='bbox 1669 3079 1830 3130; x_wconf 78' lang='lat' dir='ltr'><strong>excisi</strong></span> <span class='ocrx_word' id='word_1_316' title='bbox 1861 3093 1985 3131; x_wconf 86' lang='lat' dir='ltr'><strong>sunt</strong></span> <span class='ocrx_word' id='word_1_317' title='bbox 2021 3076 2306 3133; x_wconf 75' lang='lat' dir='ltr'><strong>Christiani</strong></span> <span class='ocrx_word' id='word_1_318' title='bbox 2339 3073 2440 3128; x_wconf 86' lang='lat' dir='ltr'><strong>sub</strong></span> 
     </span>
     <span class='ocr_line' id='line_1_55' title="bbox 1435 3159 1669 3213; baseline 0 -3"><span class='ocrx_word' id='word_1_319' title='bbox 1435 3159 1669 3213; x_wconf 77' lang='lat' dir='ltr'><strong>Nerone.</strong></span> 
     </span>
    </p>

    <p class='ocr_par' dir='ltr' id='par_1_12' title="bbox 1428 3233 2442 4026">
     <span class='ocr_line' id='line_1_56' title="bbox 1504 3233 2440 3311; baseline -0.002 -21"><span class='ocrx_word' id='word_1_320' title='bbox 1504 3238 1558 3305; x_wconf 76' lang='grc'><strong>4.</strong></span> <span class='ocrx_word' id='word_1_321' title='bbox 1599 3238 1654 3290; x_wconf 85' lang='lat' dir='ltr'><em>V</em></span> <span class='ocrx_word' id='word_1_322' title='bbox 1649 3238 1764 3290; x_wconf 68' lang='lat' dir='ltr'><strong>etita·</strong></span> <span class='ocrx_word' id='word_1_323' title='bbox 1791 3237 2240 3311; x_wconf 65' lang='lat' dir='ltr'><strong>quadrigariorum</strong></span> <span class='ocrx_word' id='word_1_324' title='bbox 2269 3233 2409 3288; x_wconf 78' lang='lat' dir='ltr'><strong>lusus</strong></span> <span class='ocrx_word' id='word_1_325' title='bbox 2419 3272 2440 3299; x_wconf 86' lang='lat'><strong><em>,</em></strong></span> 
     </span>
     <span class='ocr_line' id='line_1_57' title="bbox 1433 3312 2440 3386; baseline -0.004 -18"><span class='ocrx_word' id='word_1_326' title='bbox 1433 3330 1534 3372; x_wconf 75' lang='lat' dir='ltr'><strong>etc.</strong></span> <span class='ocrx_word' id='word_1_327' title='bbox 1563 3315 1688 3374; x_wconf 77' lang='lat' dir='ltr'><strong>Mos</strong></span> <span class='ocrx_word' id='word_1_328' title='bbox 1713 3315 1965 3386; x_wconf 79' lang='lat' dir='ltr'><strong>paulatim</strong></span> <span class='ocrx_word' id='word_1_329' title='bbox 1991 3314 2274 3368; x_wconf 81' lang='lat' dir='ltr'><strong>invaluisse</strong></span> <span class='ocrx_word' id='word_1_330' title='bbox 2296 3312 2440 3364; x_wconf 82' lang='lat' dir='ltr'><strong>vide-</strong></span> 
     </span>
     <span class='ocr_line' id='line_1_58' title="bbox 1431 3394 2440 3467; baseline -0.004 -17"><span class='ocrx_word' id='word_1_331' title='bbox 1431 3411 1538 3462; x_wconf 81' lang='lat' dir='ltr'><strong>tur,</strong></span> <span class='ocrx_word' id='word_1_332' title='bbox 1553 3408 1612 3448; x_wconf 86' lang='lat' dir='ltr'><strong>ut</strong></span> <span class='ocrx_word' id='word_1_333' title='bbox 1626 3394 2001 3467; x_wconf 76' lang='lat' dir='ltr'><strong>quadrigariis,</strong></span> <span class='ocrx_word' id='word_1_334' title='bbox 2018 3406 2142 3466; x_wconf 82' lang='lat' dir='ltr'><strong>post</strong></span> <span class='ocrx_word' id='word_1_335' title='bbox 2154 3394 2440 3464; x_wconf 66' lang='lat' dir='ltr'><strong>praestitam</strong></span> 
     </span>
     <span class='ocr_line' id='line_1_59' title="bbox 1428 3471 2442 3547; baseline -0.002 -19"><span class='ocrx_word' id='word_1_336' title='bbox 1428 3477 1486 3528; x_wconf 85' lang='lat' dir='ltr'><strong>in</strong></span> <span class='ocrx_word' id='word_1_337' title='bbox 1504 3477 1660 3528; x_wconf 86' lang='lat' dir='ltr'><strong>Circo</strong></span> <span class='ocrx_word' id='word_1_338' title='bbox 1681 3493 1895 3547; x_wconf 74' lang='lat' dir='ltr'><strong>operam</strong></span> <span class='ocrx_word' id='word_1_339' title='bbox 1911 3512 1928 3541; x_wconf 89' lang='lat'><strong>‚</strong></span> <span class='ocrx_word' id='word_1_340' title='bbox 1947 3475 2126 3546; x_wconf 72' lang='lat' dir='ltr'><strong>vagari</strong></span> <span class='ocrx_word' id='word_1_341' title='bbox 2139 3493 2236 3545; x_wconf 82' lang='lat' dir='ltr'><strong>per</strong></span> <span class='ocrx_word' id='word_1_342' title='bbox 2253 3471 2442 3526; x_wconf 78' lang='lat' dir='ltr'><strong>urbem</strong></span> 
     </span>
     <span class='ocr_line' id='line_1_60' title="bbox 1430 3553 2440 3627; baseline -0.004 -17"><span class='ocrx_word' id='word_1_343' title='bbox 1430 3556 1636 3620; x_wconf 79' lang='lat' dir='ltr'><strong>liceret,</strong></span> <span class='ocrx_word' id='word_1_344' title='bbox 1649 3553 1917 3626; x_wconf 66' lang='lat' dir='ltr'><strong>pramiola</strong></span> <span class='ocrx_word' id='word_1_345' title='bbox 1931 3557 2129 3627; x_wconf 78' lang='lat' dir='ltr'><strong>passim</strong></span> <span class='ocrx_word' id='word_1_346' title='bbox 2143 3569 2346 3627; x_wconf 83' lang='lat' dir='ltr'><strong>petere,</strong></span> <span class='ocrx_word' id='word_1_347' title='bbox 2361 3567 2440 3606; x_wconf 78' lang='lat' dir='ltr'><strong>nt·</strong></span> 
     </span>
     <span class='ocr_line' id='line_1_61' title="bbox 1433 3633 2440 3707; baseline -0.002 -21"><span class='ocrx_word' id='word_1_348' title='bbox 1433 3653 1568 3706; x_wconf 82' lang='lat' dir='ltr'><strong>que,</strong></span> <span class='ocrx_word' id='word_1_349' title='bbox 1591 3633 1758 3686; x_wconf 82' lang='lat' dir='ltr'><strong>veluti</strong></span> <span class='ocrx_word' id='word_1_350' title='bbox 1779 3653 1876 3707; x_wconf 82' lang='lat' dir='ltr'><strong>per</strong></span> <span class='ocrx_word' id='word_1_351' title='bbox 1891 3637 2102 3705; x_wconf 82' lang='lat' dir='ltr'><strong>jocum,</strong></span> <span class='ocrx_word' id='word_1_352' title='bbox 2125 3633 2368 3698; x_wconf 72' lang='lat' dir='ltr'><strong>auferre,</strong></span> <span class='ocrx_word' id='word_1_353' title='bbox 2395 3635 2440 3684; x_wconf 84' lang='lat' dir='ltr'><strong>si</strong></span> 
     </span>
     <span class='ocr_line' id='line_1_62' title="bbox 1434 3711 2442 3788; baseline -0.001 -23"><span class='ocrx_word' id='word_1_354' title='bbox 1434 3711 1565 3788; x_wconf 89' lang='lat' dir='ltr'><strong>quid</strong></span> <span class='ocrx_word' id='word_1_355' title='bbox 1583 3726 1824 3785; x_wconf 83' lang='lat' dir='ltr'><strong>possent.</strong></span> <span class='ocrx_word' id='word_1_356' title='bbox 1845 3713 1920 3764; x_wconf 73' lang='lat' dir='ltr'><strong>En</strong></span> <span class='ocrx_word' id='word_1_357' title='bbox 1941 3711 2152 3767; x_wconf 75' lang='lat' dir='ltr'><strong>licentia</strong></span> <span class='ocrx_word' id='word_1_358' title='bbox 2165 3730 2333 3784; x_wconf 88' lang='lat' dir='ltr'><strong>quum</strong></span> <span class='ocrx_word' id='word_1_359' title='bbox 2348 3711 2442 3764; x_wconf 83' lang='lat' dir='ltr'><strong>sb-</strong></span> 
     </span>
     <span class='ocr_line' id='line_1_63' title="bbox 1432 3790 2438 3863; baseline -0.002 -17"><span class='ocrx_word' id='word_1_360' title='bbox 1432 3805 1711 3846; x_wconf 80' lang='lat' dir='ltr'><strong>uterentur</strong></span> <span class='ocrx_word' id='word_1_361' title='bbox 1736 3791 2059 3863; x_wconf 72' lang='lat' dir='ltr'><strong>quadrigarii</strong></span> <span class='ocrx_word' id='word_1_362' title='bbox 2075 3829 2092 3858; x_wconf 90' lang='lat'>‚</span> <span class='ocrx_word' id='word_1_363' title='bbox 2122 3790 2438 3846; x_wconf 75' lang='lat' dir='ltr'><strong>abolendam</strong></span> 
     </span>
     <span class='ocr_line' id='line_1_64' title="bbox 1432 3871 2438 3943; baseline 0 -19"><span class='ocrx_word' id='word_1_364' title='bbox 1432 3874 1579 3925; x_wconf 82' lang='lat' dir='ltr'><strong>Nero</strong></span> <span class='ocrx_word' id='word_1_365' title='bbox 1595 3871 1930 3943; x_wconf 80' lang='lat' dir='ltr'><strong>judicaverit.</strong></span> <span class='ocrx_word' id='word_1_366' title='bbox 1955 3873 2038 3926; x_wconf 80' lang='lat' dir='ltr'><strong>cf.</strong></span> <span class='ocrx_word' id='word_1_367' title='bbox 2063 3873 2269 3926; x_wconf 78' lang='lat' dir='ltr'><strong>Emest.</strong></span> <span class='ocrx_word' id='word_1_368' title='bbox 2290 3871 2438 3926; x_wconf 74' lang='lat' dir='ltr'><strong>clav.</strong></span> 
     </span>
     <span class='ocr_line' id='line_1_65' title="bbox 1430 3946 2215 4026; baseline -0.004 -20"><span class='ocrx_word' id='word_1_369' title='bbox 1430 3951 1539 4006; x_wconf 84' lang='lat' dir='ltr'><strong>Cic.</strong></span> <span class='ocrx_word' id='word_1_370' title='bbox 1565 3951 1668 4006; x_wconf 85' lang='lat' dir='ltr'><strong>sub</strong></span> <span class='ocrx_word' id='word_1_371' title='bbox 1692 3971 1808 4006; x_wconf 83' lang='lat' dir='ltr'><strong>voc.</strong></span> <span class='ocrx_word' id='word_1_372' title='bbox 1835 3946 2215 4026; x_wconf 62' lang='lat' dir='ltr'><strong>quadrigarius.</strong></span> 
     </span>
    </p>

    <p class='ocr_par' dir='ltr' id='par_1_13' title="bbox 1431 4033 2438 4260">
     <span class='ocr_line' id='line_1_66' title="bbox 1504 4033 2436 4105; baseline -0.001 -19"><span class='ocrx_word' id='word_1_373' title='bbox 1504 4033 1554 4086; x_wconf 84' lang='lat'><strong>5.</strong></span> <span class='ocrx_word' id='word_1_374' title='bbox 1594 4035 2049 4088; x_wconf 77' lang='lat' dir='ltr'><strong>Pantomimorum</strong></span> <span class='ocrx_word' id='word_1_375' title='bbox 2065 4033 2350 4105; x_wconf 77' lang='lat' dir='ltr'><strong>factiones.</strong></span> <span class='ocrx_word' id='word_1_376' title='bbox 2367 4071 2379 4084; x_wconf 94' lang='lat'><strong>.</strong></span> <span class='ocrx_word' id='word_1_377' title='bbox 2393 4069 2407 4085; x_wconf 92' lang='lat'><strong>.</strong></span> <span class='ocrx_word' id='word_1_378' title='bbox 2423 4073 2436 4085; x_wconf 94' lang='lat'><strong>.</strong></span> 
     </span>
     <span class='ocr_line' id='line_1_67' title="bbox 1432 4111 2438 4188; baseline 0.001 -22"><span class='ocrx_word' id='word_1_379' title='bbox 1432 4113 1688 4188; x_wconf 67' lang='lat' dir='ltr'><strong>releqatoe.</strong></span> <span class='ocrx_word' id='word_1_380' title='bbox 1719 4115 2014 4168; x_wconf 75' lang='lat' dir='ltr'><strong>Risu-iones</strong></span> <span class='ocrx_word' id='word_1_381' title='bbox 2040 4113 2189 4168; x_wconf 73' lang='lat' dir='ltr'><strong>Italis</strong></span> <span class='ocrx_word' id='word_1_382' title='bbox 2219 4111 2406 4186; x_wconf 82' lang='lat' dir='ltr'><strong>pulsos</strong></span> <span class='ocrx_word' id='word_1_383' title='bbox 2419 4151 2438 4180; x_wconf 92' lang='lat'>‚</span> 
     </span>
     <span class='ocr_line' id='line_1_68' title="bbox 1431 4191 2388 4260; baseline 0 -16"><span class='ocrx_word' id='word_1_384' title='bbox 1431 4205 1696 4246; x_wconf 81' lang='lat' dir='ltr'><strong>memorat</strong></span> <span class='ocrx_word' id='word_1_385' title='bbox 1715 4193 1883 4246; x_wconf 70' lang='lat' dir='ltr'><strong>Tacit.</strong></span> <span class='ocrx_word' id='word_1_386' title='bbox 1909 4191 2104 4246; x_wconf 73' lang='lat' dir='ltr'><strong>Annal.</strong></span> <span class='ocrx_word' id='word_1_387' title='bbox 2128 4193 2277 4260; x_wconf 81' lang='lat' dir='ltr'><strong>Xssl,</strong></span> <span class='ocrx_word' id='word_1_388' title='bbox 2305 4193 2388 4246; x_wconf 80' lang='lat'><strong>25.</strong></span> 
     </span>
    </p>
   </div>
  </div>
 </body>
</html>
