3050 5004
1089 523 1603 590 camum.
2356 549 2393 614 7

289 650 624 721 veneficiis
643 673 928 747 quoque
959 665 1034 717 et
1059 649 1571 718 devotionibus?
1606 649 1993 742 impugnari
2024 672 2097 718 se
2128 673 2400 744 compe·

288 765 528 830 risset:
567 785 648 829 ac
677 785 764 829 ne
803 778 978 830 tunc
1013 757 1288 856 quidem
1315 760 1496 829 ultra
1531 781 1932 854 progressus
1952 813 1973 843 ,
2002 783 2211 855 quam
2230 775 2310 828 ut
2333 779 2401 830 et

285 877 648 946 amicitiam
683 877 743 942 ei
769 899 970 943 more
1003 870 1345 967 majorum
1379 869 1875 956 renunciaret⁸,
1910 871 2401 970 mandaretque

287 986 674 1054 domesticis
695 985 1100 1070 ultionem⁹‚
1132 987 1188 1053 si
1211 982 1380 1081 quid
1399 983 1528 1053 sibi
1550 982 1905 1054 accideret.

381 1103 498 1164 lv.
547 1103 860 1184 Quarum
899 1099 1230 1165 virtutum
1269 1097 1571 1165 fructum
1610 1095 2033 1165 uberrimum
2070 1095 2226 1165 tulit
2244 1147 2263 1179 ‚
2308 1100 2405 1165 sic

289 1207 613 1302 probatus
635 1225 706 1275 et
727 1207 1018 1278 dilectus
1041 1233 1084 1277 a
1105 1212 1246 1278 suis
1260 1261 1278 1292 ‚
1303 1225 1382 1277 ut
1409 1215 1753 1301 Augustus
1784 1212 2051 1294 (omitto
2073 1211 2259 1278 enim
2282 1233 2404 1278 ne-

289 1318 732 1389 cessitudines
759 1317 1124 1414 reliquas),
1169 1319 1288 1387 diu
1329 1335 1725 1404 cunctatus),
1766 1343 1859 1386 an
1894 1319 2021 1387 sibi
2054 1343 2408 1389 successo·

291 1455 438 1498 rem
467 1430 870 1499 destinaret¹
891 1485 909 1514 ‚
948 1430 1412 1525 adoptandum
1438 1431 1716 1500 Tiberio
1744 1428 2039 1500 dederit:
2072 1432 2169 1500 sic
2200 1429 2407 1524 vulgo

257 1545 266 1554 ’
291 1541 711 1625 &voi-abilis,
740 1559 822 1610 ut
839 1541 1118 1636 plurimi
1145 1541 1418 1610 tradant
1431 1593 1449 1624 ‚
1481 1543 1749 1637 quoties
1770 1540 2001 1638 aliquo
2023 1539 2405 1622 adveniret,

291 1653 398 1724 vel
429 1654 716 1728 sicunde
751 1653 1162 1741 discederet,
1204 1679 1348 1752 prae
1387 1654 1592 1724 turba
1630 1655 2137 1736 occurrentium
2176 1675 2408 1746 prose—

293 1893 384 1928 nes
397 1887 492 1926 aut
511 1874 676 1931 urbes
691 1879 950 1946 jusserat,
974 1875 1170 1932 abolita
1181 1916 1200 1945 ,
1218 1877 1308 1930 vel

293 1971 346 2006 m
361 1958 695 2008 contrarium
714 1975 866 2010 versa
885 1961 1180 2028 cognoscit.
1197 1982 1220 2006 ιι

364 2051 414 2102 7.
449 2035 582 2088 Non
605 2035 830 2107 ptius...
857 2056 1020 2110 quam
1051 2033 1310 2109 veneficiis

291 2131 498 2187 qnoque
523 2128 578 2167 et
597 2116 983 2181 devotionibus,
1007 2131 1110 2170 etc.
1135 2117 1310 2170 Tacit.

295 2193 392 2246 loc.
413 2197 504 2248 cit.
531 2218 556 2242 ι
575 2195 980 2268 reperiebantur
995 2195 1112 2250 solo
1133 2216 1196 2250 ac
1215 2217 1309 2270 pa·

297 2275 510 2328 rictibus
535 2290 694 2328 erutae
721 2275 1080 2330 humanorum
1107 2296 1325 2350 θοι-ΡΨ,

295 2373 408 2404 rum
433 2353 696 2426 reliquiae,
720 2355 955 2407 carmina
985 2367 1036 2407 et
1051 2355 1306 2408 devotio-

296 2451 414 2498 nes,
439 2445 490 2485 et
507 2451 708 2485 nomen
725 2433 1028 2486 Germanici
1045 2433 1328 2507 plumbeis,

297 2510 485 2565 tabulis
511 2512 873 2587 insculptum,
907 2516 1126 2567 semusti
1157 2516 1304 2568 cine-

303 2610 402 2657 res,
423 2612 485 2645 ac
511 2592 640 2646 tabe
665 2592 844 2661 obliti,
871 2593 1080 2665 aliaque
1103 2594 1305 2649 malefi-

309 2675 408 2737 cia,
431 2674 548 2745 quis
581 2674 820 2727 creditur
845 2676 1048 2727 animas
1076 2678 1305 2727 numini-

307 2749 398 2805 bus
413 2755 630 2808 infernis
653 2757 868 2809 sacrari.
888 2779 912 2803 ι
935 2756 1094 2809 Conf.
1121 2756 1190 2809 ad
1211 2758 1304 2810 Ti·-

299 2828 402 2885 ber.
429 2850 553 2904 cap.
583 2832 674 2886 52.

361 2914 411 2967 8.
452 2916 632 2985 Quam
667 2924 728 2967 ut
760 2925 814 2967 et
848 2915 1136 2968 amicitiam
1173 2918 1301 2970 eim.

297 2998 636 3047 muniar-et.
651 2995 824 3047 Tacit.
849 2994 1039 3049 Annal.
1061 3016 1180 3069 cap.
1203 3016 1301 3069 70,

303 3096 324 3117 ι
343 3074 622 3144 componit
652 3072 935 3145 epistolas,
966 3074 1082 3147 quis
1121 3076 1302 3129 amici-

296 3152 412 3202 tiam
427 3154 478 3202 ei
494 3148 870 3218 renunciabat,
888 3176 909 3198 ι
931 3150 1000 3203 ad
1018 3170 1174 3223 quem
1195 3152 1298 3205 loc.

291 3230 404 3282 vide
427 3230 650 3282 Excurs.
675 3230 858 3301 Lipsii.
883 3230 958 3281 Et
977 3245 1099 3284 ante
1121 3230 1302 3284 amici-

291 3312 414 3361 tiam
441 3310 670 3363 abestin
697 3310 925 3377 Codice,
954 3316 1108 3382 quus
1137 3311 1302 3366 colla-

293 3392 362 3442 tio
387 3404 468 3443 est
497 3392 550 3442 in
575 3392 824 3443 manibus
847 3388 1075 3445 Mulieri.

357 3488 408 3539 9.
461 3470 850 3544 Mandat-etque
891 3470 1178 3526 domesticis
1211 3470 1320 3531 ul-,

289 3554 502 3603 tionem.
521 3551 711 3604 Oratio
737 3564 816 3604 est
840 3550 986 3623 apud
1005 3554 1132 3605 Tac.
1159 3554 1300 3606 Ann-

289 3649 405 3703 cap.
429 3646 518 3699 71,
540 3632 636 3703 qui
657 3630 886 3683 additu
904 3632 1154 3686 Juravere
1177 3634 1303 3685 ami-

290 3712 366 3777 ci,
401 3710 640 3762 dextram
675 3711 954 3763 morientis
985 3712 1304 3785 contingen-

289 3800 364 3841 tes
375 3790 650 3863 ,spiritum
671 3802 825 3854 ante,
843 3808 1001 3861 quam
1019 3790 1299 3859 ultionem,

291 3871 589 3923 amissuros.
661 3900 737 3911 —-
753 3870 816 3923 Si
837 3870 966 3943 quid
983 3870 1078 3923 sibi
1099 3870 1304 3923 accide-

291 3962 388 4013 ντες
406 3950 449 4001 οἵ
427 3972 506 4003 νη
523 3949 719 4013 πάθοι,
740 3968 844 4023 per
855 3950 1297 4021 euphemismum.

291 4030 548 4084 Emestius
584 4029 886 4082 dicendum
921 4030 1084 4082 fuisse
1117 4044 1301 4083 censet

291 4110 552 4165 accidisset.
607 4112 694 4163 Ita
741 4110 887 4161 actio
931 4108 1302 4163 ulciscentium

295 4193 654 4264 respiceretur,
669 4190 765 4243 cui
785 4206 918 4243 sane
937 4202 1060 4260 post
1075 4204 1300 4245 mortem

1393 1875 1609 1932 dmum
1624 1875 1925 1930 Germanici
1938 1873 2108 1929 locus.
2128 1871 2411 1930 sedvel-bn

1393 1955 1448 2008 h.
1479 1957 1516 2009 l.
1544 1958 1852 2010 referuntur
1879 1956 2047 2026 ipsius
2074 1953 2405 2019 Germanici,

1396 2049 1627 2090 mortem
1664 2055 1815 2090 suam
1854 2048 1915 2085 ut
1944 2052 2055 2086 rem
2092 2034 2330 2086 futuram
2359 2048 2414 2086 et

1395 2112 1573 2178 adhuc
1592 2116 1853 2167 incertam
1868 2114 2177 2184 cogitantis.
2195 2112 2413 2164 Accide-

1397 2206 1474 2246 ret
1497 2197 1661 2268 igitur
1692 2195 1959 2266 optativus
1988 2205 2068 2245 est
2096 2193 2297 2252 aot-isti.
2330 2193 2412 2244 lta

1397 2293 1516 2344 cap.
1543 2275 1636 2341 24,
1664 2296 1687 2320 ιι
1710 2271 1857 2344 quod
1875 2291 1964 2345 spe
1987 2271 2292 2345 occupandi
2310 2271 2412 2322 Ur-

1395 2351 1551 2419 bem,
1579 2356 1621 2404 si
1648 2351 1777 2425 quid
1806 2351 1907 2403 sibi
1936 2369 2036 2423 per
2064 2363 2409 2422 tempestates

1396 2433 1654 2505 accideret
1673 2471 1692 2499 ,
1746 2433 2103 2486 remansisset.
2130 2453 2169 2486 ι,
2206 2429 2412 2484 Auctor

1395 2513 1709 2584 imperfecto
1738 2530 1866 2566 usus
1897 2523 2009 2579 est,
2043 2512 2299 2583 quoniam
2331 2530 2413 2563 re·

1394 2593 1513 2645 tulit
1529 2590 1597 2643 ad
1616 2611 1786 2664 spem,
1809 2592 2098 2662 scripturus
2115 2590 2411 2659 accidisset,
2442 2658 2449 2663 α

1395 2672 1440 2723 si
1475 2670 1739 2723 retulisset
1762 2670 1841 2723 ad
1870 2669 2161 2742 occupandi
2200 2670 2408 2724 Urbem,

1365 2753 1516 2811 ,Non
1544 2753 1751 2805 minore
1778 2752 1977 2822 injuria
2005 2750 2209 2804 Ernest.
2241 2748 2412 2817 infra,

1395 2850 1514 2903 cap.
1540 2848 1637 2901 29,
1659 2829 1927 2882 damnat«
1905 2832 2033 2882 acui
2056 2843 2163 2880 tam
2183 2828 2274 2880 diu
2300 2849 2410 2882 non

1386 2912 1647 2985 prodesset
1672 2910 1993 2977 elleborum,
2016 2934 2039 2958 ιο
2076 2920 2278 2965 rectam
2304 2907 2435 2971 La-⁸

1391 2993 1649 3044 tinitatem
1676 2990 1950 3062 postulare
1972 2989 2153 3043 dicens
2172 2990 2409 3061 profuis-

1389 3082 1476 3125 set.
1500 3073 1694 3139 Immo,
1718 3074 2006 3125 continuus
2030 3088 2159 3123 usus
2186 3070 2407 3123 ellebori

1390 3171 1563 3225 neque
1580 3152 1767 3205 eodem
1788 3150 1877 3205 illo
1900 3165 2137 3223 tempore
2154 3152 2408 3202 intermis-

1391 3252 1513 3302 ωε,
1558 3248 1713 3287 antea
1753 3247 1929 3286 tamen
1977 3247 2029 3286 et
2076 3228 2251 3284 adhuc
2292 3234 2431 3289 sine,

1387 3312 1597 3381 fructu,
1626 3314 1940 3387 imperfecto
1977 3314 2177 3385 optime
2206 3312 2407 3383 signifi-

1390 3409 1558 3447 catur.

1459 3476 1555 3527 lv.
1598 3490 1641 3527 1.
1678 3474 1749 3527 Ut
1768 3474 2032 3547 Anqustits
2036 3510 2166 3526 .....
2201 3492 2272 3523 an
2304 3472 2405 3525 sibi.
2436 3520 2443 3531 ,

1387 3572 1719 3607 successorem
1756 3553 2062 3619 destinaret,
2096 3563 2197 3605 etc.
2230 3550 2402 3602 Tacit.

1391 3630 1583 3684 Annal.
1620 3632 1709 3699 IV,
1740 3630 1838 3700 57:
1876 3654 1897 3676 α
1919 3629 2264 3685 Dubitaverat
2290 3630 2404 3680 Au-

1393 3724 1579 3785 gustus
1597 3750 1615 3779 ,
1647 3711 2056 3775 Germanicum,
2090 3708 2285 3761 sororis
2314 3728 2406 3759 ne-

1389 3804 1575 3863 potem
1596 3829 1615 3859 ,
1649 3804 1702 3843 et
1739 3792 1941 3842 cunctis
1976 3788 2286 3854 hudatum,
2324 3792 2403 3842 rei

1392 3872 1642 3925 Romanae
1678 3872 1980 3941 imponere;
2026 3868 2119 3921 sed
2152 3866 2401 3939 precibus

1391 3952 1570 4003 uxoris
1608 3952 1841 4017 evictus,
1876 3946 2091 4001 Tiberio
2128 3948 2401 4001 Germani-

1391 4050 1547 4097 cum,
1577 4029 1677 4081 sibi
1707 4028 1978 4083 Tiberium
2016 4026 2253 4081 adscivit.
2278 4052 2299 4075 n
2330 4058 2401 4069 --

1390 4110 1769 4181 Adoptandum
1788 4108 1996 4163 Tiberio
2016 4108 2227 4163 dederit.
2244 4108 2397 4161 Conf.

1389 4188 1569 4241 Tiber.
1598 4188 1677 4243 15.
