<?xml version="1.0" encoding="UTF-8"?>
<!DOCTYPE html PUBLIC "-//W3C//DTD XHTML 1.0 Transitional//EN"
    "http://www.w3.org/TR/xhtml1/DTD/xhtml1-transitional.dtd">
<html xmlns="http://www.w3.org/1999/xhtml" xml:lang="en" lang="en">
 <head>
  <title>
</title>
<meta http-equiv="Content-Type" content="text/html;charset=utf-8" />
  <meta name='ocr-system' content='tesseract 3.04.00' />
  <meta name='ocr-capabilities' content='ocr_page ocr_carea ocr_par ocr_line ocrx_word'/>
</head>
<body>
  <div class='ocr_page' id='page_1' title='image "./csuetoniitranqu09suetgoog_0186.png"; bbox 0 0 3050 5004; ppageno 0'>
   <div class='ocr_carea' id='block_1_1' title="bbox 1190 482 2382 572">
    <p class='ocr_par' dir='ltr' id='par_1_1' title="bbox 1190 482 2382 572">
     <span class='ocr_line' id='line_1_1' title="bbox 1190 482 2382 572; baseline 0.001 -1"><span class='ocrx_word' id='word_1_1' title='bbox 1190 482 1472 571; x_wconf 77' lang='lat' dir='ltr'>NERO.</span> <span class='ocrx_word' id='word_1_2' title='bbox 2257 504 2382 572; x_wconf 81' lang='lat'>165</span> 
     </span>
    </p>
   </div>
   <div class='ocr_carea' id='block_1_2' title="bbox 276 634 2433 1619">
    <p class='ocr_par' dir='ltr' id='par_1_2' title="bbox 276 634 2433 1619">
     <span class='ocr_line' id='line_1_2' title="bbox 284 634 2395 735; baseline -0.002 -28"><span class='ocrx_word' id='word_1_3' title='bbox 284 656 349 707; x_wconf 87' lang='lat' dir='ltr'>et</span> <span class='ocrx_word' id='word_1_4' title='bbox 372 638 705 735; x_wconf 86' lang='lat' dir='ltr'>quosdam</span> <span class='ocrx_word' id='word_1_5' title='bbox 734 636 1027 703; x_wconf 85' lang='lat' dir='ltr'>fortunae</span> <span class='ocrx_word' id='word_1_6' title='bbox 1056 649 1263 729; x_wconf 85' lang='lat' dir='ltr'>atque</span> <span class='ocrx_word' id='word_1_7' title='bbox 1298 634 1806 701; x_wconf 81' lang='lat' dir='ltr'>existimationis</span> <span class='ocrx_word' id='word_1_8' title='bbox 1829 635 2144 725; x_wconf 67' lang='lat' dir='ltr'>integrae:</span> <span class='ocrx_word' id='word_1_9' title='bbox 2177 657 2260 701; x_wconf 87' lang='lat' dir='ltr'>ex</span> <span class='ocrx_word' id='word_1_10' title='bbox 2287 638 2395 703; x_wconf 89' lang='lat' dir='ltr'>iis-</span> 
     </span>
     <span class='ocr_line' id='line_1_3' title="bbox 282 744 2395 839; baseline -0.002 -22"><span class='ocrx_word' id='word_1_11' title='bbox 282 749 433 817; x_wconf 88' lang='lat' dir='ltr'>dem</span> <span class='ocrx_word' id='word_1_12' title='bbox 455 744 1251 816; x_wconf 84' lang='lat' dir='ltr'>ordinibus-confectores</span> <span class='ocrx_word' id='word_1_13' title='bbox 1278 766 1550 839; x_wconf 90' lang='lat' dir='ltr'>quoque</span> <span class='ocrx_word' id='word_1_14' title='bbox 1573 744 1872 811; x_wconf 88' lang='lat' dir='ltr'>ferarum</span> <span class='ocrx_word' id='word_1_15' title='bbox 1892 796 1910 826; x_wconf 92' lang='lat'>‚</span> <span class='ocrx_word' id='word_1_16' title='bbox 1941 759 2010 812; x_wconf 89' lang='lat' dir='ltr'>et</span> <span class='ocrx_word' id='word_1_17' title='bbox 2038 747 2226 811; x_wconf 87' lang='lat' dir='ltr'>varia</span> <span class='ocrx_word' id='word_1_18' title='bbox 2251 768 2395 813; x_wconf 90' lang='lat' dir='ltr'>are·</span> 
     </span>
     <span class='ocr_line' id='line_1_4' title="bbox 278 854 2388 951; baseline -0.002 -24"><span class='ocrx_word' id='word_1_19' title='bbox 278 884 383 928; x_wconf 85' lang='lat' dir='ltr'>nae</span> <span class='ocrx_word' id='word_1_20' title='bbox 412 862 812 931; x_wconf 85' lang='lat' dir='ltr'>ministeria.</span> <span class='ocrx_word' id='word_1_21' title='bbox 860 856 1180 925; x_wconf 83' lang='lat' dir='ltr'>Exhibuit</span> <span class='ocrx_word' id='word_1_22' title='bbox 1218 871 1286 924; x_wconf 89' lang='lat' dir='ltr'>et</span> <span class='ocrx_word' id='word_1_23' title='bbox 1314 854 1838 923; x_wconf 71' lang='lat' dir='ltr'>naumachiam4</span> <span class='ocrx_word' id='word_1_24' title='bbox 1873 858 2134 923; x_wconf 85' lang='lat' dir='ltr'>marina</span> <span class='ocrx_word' id='word_1_25' title='bbox 2173 880 2388 951; x_wconf 87' lang='lat' dir='ltr'>aqua,</span> 
     </span>
     <span class='ocr_line' id='line_1_5' title="bbox 278 965 2390 1063; baseline -0.001 -26"><span class='ocrx_word' id='word_1_26' title='bbox 278 970 665 1038; x_wconf 86' lang='lat' dir='ltr'>innantibus</span> <span class='ocrx_word' id='word_1_27' title='bbox 699 968 977 1037; x_wconf 87' lang='lat' dir='ltr'>belluis:</span> <span class='ocrx_word' id='word_1_28' title='bbox 1022 970 1185 1035; x_wconf 89' lang='lat' dir='ltr'>item</span> <span class='ocrx_word' id='word_1_29' title='bbox 1216 966 1622 1061; x_wconf 77' lang='lat' dir='ltr'>pyrrhichas</span> <span class='ocrx_word' id='word_1_30' title='bbox 1659 965 1990 1063; x_wconf 85' lang='lat' dir='ltr'>quasdam</span> <span class='ocrx_word' id='word_1_31' title='bbox 2029 991 2066 1034; x_wconf 94' lang='lat' dir='ltr'>e</span> <span class='ocrx_word' id='word_1_32' title='bbox 2103 990 2390 1034; x_wconf 89' lang='lat' dir='ltr'>numero</span> 
     </span>
     <span class='ocr_line' id='line_1_6' title="bbox 278 1076 2396 1175; baseline -0.001 -28"><span class='ocrx_word' id='word_1_33' title='bbox 278 1080 769 1175; x_wconf 87' lang='lat' dir='ltr'>epheborum⁵‚</span> <span class='ocrx_word' id='word_1_34' title='bbox 804 1079 1053 1174; x_wconf 91' lang='lat' dir='ltr'>quibus</span> <span class='ocrx_word' id='word_1_35' title='bbox 1080 1094 1237 1172; x_wconf 89' lang='lat' dir='ltr'>post</span> <span class='ocrx_word' id='word_1_36' title='bbox 1259 1078 1509 1145; x_wconf 87' lang='lat' dir='ltr'>editam</span> <span class='ocrx_word' id='word_1_37' title='bbox 1541 1102 1820 1171; x_wconf 82' lang='lat' dir='ltr'><strong>operam</strong></span> <span class='ocrx_word' id='word_1_38' title='bbox 1849 1076 2214 1170; x_wconf 83' lang='lat' dir='ltr'>diplomata</span> <span class='ocrx_word' id='word_1_39' title='bbox 2239 1081 2396 1145; x_wconf 84' lang='lat' dir='ltr'>civi-</span> 
     </span>
     <span class='ocr_line' id='line_1_7' title="bbox 276 1189 2393 1285; baseline -0.001 -25"><span class='ocrx_word' id='word_1_40' title='bbox 276 1196 429 1261; x_wconf 85' lang='lat' dir='ltr'>tatis</span> <span class='ocrx_word' id='word_1_41' title='bbox 454 1199 779 1260; x_wconf 83' lang='lat' dir='ltr'>Romanae</span> <span class='ocrx_word' id='word_1_42' title='bbox 802 1191 1086 1283; x_wconf 79' lang='lat' dir='ltr'>singulis</span> <span class='ocrx_word' id='word_1_43' title='bbox 1112 1189 1417 1259; x_wconf 81' lang='lat' dir='ltr'>obtulit⁶.</span> <span class='ocrx_word' id='word_1_44' title='bbox 1450 1197 1635 1259; x_wconf 88' lang='lat' dir='ltr'>Inter</span> <span class='ocrx_word' id='word_1_45' title='bbox 1657 1190 2176 1285; x_wconf 83' lang='lat' dir='ltr'>pyrrhicharum</span> <span class='ocrx_word' id='word_1_46' title='bbox 2201 1216 2393 1283; x_wconf 81' lang='lat' dir='ltr'>argu·</span> 
     </span>
     <span class='ocr_line' id='line_1_8' title="bbox 278 1300 2433 1395; baseline 0 -26"><span class='ocrx_word' id='word_1_47' title='bbox 278 1314 573 1386; x_wconf 85' lang='lat' dir='ltr'>menta⁷‚</span> <span class='ocrx_word' id='word_1_48' title='bbox 604 1318 843 1369; x_wconf 85' lang='lat' dir='ltr'>taurus</span> <span class='ocrx_word' id='word_1_49' title='bbox 872 1300 1246 1394; x_wconf 82' lang='lat' dir='ltr'>Pasiphaen</span> <span class='ocrx_word' id='word_1_50' title='bbox 1263 1354 1281 1383; x_wconf 88' lang='lat'>‚</span> <span class='ocrx_word' id='word_1_51' title='bbox 1316 1301 1540 1393; x_wconf 79' lang='lat' dir='ltr'>ligneo</span> <span class='ocrx_word' id='word_1_52' title='bbox 1555 1300 1872 1395; x_wconf 81' lang='lat' dir='ltr'>juvencae</span> <span class='ocrx_word' id='word_1_53' title='bbox 1901 1302 2262 1371; x_wconf 88' lang='lat' dir='ltr'>simulacro</span> <span class='ocrx_word' id='word_1_54' title='bbox 2285 1302 2433 1369; x_wconf 81' lang='lat' dir='ltr'>ab-&#39;</span> 
     </span>
     <span class='ocr_line' id='line_1_9' title="bbox 277 1412 2392 1506; baseline 0 -25"><span class='ocrx_word' id='word_1_55' title='bbox 277 1412 485 1481; x_wconf 87' lang='lat' dir='ltr'>ditam</span> <span class='ocrx_word' id='word_1_56' title='bbox 508 1468 525 1495; x_wconf 87' lang='lat'><strong>‚</strong></span> <span class='ocrx_word' id='word_1_57' title='bbox 570 1416 717 1480; x_wconf 88' lang='lat' dir='ltr'>iniit</span> <span class='ocrx_word' id='word_1_58' title='bbox 736 1466 753 1495; x_wconf 90' lang='lat'><strong>,</strong></span> <span class='ocrx_word' id='word_1_59' title='bbox 802 1430 880 1480; x_wconf 86' lang='lat' dir='ltr'>ut</span> <span class='ocrx_word' id='word_1_60' title='bbox 924 1412 1120 1480; x_wconf 90' lang='lat' dir='ltr'>multi</span> <span class='ocrx_word' id='word_1_61' title='bbox 1164 1418 1614 1506; x_wconf 83' lang='lat' dir='ltr'>spectantium</span> <span class='ocrx_word' id='word_1_62' title='bbox 1661 1413 2112 1481; x_wconf 87' lang='lat' dir='ltr'>crediderunt.</span> <span class='ocrx_word' id='word_1_63' title='bbox 2161 1420 2392 1482; x_wconf 90' lang='lat' dir='ltr'>Icarus</span> 
     </span>
     <span class='ocr_line' id='line_1_10' title="bbox 276 1522 2395 1619; baseline 0 -26"><span class='ocrx_word' id='word_1_64' title='bbox 276 1529 497 1619; x_wconf 84' lang='lat' dir='ltr'>primo</span> <span class='ocrx_word' id='word_1_65' title='bbox 515 1526 751 1597; x_wconf 84' lang='lat' dir='ltr'>statim</span> <span class='ocrx_word' id='word_1_66' title='bbox 762 1541 1007 1593; x_wconf 85' lang='lat' dir='ltr'>conatu</span> <span class='ocrx_word' id='word_1_67' title='bbox 1024 1522 1218 1617; x_wconf 87' lang='lat' dir='ltr'>juxta</span> <span class='ocrx_word' id='word_1_68' title='bbox 1232 1524 1622 1592; x_wconf 85' lang='lat' dir='ltr'>cubiculum</span> <span class='ocrx_word' id='word_1_69' title='bbox 1642 1522 1828 1617; x_wconf 78' lang='lat' dir='ltr'>ejus⁸</span> <span class='ocrx_word' id='word_1_70' title='bbox 1849 1523 2096 1593; x_wconf 87' lang='lat' dir='ltr'>decidit</span> <span class='ocrx_word' id='word_1_71' title='bbox 2109 1577 2125 1607; x_wconf 91' lang='lat'>,</span> <span class='ocrx_word' id='word_1_72' title='bbox 2147 1526 2395 1617; x_wconf 91' lang='lat' dir='ltr'>ipsum·</span> 
     </span>
    </p>
   </div>
   <div class='ocr_carea' id='block_1_3' title="bbox 0 2051 2 2777">
    <p class='ocr_par' dir='ltr' id='par_1_3' title="bbox 0 2051 2 2777">
     <span class='ocr_line' id='line_1_11' title="bbox 0 2051 2 2777; baseline 0 0"><span class='ocrx_word' id='word_1_73' title='bbox 0 2051 2 2777; x_wconf 95' lang='lat' dir='ltr'> </span> 
     </span>
    </p>
   </div>
   <div class='ocr_carea' id='block_1_4' title="bbox 272 1750 1295 2137">
    <p class='ocr_par' dir='ltr' id='par_1_4' title="bbox 272 1750 1295 2137">
     <span class='ocr_line' id='line_1_12' title="bbox 288 1750 1293 1821; baseline 0.001 -20"><span class='ocrx_word' id='word_1_74' title='bbox 288 1752 378 1819; x_wconf 74' lang='lat'>14,</span> <span class='ocrx_word' id='word_1_75' title='bbox 418 1762 473 1803; x_wconf 86' lang='lat' dir='ltr'>et</span> <span class='ocrx_word' id='word_1_76' title='bbox 500 1750 619 1816; x_wconf 83' lang='lat' dir='ltr'>XV,</span> <span class='ocrx_word' id='word_1_77' title='bbox 647 1752 749 1817; x_wconf 83' lang='lat'>32,</span> <span class='ocrx_word' id='word_1_78' title='bbox 785 1751 877 1821; x_wconf 84' lang='lat' dir='ltr'>qui</span> <span class='ocrx_word' id='word_1_79' title='bbox 906 1750 1040 1817; x_wconf 87' lang='lat' dir='ltr'>loci,</span> <span class='ocrx_word' id='word_1_80' title='bbox 1070 1768 1293 1821; x_wconf 81' lang='lat' dir='ltr'>compa·-</span> 
     </span>
     <span class='ocr_line' id='line_1_13' title="bbox 282 1828 1295 1901; baseline -0.003 -21"><span class='ocrx_word' id='word_1_81' title='bbox 282 1831 385 1882; x_wconf 87' lang='lat' dir='ltr'>rati</span> <span class='ocrx_word' id='word_1_82' title='bbox 408 1850 533 1883; x_wconf 86' lang='lat' dir='ltr'>cum</span> <span class='ocrx_word' id='word_1_83' title='bbox 560 1830 766 1901; x_wconf 86' lang='lat' dir='ltr'>Xiphil.</span> <span class='ocrx_word' id='word_1_84' title='bbox 795 1830 943 1894; x_wconf 84' lang='lat' dir='ltr'>LXI,</span> <span class='ocrx_word' id='word_1_85' title='bbox 967 1849 1001 1901; x_wconf 86' lang='lat'><strong>9</strong></span> <span class='ocrx_word' id='word_1_86' title='bbox 1017 1867 1035 1895; x_wconf 84' lang='lat'>,</span> <span class='ocrx_word' id='word_1_87' title='bbox 1062 1830 1155 1882; x_wconf 86' lang='lat' dir='ltr'>ubi</span> <span class='ocrx_word' id='word_1_88' title='bbox 1172 1868 1191 1897; x_wconf 86' lang='lat'><strong>‚</strong></span> <span class='ocrx_word' id='word_1_89' title='bbox 1214 1828 1295 1881; x_wconf 67' lang='grc' dir='ltr'>καὶ</span> 
     </span>
     <span class='ocr_line' id='line_1_14' title="bbox 280 1908 1293 1977; baseline 0.001 -19"><span class='ocrx_word' id='word_1_90' title='bbox 280 1908 433 1965; x_wconf 67' lang='grc' dir='ltr'><em>’παῖς</em></span> <span class='ocrx_word' id='word_1_91' title='bbox 472 1908 523 1960; x_wconf 76' lang='lat' dir='ltr'>ix.</span> <span class='ocrx_word' id='word_1_92' title='bbox 550 1908 639 1960; x_wconf 67' lang='lat' dir='ltr'>oroi:</span> <span class='ocrx_word' id='word_1_93' title='bbox 664 1908 824 1964; x_wconf 61' lang='lat' dir='ltr'>ciaon:</span> <span class='ocrx_word' id='word_1_94' title='bbox 850 1908 1102 1977; x_wconf 70' lang='grc' dir='ltr'>τριᾶτιοπα.</span> <span class='ocrx_word' id='word_1_95' title='bbox 1136 1908 1293 1975; x_wconf 62' lang='lat' dir='ltr'>ipore-</span> 
     </span>
     <span class='ocr_line' id='line_1_15' title="bbox 272 1982 1291 2051; baseline 0.003 -15"><span class='ocrx_word' id='word_1_96' title='bbox 272 1982 539 2051; x_wconf 59' lang='lat' dir='ltr'>pix-oar,</span> <span class='ocrx_word' id='word_1_97' title='bbox 594 1986 977 2039; x_wconf 86' lang='lat' dir='ltr'>commendant</span> <span class='ocrx_word' id='word_1_98' title='bbox 1030 1990 1291 2039; x_wconf 79' lang='lat' dir='ltr'>rationem</span> 
     </span>
     <span class='ocr_line' id='line_1_16' title="bbox 276 2064 1283 2137; baseline 0.002 -22"><span class='ocrx_word' id='word_1_99' title='bbox 276 2064 471 2137; x_wconf 85' lang='lat' dir='ltr'>Lipsii‚</span> <span class='ocrx_word' id='word_1_100' title='bbox 510 2066 578 2118; x_wconf 83' lang='lat' dir='ltr'>ad</span> <span class='ocrx_word' id='word_1_101' title='bbox 613 2067 785 2118; x_wconf 81' lang='lat' dir='ltr'>Tacit.</span> <span class='ocrx_word' id='word_1_102' title='bbox 826 2066 1151 2133; x_wconf 78' lang='lat' dir='ltr'>Annal.·V1‚</span> <span class='ocrx_word' id='word_1_103' title='bbox 1188 2084 1283 2137; x_wconf 79' lang='lat'>19,</span> 
     </span>
    </p>
   </div>
   <div class='ocr_carea' id='block_1_5' title="bbox 278 2143 1297 2219">
    <p class='ocr_par' dir='ltr' id='par_1_5' title="bbox 278 2143 1297 2219">
     <span class='ocr_line' id='line_1_17' title="bbox 278 2143 1297 2219; baseline 0.002 -24"><span class='ocrx_word' id='word_1_104' title='bbox 278 2158 457 2197; x_wconf 85' lang='lat' dir='ltr'>nostro</span> <span class='ocrx_word' id='word_1_105' title='bbox 482 2144 605 2196; x_wconf 90' lang='lat' dir='ltr'>loco</span> <span class='ocrx_word' id='word_1_106' title='bbox 630 2143 990 2211; x_wconf 80' lang='lat' dir='ltr'>emendantis,</span> <span class='ocrx_word' id='word_1_107' title='bbox 1020 2170 1043 2191; x_wconf 77' lang='grc' dir='ltr'>σι</span> <span class='ocrx_word' id='word_1_108' title='bbox 1062 2146 1297 2219; x_wconf 79' lang='lat' dir='ltr'>quadra··</span> 
     </span>
    </p>
   </div>
   <div class='ocr_carea' id='block_1_6' title="bbox 272 2224 1291 4284">
    <p class='ocr_par' dir='ltr' id='par_1_6' title="bbox 272 2224 1291 3643">
     <span class='ocr_line' id='line_1_18' title="bbox 272 2224 1287 2297; baseline -0.001 -21"><span class='ocrx_word' id='word_1_109' title='bbox 272 2224 1287 2297; x_wconf 61' lang='lat' dir='ltr'>genosSenatores‚sexagenosqueEqui-</span> 
     </span>
     <span class='ocr_line' id='line_1_19' title="bbox 277 2304 1287 2373; baseline -0.001 -19"><span class='ocrx_word' id='word_1_110' title='bbox 277 2318 355 2356; x_wconf 87' lang='lat' dir='ltr'>tes</span> <span class='ocrx_word' id='word_1_111' title='bbox 392 2304 695 2367; x_wconf 80' lang='lat' dir='ltr'>Romanos,</span> <span class='ocrx_word' id='word_1_112' title='bbox 716 2326 739 2349; x_wconf 77' lang='grc' dir='ltr'>ιι</span> <span class='ocrx_word' id='word_1_113' title='bbox 775 2320 966 2373; x_wconf 86' lang='lat' dir='ltr'>quam,</span> <span class='ocrx_word' id='word_1_114' title='bbox 1004 2304 1287 2372; x_wconf 81' lang='lat' dir='ltr'>repetitam</span> 
     </span>
     <span class='ocr_line' id='line_1_20' title="bbox 278 2381 1287 2454; baseline 0.001 -19"><span class='ocrx_word' id='word_1_115' title='bbox 278 2381 535 2435; x_wconf 82' lang='lat' dir='ltr'>Saturnal.</span> <span class='ocrx_word' id='word_1_116' title='bbox 571 2384 649 2448; x_wconf 80' lang='lat' dir='ltr'>ll,</span> <span class='ocrx_word' id='word_1_117' title='bbox 680 2382 747 2449; x_wconf 82' lang='lat'>3,</span> <span class='ocrx_word' id='word_1_118' title='bbox 779 2396 967 2453; x_wconf 65' lang='lat' dir='ltr'>praeter</span> <span class='ocrx_word' id='word_1_119' title='bbox 1000 2384 1287 2454; x_wconf 82' lang='lat' dir='ltr'>plerosque</span> 
     </span>
     <span class='ocr_line' id='line_1_21' title="bbox 277 2460 1290 2535; baseline 0.002 -21"><span class='ocrx_word' id='word_1_120' title='bbox 277 2460 514 2516; x_wconf 82' lang='lat' dir='ltr'>Suetonii</span> <span class='ocrx_word' id='word_1_121' title='bbox 558 2464 873 2535; x_wconf 79' lang='lat' dir='ltr'>interpretes</span> <span class='ocrx_word' id='word_1_122' title='bbox 919 2461 1290 2534; x_wconf 82' lang='lat' dir='ltr'>comprobavit</span> 
     </span>
     <span class='ocr_line' id='line_1_22' title="bbox 277 2541 1285 2615; baseline 0.001 -21"><span class='ocrx_word' id='word_1_123' title='bbox 277 2541 507 2594; x_wconf 89' lang='lat' dir='ltr'>Gibbon.</span> <span class='ocrx_word' id='word_1_124' title='bbox 542 2543 674 2594; x_wconf 86' lang='lat' dir='ltr'>Hist.</span> <span class='ocrx_word' id='word_1_125' title='bbox 712 2555 825 2594; x_wconf 88' lang='lat' dir='ltr'>not.</span> <span class='ocrx_word' id='word_1_126' title='bbox 866 2543 936 2595; x_wconf 91' lang='grc'>36</span> <span class='ocrx_word' id='word_1_127' title='bbox 970 2542 1039 2595; x_wconf 84' lang='lat' dir='ltr'>ad</span> <span class='ocrx_word' id='word_1_128' title='bbox 1075 2562 1194 2615; x_wconf 89' lang='lat' dir='ltr'>cap.</span> <span class='ocrx_word' id='word_1_129' title='bbox 1235 2543 1285 2611; x_wconf 88' lang='lat'>4.</span> 
     </span>
     <span class='ocr_line' id='line_1_23' title="bbox 276 2621 1287 2693; baseline 0 -19"><span class='ocrx_word' id='word_1_130' title='bbox 276 2622 555 2688; x_wconf 85' lang='lat' dir='ltr'>Ceterum,</span> <span class='ocrx_word' id='word_1_131' title='bbox 582 2641 683 2693; x_wconf 86' lang='lat' dir='ltr'>pro</span> <span class='ocrx_word' id='word_1_132' title='bbox 718 2644 741 2668; x_wconf 71' lang='grc' dir='ltr'><em>α</em></span> <span class='ocrx_word' id='word_1_133' title='bbox 763 2641 827 2674; x_wconf 85' lang='lat' dir='ltr'>ex</span> <span class='ocrx_word' id='word_1_134' title='bbox 859 2623 1047 2675; x_wconf 83' lang='lat' dir='ltr'>iisdem</span> <span class='ocrx_word' id='word_1_135' title='bbox 1084 2621 1287 2675; x_wconf 88' lang='lat' dir='ltr'>ordini·-</span> 
     </span>
     <span class='ocr_line' id='line_1_24' title="bbox 277 2701 1285 2774; baseline 0 -22"><span class='ocrx_word' id='word_1_136' title='bbox 277 2701 377 2754; x_wconf 82' lang='lat' dir='ltr'>bus</span> <span class='ocrx_word' id='word_1_137' title='bbox 408 2703 745 2754; x_wconf 85' lang='lat' dir='ltr'>confectores</span> <span class='ocrx_word' id='word_1_138' title='bbox 780 2719 1001 2774; x_wconf 87' lang='lat' dir='ltr'>quoque</span> <span class='ocrx_word' id='word_1_139' title='bbox 1024 2703 1251 2752; x_wconf 84' lang='lat' dir='ltr'>ferarum</span> <span class='ocrx_word' id='word_1_140' title='bbox 1268 2739 1285 2768; x_wconf 82' lang='lat'>‚</span> 
     </span>
     <span class='ocr_line' id='line_1_25' title="bbox 278 2781 1287 2854; baseline 0 -23"><span class='ocrx_word' id='word_1_141' title='bbox 278 2794 330 2831; x_wconf 87' lang='lat' dir='ltr'>et</span> <span class='ocrx_word' id='word_1_142' title='bbox 350 2781 497 2832; x_wconf 78' lang='lat' dir='ltr'>varia</span> <span class='ocrx_word' id='word_1_143' title='bbox 524 2798 695 2834; x_wconf 73' lang='lat' dir='ltr'>arente</span> <span class='ocrx_word' id='word_1_144' title='bbox 732 2781 1019 2832; x_wconf 83' lang='lat' dir='ltr'>ministeria</span> <span class='ocrx_word' id='word_1_145' title='bbox 1036 2816 1052 2844; x_wconf 88' lang='lat'>‚</span> <span class='ocrx_word' id='word_1_146' title='bbox 1073 2802 1095 2826; x_wconf 74' lang='lat' dir='ltr'>n</span> <span class='ocrx_word' id='word_1_147' title='bbox 1128 2798 1287 2854; x_wconf 84' lang='lat' dir='ltr'>quam</span> 
     </span>
     <span class='ocr_line' id='line_1_26' title="bbox 276 2857 1287 2930; baseline 0 -20"><span class='ocrx_word' id='word_1_148' title='bbox 276 2861 489 2910; x_wconf 83' lang='lat' dir='ltr'>Memm.</span> <span class='ocrx_word' id='word_1_149' title='bbox 533 2872 587 2912; x_wconf 87' lang='lat' dir='ltr'>et</span> <span class='ocrx_word' id='word_1_150' title='bbox 631 2860 957 2930; x_wconf 87' lang='lat' dir='ltr'>optimorum</span> <span class='ocrx_word' id='word_1_151' title='bbox 992 2857 1161 2910; x_wconf 83' lang='lat' dir='ltr'>codd.</span> <span class='ocrx_word' id='word_1_152' title='bbox 1206 2857 1287 2910; x_wconf 89' lang='lat' dir='ltr'>le-</span> 
     </span>
     <span class='ocr_line' id='line_1_27' title="bbox 277 2937 1289 2990; baseline -0.003 -1"><span class='ocrx_word' id='word_1_153' title='bbox 277 2941 509 2990; x_wconf 87' lang='lat' dir='ltr'>ctionem</span> <span class='ocrx_word' id='word_1_154' title='bbox 542 2937 828 2989; x_wconf 84' lang='lat' dir='ltr'>ediderunt</span> <span class='ocrx_word' id='word_1_155' title='bbox 862 2951 985 2989; x_wconf 89' lang='lat' dir='ltr'>ante</span> <span class='ocrx_word' id='word_1_156' title='bbox 1018 2955 1121 2988; x_wconf 84' lang='lat' dir='ltr'>nos</span> <span class='ocrx_word' id='word_1_157' title='bbox 1155 2937 1289 2987; x_wconf 88' lang='lat' dir='ltr'>Bur-</span> 
     </span>
     <span class='ocr_line' id='line_1_28' title="bbox 278 3015 1287 3083; baseline 0 -15"><span class='ocrx_word' id='word_1_158' title='bbox 278 3035 485 3083; x_wconf 85' lang='lat' dir='ltr'>mann.‚</span> <span class='ocrx_word' id='word_1_159' title='bbox 510 3015 793 3080; x_wconf 85' lang='lat' dir='ltr'>Oudend.‚</span> <span class='ocrx_word' id='word_1_160' title='bbox 814 3015 1073 3080; x_wconf 76' lang='lat' dir='ltr'>wolfius,</span> <span class='ocrx_word' id='word_1_161' title='bbox 1094 3018 1151 3067; x_wconf 88' lang='lat' dir='ltr'>in</span> <span class='ocrx_word' id='word_1_162' title='bbox 1172 3015 1287 3068; x_wconf 81' lang='lat' dir='ltr'>aliis</span> 
     </span>
     <span class='ocr_line' id='line_1_29' title="bbox 280 3095 1288 3168; baseline -0.001 -22"><span class='ocrx_word' id='word_1_163' title='bbox 280 3109 357 3147; x_wconf 80' lang='lat' dir='ltr'>est</span> <span class='ocrx_word' id='word_1_164' title='bbox 378 3096 743 3166; x_wconf 83' lang='lat' dir='ltr'>interpunctio</span> <span class='ocrx_word' id='word_1_165' title='bbox 768 3107 895 3168; x_wconf 78' lang='lat' dir='ltr'>post</span> <span class='ocrx_word' id='word_1_166' title='bbox 914 3114 979 3146; x_wconf 83' lang='lat' dir='ltr'>ex</span> <span class='ocrx_word' id='word_1_167' title='bbox 1008 3095 1185 3147; x_wconf 81' lang='lat' dir='ltr'>iisdem</span> <span class='ocrx_word' id='word_1_168' title='bbox 1210 3113 1288 3145; x_wconf 85' lang='lat' dir='ltr'>or-</span> 
     </span>
     <span class='ocr_line' id='line_1_30' title="bbox 278 3170 1290 3246; baseline 0.001 -21"><span class='ocrx_word' id='word_1_169' title='bbox 278 3173 476 3226; x_wconf 72' lang='lat' dir='ltr'>dinibus</span> <span class='ocrx_word' id='word_1_170' title='bbox 492 3197 509 3226; x_wconf 90' lang='grc'>.·</span> <span class='ocrx_word' id='word_1_171' title='bbox 542 3193 665 3225; x_wconf 85' lang='lat' dir='ltr'>mox</span> <span class='ocrx_word' id='word_1_172' title='bbox 681 3211 698 3240; x_wconf 87' lang='lat'>‚</span> <span class='ocrx_word' id='word_1_173' title='bbox 732 3196 755 3220; x_wconf 71' lang='grc' dir='ltr'><em>α</em></span> <span class='ocrx_word' id='word_1_174' title='bbox 776 3173 1193 3246; x_wconf 78' lang='lat' dir='ltr'>confectoresque</span> <span class='ocrx_word' id='word_1_175' title='bbox 1212 3170 1290 3226; x_wconf 83' lang='lat' dir='ltr'>fe-</span> 
     </span>
     <span class='ocr_line' id='line_1_31' title="bbox 280 3253 1291 3318; baseline -0.001 -13"><span class='ocrx_word' id='word_1_176' title='bbox 280 3273 452 3306; x_wconf 85' lang='lat' dir='ltr'>rarum</span> <span class='ocrx_word' id='word_1_177' title='bbox 470 3291 487 3318; x_wconf 85' lang='lat'>‚</span> <span class='ocrx_word' id='word_1_178' title='bbox 515 3267 567 3304; x_wconf 87' lang='lat' dir='ltr'>et</span> <span class='ocrx_word' id='word_1_179' title='bbox 592 3253 664 3304; x_wconf 83' lang='lat' dir='ltr'>ad</span> <span class='ocrx_word' id='word_1_180' title='bbox 688 3254 835 3304; x_wconf 81' lang='lat' dir='ltr'>varia</span> <span class='ocrx_word' id='word_1_181' title='bbox 858 3272 1029 3306; x_wconf 81' lang='lat' dir='ltr'>arenae</span> <span class='ocrx_word' id='word_1_182' title='bbox 1052 3254 1291 3304; x_wconf 86' lang='lat' dir='ltr'>ministe-</span> 
     </span>
     <span class='ocr_line' id='line_1_32' title="bbox 278 3331 1289 3386; baseline -0.002 -1"><span class='ocrx_word' id='word_1_183' title='bbox 278 3336 373 3386; x_wconf 81' lang='lat' dir='ltr'>ria.</span> <span class='ocrx_word' id='word_1_184' title='bbox 396 3357 418 3380; x_wconf 73' lang='lat' dir='ltr'>n</span> <span class='ocrx_word' id='word_1_185' title='bbox 448 3332 665 3386; x_wconf 78' lang='lat' dir='ltr'>Fefellit</span> <span class='ocrx_word' id='word_1_186' title='bbox 692 3333 942 3386; x_wconf 81' lang='lat' dir='ltr'>librarios</span> <span class='ocrx_word' id='word_1_187' title='bbox 976 3347 1027 3384; x_wconf 89' lang='lat' dir='ltr'>et</span> <span class='ocrx_word' id='word_1_188' title='bbox 1060 3331 1289 3386; x_wconf 79' lang='lat' dir='ltr'>editores</span> 
     </span>
     <span class='ocr_line' id='line_1_33' title="bbox 280 3410 1288 3482; baseline -0.001 -18"><span class='ocrx_word' id='word_1_189' title='bbox 280 3411 603 3464; x_wconf 77' lang='lat' dir='ltr'>abstractum</span> <span class='ocrx_word' id='word_1_190' title='bbox 636 3411 924 3464; x_wconf 80' lang='lat' dir='ltr'>ministeria</span> <span class='ocrx_word' id='word_1_191' title='bbox 952 3410 1159 3462; x_wconf 86' lang='lat' dir='ltr'>dictum</span> <span class='ocrx_word' id='word_1_192' title='bbox 1190 3430 1288 3482; x_wconf 88' lang='lat' dir='ltr'>pro</span> 
     </span>
     <span class='ocr_line' id='line_1_34' title="bbox 278 3491 1288 3566; baseline -0.005 -22"><span class='ocrx_word' id='word_1_193' title='bbox 278 3494 523 3548; x_wconf 72' lang='lat' dir='ltr'>ministris</span> <span class='ocrx_word' id='word_1_194' title='bbox 541 3533 560 3562; x_wconf 86' lang='lat'><strong><em>,</em></strong></span> <span class='ocrx_word' id='word_1_195' title='bbox 604 3491 672 3544; x_wconf 88' lang='lat' dir='ltr'>de</span> <span class='ocrx_word' id='word_1_196' title='bbox 712 3511 821 3566; x_wconf 90' lang='lat' dir='ltr'>quo</span> <span class='ocrx_word' id='word_1_197' title='bbox 862 3491 981 3544; x_wconf 82' lang='lat' dir='ltr'>vide</span> <span class='ocrx_word' id='word_1_198' title='bbox 1022 3492 1191 3544; x_wconf 55' lang='grc' dir='ltr'><strong>(ξι-ων.</strong></span> <span class='ocrx_word' id='word_1_199' title='bbox 1236 3501 1288 3543; x_wconf 87' lang='lat' dir='ltr'>et</span> 
     </span>
     <span class='ocr_line' id='line_1_35' title="bbox 278 3569 881 3643; baseline -0.002 -18"><span class='ocrx_word' id='word_1_200' title='bbox 278 3573 629 3643; x_wconf 85' lang='lat' dir='ltr'>Oudendorp.</span> <span class='ocrx_word' id='word_1_201' title='bbox 660 3571 729 3624; x_wconf 74' lang='lat' dir='ltr'>ad</span> <span class='ocrx_word' id='word_1_202' title='bbox 757 3571 813 3622; x_wconf 85' lang='lat' dir='ltr'>h.</span> <span class='ocrx_word' id='word_1_203' title='bbox 844 3569 881 3624; x_wconf 90' lang='lat' dir='ltr'>l.</span> 
     </span>
    </p>

    <p class='ocr_par' dir='ltr' id='par_1_7' title="bbox 276 3651 1287 4284">
     <span class='ocr_line' id='line_1_36' title="bbox 343 3651 1287 3718; baseline -0.002 -14"><span class='ocrx_word' id='word_1_204' title='bbox 343 3651 396 3718; x_wconf 85' lang='lat'>4.</span> <span class='ocrx_word' id='word_1_205' title='bbox 421 3651 678 3704; x_wconf 73' lang='lat' dir='ltr'>Exhibuit</span> <span class='ocrx_word' id='word_1_206' title='bbox 698 3661 749 3702; x_wconf 82' lang='lat' dir='ltr'>et</span> <span class='ocrx_word' id='word_1_207' title='bbox 770 3651 1163 3718; x_wconf 79' lang='lat' dir='ltr'>naumachiam,</span> <span class='ocrx_word' id='word_1_208' title='bbox 1185 3665 1287 3703; x_wconf 85' lang='lat' dir='ltr'>etc.</span> 
     </span>
     <span class='ocr_line' id='line_1_37' title="bbox 276 3730 1287 3804; baseline 0 -22"><span class='ocrx_word' id='word_1_209' title='bbox 276 3731 408 3784; x_wconf 78' lang='lat' dir='ltr'>vide</span> <span class='ocrx_word' id='word_1_210' title='bbox 446 3731 650 3804; x_wconf 82' lang='lat' dir='ltr'>Xiphil.</span> <span class='ocrx_word' id='word_1_211' title='bbox 686 3731 835 3798; x_wconf 88' lang='lat' dir='ltr'>LXI,</span> <span class='ocrx_word' id='word_1_212' title='bbox 868 3749 922 3800; x_wconf 87' lang='lat'>9.</span> <span class='ocrx_word' id='word_1_213' title='bbox 959 3730 1287 3784; x_wconf 69' lang='lat' dir='ltr'>Praetulimus</span> 
     </span>
     <span class='ocr_line' id='line_1_38' title="bbox 280 3813 1287 3884; baseline 0 -20"><span class='ocrx_word' id='word_1_214' title='bbox 280 3825 449 3866; x_wconf 85' lang='lat' dir='ltr'>autem</span> <span class='ocrx_word' id='word_1_215' title='bbox 466 3813 951 3884; x_wconf 84' lang='lat' dir='ltr'>interpunctionem</span> <span class='ocrx_word' id='word_1_216' title='bbox 968 3815 1135 3864; x_wconf 82' lang='lat' dir='ltr'>nostri</span> <span class='ocrx_word' id='word_1_217' title='bbox 1145 3831 1287 3864; x_wconf 85' lang='lat' dir='ltr'>com-</span> 
     </span>
     <span class='ocr_line' id='line_1_39' title="bbox 278 3891 1285 3966; baseline 0.001 -22"><span class='ocrx_word' id='word_1_218' title='bbox 278 3897 428 3946; x_wconf 83' lang='lat' dir='ltr'>matis</span> <span class='ocrx_word' id='word_1_219' title='bbox 440 3932 457 3959; x_wconf 87' lang='lat'>.,</span> <span class='ocrx_word' id='word_1_220' title='bbox 474 3912 635 3966; x_wconf 82' lang='lat' dir='ltr'>quam</span> <span class='ocrx_word' id='word_1_221' title='bbox 652 3891 941 3958; x_wconf 85' lang='lat' dir='ltr'>edidimus,</span> <span class='ocrx_word' id='word_1_222' title='bbox 962 3891 1138 3958; x_wconf 81' lang='lat' dir='ltr'>alteri,</span> <span class='ocrx_word' id='word_1_223' title='bbox 1160 3912 1285 3945; x_wconf 77' lang='lat' dir='ltr'>nau-</span> 
     </span>
     <span class='ocr_line' id='line_1_40' title="bbox 276 3971 1286 4044; baseline 0.002 -22"><span class='ocrx_word' id='word_1_224' title='bbox 276 3972 569 4033; x_wconf 78' lang='lat' dir='ltr'>machiam,</span> <span class='ocrx_word' id='word_1_225' title='bbox 590 3974 799 4024; x_wconf 78' lang='lat' dir='ltr'>marina</span> <span class='ocrx_word' id='word_1_226' title='bbox 816 3991 957 4044; x_wconf 81' lang='lat' dir='ltr'>aqua</span> <span class='ocrx_word' id='word_1_227' title='bbox 982 3971 1286 4024; x_wconf 80' lang='lat' dir='ltr'>innantibus</span> 
     </span>
     <span class='ocr_line' id='line_1_41' title="bbox 282 4051 1285 4125; baseline 0 -21"><span class='ocrx_word' id='word_1_228' title='bbox 282 4051 490 4119; x_wconf 79' lang='lat' dir='ltr'>belluis,</span> <span class='ocrx_word' id='word_1_229' title='bbox 513 4067 565 4105; x_wconf 84' lang='lat' dir='ltr'>et</span> <span class='ocrx_word' id='word_1_230' title='bbox 586 4051 731 4125; x_wconf 87' lang='lat' dir='ltr'>quod</span> <span class='ocrx_word' id='word_1_231' title='bbox 752 4051 807 4104; x_wconf 90' lang='lat' dir='ltr'>id</span> <span class='ocrx_word' id='word_1_232' title='bbox 826 4055 997 4124; x_wconf 84' lang='lat' dir='ltr'>ipsum</span> <span class='ocrx_word' id='word_1_233' title='bbox 1019 4051 1285 4124; x_wconf 74' lang='lat' dir='ltr'>singulare</span> 
     </span>
     <span class='ocr_line' id='line_1_42' title="bbox 278 4129 1287 4203; baseline 0 -21"><span class='ocrx_word' id='word_1_234' title='bbox 278 4131 379 4183; x_wconf 80' lang='lat' dir='ltr'>fuit</span> <span class='ocrx_word' id='word_1_235' title='bbox 410 4134 467 4185; x_wconf 90' lang='lat' dir='ltr'>in</span> <span class='ocrx_word' id='word_1_236' title='bbox 500 4129 821 4185; x_wconf 76' lang='lat' dir='ltr'>naumachia</span> <span class='ocrx_word' id='word_1_237' title='bbox 852 4133 1111 4200; x_wconf 81' lang='lat' dir='ltr'>Neronis,</span> <span class='ocrx_word' id='word_1_238' title='bbox 1142 4130 1287 4203; x_wconf 84' lang='lat' dir='ltr'>quod</span> 
     </span>
     <span class='ocr_line' id='line_1_43' title="bbox 284 4207 1287 4284; baseline 0 -24"><span class='ocrx_word' id='word_1_239' title='bbox 284 4211 483 4263; x_wconf 79' lang='lat' dir='ltr'>marina</span> <span class='ocrx_word' id='word_1_240' title='bbox 502 4229 643 4284; x_wconf 79' lang='lat' dir='ltr'>aqua</span> <span class='ocrx_word' id='word_1_241' title='bbox 662 4208 1052 4282; x_wconf 79' lang='lat' dir='ltr'>complebatur,</span> <span class='ocrx_word' id='word_1_242' title='bbox 1068 4224 1122 4263; x_wconf 90' lang='lat' dir='ltr'>et</span> <span class='ocrx_word' id='word_1_243' title='bbox 1143 4207 1287 4282; x_wconf 88' lang='lat' dir='ltr'>quod</span> 
     </span>
    </p>
   </div>
   <div class='ocr_carea' id='block_1_7' title="bbox 1374 1747 2397 2299">
    <p class='ocr_par' dir='ltr' id='par_1_8' title="bbox 1382 1747 2397 1881">
     <span class='ocr_line' id='line_1_44' title="bbox 1382 1747 2397 1818; baseline -0.004 -15"><span class='ocrx_word' id='word_1_244' title='bbox 1382 1749 1694 1803; x_wconf 81' lang='lat' dir='ltr'>Suetoniani</span> <span class='ocrx_word' id='word_1_245' title='bbox 1723 1766 1852 1803; x_wconf 79' lang='lat' dir='ltr'>usus</span> <span class='ocrx_word' id='word_1_246' title='bbox 1884 1760 2008 1803; x_wconf 78' lang='lat' dir='ltr'>sunt</span> <span class='ocrx_word' id='word_1_247' title='bbox 2037 1747 2274 1818; x_wconf 79' lang='lat' dir='ltr'>adjuncti</span> <span class='ocrx_word' id='word_1_248' title='bbox 2297 1748 2397 1801; x_wconf 79' lang='lat' dir='ltr'>ab·</span> 
     </span>
     <span class='ocr_line' id='line_1_45' title="bbox 1383 1830 1548 1881; baseline 0 0"><span class='ocrx_word' id='word_1_249' title='bbox 1383 1830 1548 1881; x_wconf 70' lang='lat' dir='ltr'>lati-ri.</span> 
     </span>
    </p>

    <p class='ocr_par' dir='ltr' id='par_1_9' title="bbox 1374 1908 2396 2299">
     <span class='ocr_line' id='line_1_46' title="bbox 1456 1908 2396 1981; baseline -0.001 -19"><span class='ocrx_word' id='word_1_250' title='bbox 1456 1910 1506 1962; x_wconf 88' lang='lat'>5.</span> <span class='ocrx_word' id='word_1_251' title='bbox 1548 1911 1681 1961; x_wconf 73' lang='lat' dir='ltr'>Rem</span> <span class='ocrx_word' id='word_1_252' title='bbox 1723 1908 2036 1981; x_wconf 77' lang='lat' dir='ltr'>pyrrhichas</span> <span class='ocrx_word' id='word_1_253' title='bbox 2074 1908 2322 1979; x_wconf 74' lang='lat' dir='ltr'>quasdam</span> <span class='ocrx_word' id='word_1_254' title='bbox 2367 1931 2396 1961; x_wconf 81' lang='lat' dir='ltr'>e</span> 
     </span>
     <span class='ocr_line' id='line_1_47' title="bbox 1384 1986 2395 2061; baseline -0.003 -21"><span class='ocrx_word' id='word_1_255' title='bbox 1384 2008 1602 2043; x_wconf 76' lang='lat' dir='ltr'>numero</span> <span class='ocrx_word' id='word_1_256' title='bbox 1626 1990 1957 2061; x_wconf 78' lang='lat' dir='ltr'>epheborum.</span> <span class='ocrx_word' id='word_1_257' title='bbox 1993 1986 2149 2039; x_wconf 85' lang='lat' dir='ltr'>Haud</span> <span class='ocrx_word' id='word_1_258' title='bbox 2180 1988 2395 2058; x_wconf 81' lang='lat' dir='ltr'>placent</span> 
     </span>
     <span class='ocr_line' id='line_1_48' title="bbox 1382 2069 2396 2140; baseline -0.003 -19"><span class='ocrx_word' id='word_1_259' title='bbox 1382 2069 1789 2122; x_wconf 82' lang='lat' dir='ltr'>emendationes</span> <span class='ocrx_word' id='word_1_260' title='bbox 1799 2072 2002 2121; x_wconf 83' lang='lat' dir='ltr'>Ernest.</span> <span class='ocrx_word' id='word_1_261' title='bbox 2018 2090 2040 2113; x_wconf 78' lang='grc' dir='ltr'>ι</span> <span class='ocrx_word' id='word_1_262' title='bbox 2055 2071 2182 2119; x_wconf 85' lang='lat' dir='ltr'>item</span> <span class='ocrx_word' id='word_1_263' title='bbox 2197 2069 2268 2119; x_wconf 81' lang='lat' dir='ltr'>ad</span> <span class='ocrx_word' id='word_1_264' title='bbox 2281 2086 2396 2140; x_wconf 76' lang='lat' dir='ltr'>pyr-</span> 
     </span>
     <span class='ocr_line' id='line_1_49' title="bbox 1375 2145 2396 2220; baseline 0 -22"><span class='ocrx_word' id='word_1_265' title='bbox 1375 2146 1593 2201; x_wconf 84' lang='lat' dir='ltr'>rhichas</span> <span class='ocrx_word' id='word_1_266' title='bbox 1628 2148 1880 2220; x_wconf 78' lang='lat' dir='ltr'>quosdam</span> <span class='ocrx_word' id='word_1_267' title='bbox 1915 2166 1944 2197; x_wconf 83' lang='lat' dir='ltr'>e</span> <span class='ocrx_word' id='word_1_268' title='bbox 1971 2164 2194 2199; x_wconf 83' lang='lat' dir='ltr'>numero</span> <span class='ocrx_word' id='word_1_269' title='bbox 2225 2145 2396 2219; x_wconf 80' lang='lat' dir='ltr'>ephe-</span> 
     </span>
     <span class='ocr_line' id='line_1_50' title="bbox 1374 2225 2395 2299; baseline 0.004 -22"><span class='ocrx_word' id='word_1_270' title='bbox 1374 2226 1578 2279; x_wconf 83' lang='lat' dir='ltr'>borum</span> <span class='ocrx_word' id='word_1_271' title='bbox 1593 2267 1612 2289; x_wconf 71' lang='lat'>,</span> <span class='ocrx_word' id='word_1_272' title='bbox 1635 2252 1657 2275; x_wconf 68' lang='lat' dir='ltr'>a</span> <span class='ocrx_word' id='word_1_273' title='bbox 1690 2241 1741 2279; x_wconf 92' lang='lat' dir='ltr'>et</span> <span class='ocrx_word' id='word_1_274' title='bbox 1765 2225 2012 2281; x_wconf 77' lang='lat' dir='ltr'>Oudend.</span> <span class='ocrx_word' id='word_1_275' title='bbox 2043 2249 2066 2273; x_wconf 74' lang='grc' dir='ltr'><strong>α</strong></span> <span class='ocrx_word' id='word_1_276' title='bbox 2087 2226 2395 2299; x_wconf 73' lang='lat' dir='ltr'>pyrrhichas</span> 
     </span>
    </p>
   </div>
   <div class='ocr_carea' id='block_1_8' title="bbox 1374 2304 2398 4280">
    <p class='ocr_par' dir='ltr' id='par_1_10' title="bbox 1374 2304 2398 3563">
     <span class='ocr_line' id='line_1_51' title="bbox 1381 2304 2390 2377; baseline -0.004 -18"><span class='ocrx_word' id='word_1_277' title='bbox 1381 2308 1423 2359; x_wconf 86' lang='lat' dir='ltr'><em>C</em></span> <span class='ocrx_word' id='word_1_278' title='bbox 1445 2306 1719 2377; x_wconf 73' lang='lat' dir='ltr'>(centum)</span> <span class='ocrx_word' id='word_1_279' title='bbox 1743 2324 1964 2359; x_wconf 85' lang='lat' dir='ltr'>numero</span> <span class='ocrx_word' id='word_1_280' title='bbox 1995 2304 2342 2376; x_wconf 85' lang='lat' dir='ltr'>epheborum.</span> <span class='ocrx_word' id='word_1_281' title='bbox 2368 2331 2390 2354; x_wconf 70' lang='lat' dir='ltr'>a</span> 
     </span>
     <span class='ocr_line' id='line_1_52' title="bbox 1380 2382 2393 2455; baseline 0.005 -22"><span class='ocrx_word' id='word_1_282' title='bbox 1380 2382 1588 2451; x_wconf 86' lang='lat' dir='ltr'>Quidni</span> <span class='ocrx_word' id='word_1_283' title='bbox 1637 2386 1776 2435; x_wconf 84' lang='lat' dir='ltr'>enim</span> <span class='ocrx_word' id='word_1_284' title='bbox 1831 2382 2218 2455; x_wconf 83' lang='lat' dir='ltr'>complectatur</span> <span class='ocrx_word' id='word_1_285' title='bbox 2275 2404 2393 2437; x_wconf 85' lang='lat' dir='ltr'>voc.</span> 
     </span>
     <span class='ocr_line' id='line_1_53' title="bbox 1374 2462 2396 2536; baseline 0.002 -22"><span class='ocrx_word' id='word_1_286' title='bbox 1374 2462 1668 2536; x_wconf 79' lang='lat' dir='ltr'>pyrrhicha</span> <span class='ocrx_word' id='word_1_287' title='bbox 1691 2462 1962 2529; x_wconf 82' lang='lat' dir='ltr'>homines,</span> <span class='ocrx_word' id='word_1_288' title='bbox 1990 2463 2083 2534; x_wconf 87' lang='lat' dir='ltr'>qui</span> <span class='ocrx_word' id='word_1_289' title='bbox 2100 2480 2216 2516; x_wconf 82' lang='lat' dir='ltr'>eam</span> <span class='ocrx_word' id='word_1_290' title='bbox 2239 2462 2396 2516; x_wconf 81' lang='lat' dir='ltr'>salta-</span> 
     </span>
     <span class='ocr_line' id='line_1_54' title="bbox 1380 2541 2392 2614; baseline 0 -22"><span class='ocrx_word' id='word_1_291' title='bbox 1380 2541 1511 2594; x_wconf 83' lang='lat' dir='ltr'>bant</span> <span class='ocrx_word' id='word_1_292' title='bbox 1529 2581 1544 2606; x_wconf 87' lang='lat'><strong><em>,</em></strong></span> <span class='ocrx_word' id='word_1_293' title='bbox 1574 2560 1672 2594; x_wconf 82' lang='lat' dir='ltr'>seu</span> <span class='ocrx_word' id='word_1_294' title='bbox 1698 2541 2116 2614; x_wconf 71' lang='lat' dir='ltr'>pyrrlaicharios,</span> <span class='ocrx_word' id='word_1_295' title='bbox 2138 2553 2200 2592; x_wconf 91' lang='lat' dir='ltr'>ut</span> <span class='ocrx_word' id='word_1_296' title='bbox 2223 2543 2392 2592; x_wconf 82' lang='lat' dir='ltr'>visum</span> 
     </span>
     <span class='ocr_line' id='line_1_55' title="bbox 1379 2619 2398 2692; baseline 0 -20"><span class='ocrx_word' id='word_1_297' title='bbox 1379 2622 1541 2672; x_wconf 82' lang='lat' dir='ltr'>etiam</span> <span class='ocrx_word' id='word_1_298' title='bbox 1569 2619 1878 2687; x_wconf 86' lang='lat' dir='ltr'>Walthero‚</span> <span class='ocrx_word' id='word_1_299' title='bbox 1908 2619 2126 2672; x_wconf 86' lang='lat' dir='ltr'>Observ.</span> <span class='ocrx_word' id='word_1_300' title='bbox 2151 2639 2272 2692; x_wconf 80' lang='lat' dir='ltr'>pag.</span> <span class='ocrx_word' id='word_1_301' title='bbox 2298 2619 2398 2674; x_wconf 82' lang='lat'>25?</span> 
     </span>
     <span class='ocr_line' id='line_1_56' title="bbox 1376 2696 2397 2772; baseline 0.001 -22"><span class='ocrx_word' id='word_1_302' title='bbox 1376 2699 1604 2750; x_wconf 86' lang='lat' dir='ltr'>Mullero</span> <span class='ocrx_word' id='word_1_303' title='bbox 1624 2698 1902 2770; x_wconf 83' lang='lat' dir='ltr'>placebat,</span> <span class='ocrx_word' id='word_1_304' title='bbox 1927 2721 1950 2746; x_wconf 74' lang='grc' dir='ltr'><strong><em>κ</em></strong></span> <span class='ocrx_word' id='word_1_305' title='bbox 1966 2696 2278 2772; x_wconf 75' lang='lat' dir='ltr'>pyrrhichas</span> <span class='ocrx_word' id='word_1_306' title='bbox 2295 2698 2397 2752; x_wconf 81' lang='lat' dir='ltr'>sal·</span> 
     </span>
     <span class='ocr_line' id='line_1_57' title="bbox 1378 2774 2395 2851; baseline 0.002 -22"><span class='ocrx_word' id='word_1_307' title='bbox 1378 2788 1545 2830; x_wconf 83' lang='lat' dir='ltr'>tantes</span> <span class='ocrx_word' id='word_1_308' title='bbox 1568 2803 1591 2826; x_wconf 69' lang='grc' dir='ltr'>ι</span> <span class='ocrx_word' id='word_1_309' title='bbox 1622 2774 1704 2829; x_wconf 83' lang='lat' dir='ltr'>vel</span> <span class='ocrx_word' id='word_1_310' title='bbox 1734 2801 1756 2823; x_wconf 73' lang='grc' dir='ltr'><strong><em>κ</em></strong></span> <span class='ocrx_word' id='word_1_311' title='bbox 1775 2777 2116 2850; x_wconf 73' lang='lat' dir='ltr'>pyrrhichas,</span> <span class='ocrx_word' id='word_1_312' title='bbox 2137 2799 2263 2851; x_wconf 81' lang='lat' dir='ltr'>quas</span> <span class='ocrx_word' id='word_1_313' title='bbox 2289 2778 2395 2833; x_wconf 79' lang='lat' dir='ltr'>sal-</span> 
     </span>
     <span class='ocr_line' id='line_1_58' title="bbox 1380 2857 2394 2929; baseline 0.005 -21"><span class='ocrx_word' id='word_1_314' title='bbox 1380 2858 1572 2909; x_wconf 80' lang='lat' dir='ltr'>tabant</span> <span class='ocrx_word' id='word_1_315' title='bbox 1593 2875 1621 2908; x_wconf 88' lang='lat' dir='ltr'>e</span> <span class='ocrx_word' id='word_1_316' title='bbox 1647 2875 1865 2910; x_wconf 89' lang='lat' dir='ltr'>numero</span> <span class='ocrx_word' id='word_1_317' title='bbox 1895 2857 2258 2929; x_wconf 80' lang='lat' dir='ltr'>epheborum,</span> <span class='ocrx_word' id='word_1_318' title='bbox 2278 2883 2300 2907; x_wconf 70' lang='lat' dir='ltr'>a</span> <span class='ocrx_word' id='word_1_319' title='bbox 2331 2879 2394 2912; x_wconf 84' lang='lat' dir='ltr'>ex</span> 
     </span>
     <span class='ocr_line' id='line_1_59' title="bbox 1378 2937 2393 3009; baseline 0.006 -21"><span class='ocrx_word' id='word_1_320' title='bbox 1378 2937 1504 2988; x_wconf 83' lang='lat' dir='ltr'>Caes.</span> <span class='ocrx_word' id='word_1_321' title='bbox 1549 2957 1668 3009; x_wconf 85' lang='lat' dir='ltr'>cap.</span> <span class='ocrx_word' id='word_1_322' title='bbox 1709 2939 1796 3006; x_wconf 86' lang='lat'>39.</span> <span class='ocrx_word' id='word_1_323' title='bbox 1835 2939 1916 2990; x_wconf 89' lang='lat' dir='ltr'>De</span> <span class='ocrx_word' id='word_1_324' title='bbox 1953 2938 2057 2990; x_wconf 90' lang='lat' dir='ltr'>hoc</span> <span class='ocrx_word' id='word_1_325' title='bbox 2093 2938 2393 2994; x_wconf 82' lang='lat' dir='ltr'>saltationis</span> 
     </span>
     <span class='ocr_line' id='line_1_60' title="bbox 1377 3017 2394 3090; baseline 0.005 -21"><span class='ocrx_word' id='word_1_326' title='bbox 1377 3037 1572 3088; x_wconf 80' lang='lat' dir='ltr'>genere</span> <span class='ocrx_word' id='word_1_327' title='bbox 1611 3017 1729 3070; x_wconf 81' lang='lat' dir='ltr'>vide</span> <span class='ocrx_word' id='word_1_328' title='bbox 1762 3033 1876 3070; x_wconf 83' lang='lat' dir='ltr'>not.</span> <span class='ocrx_word' id='word_1_329' title='bbox 1921 3018 1990 3071; x_wconf 84' lang='lat' dir='ltr'>ad</span> <span class='ocrx_word' id='word_1_330' title='bbox 2032 3019 2162 3072; x_wconf 80' lang='lat' dir='ltr'>Caes.</span> <span class='ocrx_word' id='word_1_331' title='bbox 2199 3022 2300 3090; x_wconf 85' lang='lat'>39,</span> <span class='ocrx_word' id='word_1_332' title='bbox 2342 3035 2394 3074; x_wconf 88' lang='lat' dir='ltr'>et</span> 
     </span>
     <span class='ocr_line' id='line_1_61' title="bbox 1377 3096 2393 3171; baseline 0.006 -25"><span class='ocrx_word' id='word_1_333' title='bbox 1377 3096 1657 3168; x_wconf 76' lang='lat' dir='ltr'>Bulenger.</span> <span class='ocrx_word' id='word_1_334' title='bbox 1675 3097 1741 3148; x_wconf 87' lang='lat' dir='ltr'>de</span> <span class='ocrx_word' id='word_1_335' title='bbox 1754 3096 1986 3150; x_wconf 85' lang='lat' dir='ltr'>Theatro</span> <span class='ocrx_word' id='word_1_336' title='bbox 1998 3136 2014 3163; x_wconf 85' lang='lat'><strong>‚</strong></span> <span class='ocrx_word' id='word_1_337' title='bbox 2036 3100 2092 3165; x_wconf 86' lang='lat'>1,</span> <span class='ocrx_word' id='word_1_338' title='bbox 2113 3098 2198 3152; x_wconf 75' lang='lat'>51.</span> <span class='ocrx_word' id='word_1_339' title='bbox 2219 3101 2269 3150; x_wconf 83' lang='lat' dir='ltr'><em>E</em></span> <span class='ocrx_word' id='word_1_340' title='bbox 2265 3099 2393 3171; x_wconf 68' lang='lat' dir='ltr'>phe-</span> 
     </span>
     <span class='ocr_line' id='line_1_62' title="bbox 1379 3176 2390 3248; baseline 0.003 -21"><span class='ocrx_word' id='word_1_341' title='bbox 1379 3176 1561 3227; x_wconf 73' lang='grc' dir='ltr'>δον-ωτι</span> <span class='ocrx_word' id='word_1_342' title='bbox 1603 3178 1802 3228; x_wconf 87' lang='lat' dir='ltr'>mentio</span> <span class='ocrx_word' id='word_1_343' title='bbox 1839 3178 1984 3229; x_wconf 80' lang='lat' dir='ltr'>facta</span> <span class='ocrx_word' id='word_1_344' title='bbox 2022 3179 2259 3248; x_wconf 64' lang='lat' dir='ltr'>August»</span> <span class='ocrx_word' id='word_1_345' title='bbox 2287 3179 2390 3246; x_wconf 79' lang='lat'>983</span> 
     </span>
     <span class='ocr_line' id='line_1_63' title="bbox 1382 3253 2386 3328; baseline 0.002 -22"><span class='ocrx_word' id='word_1_346' title='bbox 1382 3253 1507 3306; x_wconf 84' lang='lat' dir='ltr'>coll.</span> <span class='ocrx_word' id='word_1_347' title='bbox 1533 3254 1698 3324; x_wconf 77' lang='lat' dir='ltr'>Calig.</span> <span class='ocrx_word' id='word_1_348' title='bbox 1727 3255 1794 3307; x_wconf 84' lang='lat'>58</span> <span class='ocrx_word' id='word_1_349' title='bbox 1812 3293 1828 3320; x_wconf 94' lang='lat'>,</span> <span class='ocrx_word' id='word_1_350' title='bbox 1857 3268 1912 3306; x_wconf 86' lang='lat' dir='ltr'>et</span> <span class='ocrx_word' id='word_1_351' title='bbox 1934 3253 2054 3306; x_wconf 87' lang='lat' dir='ltr'>vide</span> <span class='ocrx_word' id='word_1_352' title='bbox 2079 3273 2193 3328; x_wconf 79' lang='lat' dir='ltr'>quae</span> <span class='ocrx_word' id='word_1_353' title='bbox 2218 3257 2386 3308; x_wconf 88' lang='lat' dir='ltr'>Reim.</span> 
     </span>
     <span class='ocr_line' id='line_1_64' title="bbox 1380 3335 2390 3403; baseline 0.002 -17"><span class='ocrx_word' id='word_1_354' title='bbox 1380 3335 1447 3386; x_wconf 91' lang='lat' dir='ltr'>de</span> <span class='ocrx_word' id='word_1_355' title='bbox 1469 3335 1726 3402; x_wconf 65' lang='grc' dir='ltr'>»ἶβινηρίοις</span> <span class='ocrx_word' id='word_1_356' title='bbox 1745 3335 1874 3386; x_wconf 85' lang='lat' dir='ltr'>dixit</span> <span class='ocrx_word' id='word_1_357' title='bbox 1896 3335 1963 3386; x_wconf 82' lang='lat' dir='ltr'>ad</span> <span class='ocrx_word' id='word_1_358' title='bbox 1988 3335 2193 3403; x_wconf 85' lang='lat' dir='ltr'>locum,</span> <span class='ocrx_word' id='word_1_359' title='bbox 2215 3355 2272 3387; x_wconf 83' lang='lat' dir='ltr'>ex</span> <span class='ocrx_word' id='word_1_360' title='bbox 2295 3337 2390 3388; x_wconf 81' lang='lat' dir='ltr'>Ex-</span> 
     </span>
     <span class='ocr_line' id='line_1_65' title="bbox 1380 3412 2387 3485; baseline -0.002 -19"><span class='ocrx_word' id='word_1_361' title='bbox 1380 3426 1549 3485; x_wconf 84' lang='lat' dir='ltr'>cerpt.</span> <span class='ocrx_word' id='word_1_362' title='bbox 1603 3414 1828 3466; x_wconf 83' lang='lat' dir='ltr'>Peiresc.</span> <span class='ocrx_word' id='word_1_363' title='bbox 1881 3415 2137 3464; x_wconf 85' lang='lat' dir='ltr'>insertum</span> <span class='ocrx_word' id='word_1_364' title='bbox 2186 3412 2387 3484; x_wconf 82' lang='lat' dir='ltr'>xiphil.</span> 
     </span>
     <span class='ocr_line' id='line_1_66' title="bbox 1376 3493 2194 3563; baseline 0 -18"><span class='ocrx_word' id='word_1_365' title='bbox 1376 3493 1527 3560; x_wconf 75' lang='lat' dir='ltr'>mn,</span> <span class='ocrx_word' id='word_1_366' title='bbox 1562 3511 1640 3563; x_wconf 89' lang='lat'>17.</span> <span class='ocrx_word' id='word_1_367' title='bbox 1807 3523 1816 3532; x_wconf 90' lang='lat'><strong>·</strong></span> <span class='ocrx_word' id='word_1_368' title='bbox 2185 3549 2194 3563; x_wconf 55' lang='grc'><em>,</em></span> 
     </span>
    </p>

    <p class='ocr_par' dir='ltr' id='par_1_11' title="bbox 1377 3569 2389 3802">
     <span class='ocr_line' id='line_1_67' title="bbox 1448 3569 2387 3644; baseline -0.001 -19"><span class='ocrx_word' id='word_1_369' title='bbox 1448 3574 1498 3625; x_wconf 88' lang='grc'>6.</span> <span class='ocrx_word' id='word_1_370' title='bbox 1527 3575 1780 3644; x_wconf 81' lang='lat' dir='ltr'>Quibus...</span> <span class='ocrx_word' id='word_1_371' title='bbox 1801 3572 2020 3632; x_wconf 81' lang='lat' dir='ltr'>obtulit,·</span> <span class='ocrx_word' id='word_1_372' title='bbox 2035 3569 2256 3642; x_wconf 85' lang='lat' dir='ltr'>ephebis</span> <span class='ocrx_word' id='word_1_373' title='bbox 2271 3573 2387 3624; x_wconf 78' lang='lat' dir='ltr'>scil.</span> 
     </span>
     <span class='ocr_line' id='line_1_68' title="bbox 1377 3649 2389 3724; baseline -0.003 -18"><span class='ocrx_word' id='word_1_374' title='bbox 1377 3652 1523 3706; x_wconf 86' lang='lat' dir='ltr'>Idem</span> <span class='ocrx_word' id='word_1_375' title='bbox 1552 3655 1752 3705; x_wconf 84' lang='lat' dir='ltr'>fecerat</span> <span class='ocrx_word' id='word_1_376' title='bbox 1788 3649 2075 3724; x_wconf 85' lang='lat' dir='ltr'>Claudius,</span> <span class='ocrx_word' id='word_1_377' title='bbox 2113 3663 2172 3702; x_wconf 86' lang='lat' dir='ltr'>ut</span> <span class='ocrx_word' id='word_1_378' title='bbox 2207 3666 2389 3705; x_wconf 78' lang='lat' dir='ltr'>narrat</span> 
     </span>
     <span class='ocr_line' id='line_1_69' title="bbox 1377 3733 1735 3802; baseline -0.008 -18"><span class='ocrx_word' id='word_1_379' title='bbox 1377 3734 1480 3785; x_wconf 91' lang='lat' dir='ltr'>Dio</span> <span class='ocrx_word' id='word_1_380' title='bbox 1498 3770 1515 3799; x_wconf 89' lang='lat'><strong>‚</strong></span> <span class='ocrx_word' id='word_1_381' title='bbox 1537 3733 1659 3799; x_wconf 79' lang='lat' dir='ltr'>LX,</span> <span class='ocrx_word' id='word_1_382' title='bbox 1685 3749 1735 3802; x_wconf 89' lang='lat'>7.</span> 
     </span>
    </p>

    <p class='ocr_par' dir='ltr' id='par_1_12' title="bbox 1376 3810 2392 4204">
     <span class='ocr_line' id='line_1_70' title="bbox 1450 3810 2386 3884; baseline -0.002 -20"><span class='ocrx_word' id='word_1_383' title='bbox 1450 3830 1497 3881; x_wconf 87' lang='lat'>7.</span> <span class='ocrx_word' id='word_1_384' title='bbox 1519 3814 1670 3864; x_wconf 82' lang='lat' dir='ltr'>Inter</span> <span class='ocrx_word' id='word_1_385' title='bbox 1685 3810 2086 3882; x_wconf 78' lang='lat' dir='ltr'>pyrrhicharum</span> <span class='ocrx_word' id='word_1_386' title='bbox 2111 3828 2386 3884; x_wconf 67' lang='lat' dir='ltr'>argumen-</span> 
     </span>
     <span class='ocr_line' id='line_1_71' title="bbox 1379 3889 2388 3964; baseline -0.005 -17"><span class='ocrx_word' id='word_1_387' title='bbox 1379 3907 1459 3955; x_wconf 86' lang='lat' dir='ltr'>ta‚·</span> <span class='ocrx_word' id='word_1_388' title='bbox 1496 3892 1600 3944; x_wconf 89' lang='lat' dir='ltr'>hoc</span> <span class='ocrx_word' id='word_1_389' title='bbox 1633 3905 1744 3960; x_wconf 85' lang='lat' dir='ltr'>est,</span> <span class='ocrx_word' id='word_1_390' title='bbox 1778 3892 2015 3964; x_wconf 83' lang='lat' dir='ltr'>pendant</span> <span class='ocrx_word' id='word_1_391' title='bbox 2048 3889 2100 3942; x_wconf 83' lang='lat' dir='ltr'>la</span> <span class='ocrx_word' id='word_1_392' title='bbox 2137 3891 2290 3942; x_wconf 65' lang='lat' dir='ltr'>dur-de</span> <span class='ocrx_word' id='word_1_393' title='bbox 2317 3891 2388 3942; x_wconf 77' lang='lat' dir='ltr'>du</span> 
     </span>
     <span class='ocr_line' id='line_1_72' title="bbox 1378 3969 2392 4040; baseline 0 -18"><span class='ocrx_word' id='word_1_394' title='bbox 1378 3969 1564 4036; x_wconf 77' lang='lat' dir='ltr'>baller,</span> <span class='ocrx_word' id='word_1_395' title='bbox 1587 3984 1772 4024; x_wconf 80' lang='lat' dir='ltr'>taurus</span> <span class='ocrx_word' id='word_1_396' title='bbox 1787 3969 2139 4040; x_wconf 84' lang='lat' dir='ltr'>Pasiphaen...</span> <span class='ocrx_word' id='word_1_397' title='bbox 2160 3971 2274 4020; x_wconf 87' lang='lat' dir='ltr'>iniit</span> <span class='ocrx_word' id='word_1_398' title='bbox 2287 4007 2304 4034; x_wconf 86' lang='lat'><strong>‚</strong></span> <span class='ocrx_word' id='word_1_399' title='bbox 2321 3989 2392 4022; x_wconf 86' lang='lat' dir='ltr'>ne</span> 
     </span>
     <span class='ocr_line' id='line_1_73' title="bbox 1378 4049 2392 4121; baseline 0.002 -21"><span class='ocrx_word' id='word_1_400' title='bbox 1378 4052 1494 4119; x_wconf 88' lang='lat' dir='ltr'>quis</span> <span class='ocrx_word' id='word_1_401' title='bbox 1520 4065 1700 4121; x_wconf 83' lang='lat' dir='ltr'>putet,</span> <span class='ocrx_word' id='word_1_402' title='bbox 1725 4050 1835 4103; x_wconf 85' lang='lat' dir='ltr'>haec</span> <span class='ocrx_word' id='word_1_403' title='bbox 1859 4052 2124 4121; x_wconf 82' lang='lat' dir='ltr'>pertinere</span> <span class='ocrx_word' id='word_1_404' title='bbox 2145 4049 2210 4100; x_wconf 86' lang='lat' dir='ltr'>ad</span> <span class='ocrx_word' id='word_1_405' title='bbox 2236 4067 2392 4121; x_wconf 71' lang='lat' dir='ltr'>argu-</span> 
     </span>
     <span class='ocr_line' id='line_1_74' title="bbox 1376 4129 2003 4204; baseline -0.003 -22"><span class='ocrx_word' id='word_1_406' title='bbox 1376 4145 1555 4182; x_wconf 85' lang='lat' dir='ltr'>menta</span> <span class='ocrx_word' id='word_1_407' title='bbox 1579 4129 2003 4204; x_wconf 81' lang='lat' dir='ltr'>pyrrhicharum.</span> 
     </span>
    </p>

    <p class='ocr_par' dir='ltr' id='par_1_13' title="bbox 1451 4206 2388 4280">
     <span class='ocr_line' id='line_1_75' title="bbox 1451 4206 2388 4280; baseline -0.002 -18"><span class='ocrx_word' id='word_1_408' title='bbox 1451 4211 1499 4262; x_wconf 88' lang='lat'>8.</span> <span class='ocrx_word' id='word_1_409' title='bbox 1539 4211 1703 4261; x_wconf 79' lang='lat' dir='ltr'>Juxta</span> <span class='ocrx_word' id='word_1_410' title='bbox 1733 4208 2028 4262; x_wconf 77' lang='lat' dir='ltr'>cubiculum</span> <span class='ocrx_word' id='word_1_411' title='bbox 2069 4213 2178 4280; x_wconf 68' lang='lat' dir='ltr'>qius</span> <span class='ocrx_word' id='word_1_412' title='bbox 2195 4231 2214 4270; x_wconf 88' lang='lat'><em>;</em></span> <span class='ocrx_word' id='word_1_413' title='bbox 2241 4206 2298 4260; x_wconf 86' lang='lat' dir='ltr'>h.</span> <span class='ocrx_word' id='word_1_414' title='bbox 2337 4227 2388 4260; x_wconf 78' lang='lat' dir='ltr'>e.</span> 
     </span>
    </p>
   </div>
  </div>
 </body>
</html>
