3050 5004
804 500 1307 567 Excunsns
1354 501 1539 580 x11,
1586 501 1792 566 x111.
2219 507 2342 594 491
2457 565 2462 572 ,

258 627 463 681 albatos
488 627 754 678 ministros
776 624 1028 692 haberet,
1054 627 1193 678 sicut
1210 627 1361 678 Titus
1378 663 1395 692 ,
1420 639 1473 677 et
1495 627 1611 697 ipse
1625 663 1642 692 ‚
1673 623 1758 676 οὖι
1781 623 2008 695 ἀγαθὼ,
2029 627 2186 693 dixit,
2208 643 2356 681 πολυ-

253 707 469 774 xoapan's.
495 709 637 777 Ergo
672 707 939 778 particeps
962 706 1169 776 imperii
1199 706 1327 771 fuit,
1360 717 1413 757 et
1446 723 1503 758 se
1535 723 1652 760 esse
1675 718 1976 759 consortem
1999 707 2204 778 imperii
2239 726 2356 761 cre-

252 785 403 838 didit.
436 784 613 854 Quid?
638 784 815 856 quod,
850 789 969 838 vivo
996 783 1172 837 adhuc
1206 799 1385 856 patre,
1416 783 1814 858 quodammodo
1843 789 2110 860 particeps
2147 789 2358 860 imperii

254 865 373 917 fuit.
399 866 583 937 Itaque
600 866 767 930 infre,
796 883 844 916 c.
866 883 928 934 9,
950 866 1102 918 initia
1120 867 1233 935 ejus
1246 878 1523 937 ponuntur
1541 867 1596 916 in
1616 867 1878 938 principio
1900 869 2110 938 imperii
2129 869 2355 939 paterni.

252 946 429 1013 Quam
452 963 581 1016 ergo
610 944 811 998 diceret
833 957 1155 998 testamento
1183 945 1425 997 fraudem
1458 945 1783 1013 adhibitam,
1803 965 1903 1019 per
1925 947 2071 1018 quod
2092 948 2358 1020 particeps

252 1025 460 1094 imperii
484 1043 601 1078 esse
628 1023 935 1077 debuisset?
959 1025 1149 1098 Neque
1177 1025 1408 1096 denique
1439 1025 1679 1094 volebat,
1696 1029 1872 1079 Titum
1906 1046 2018 1080 non
2044 1029 2358 1100 participem

254 1121 370 1157 esse
392 1106 602 1175 imperii
617 1143 634 1172 ,
660 1104 755 1158 sed
778 1123 889 1156 non
912 1105 1223 1178 principem.
1248 1103 1488 1168 Scilicet,
1514 1118 1576 1157 ut
1590 1145 1609 1173 ,
1631 1119 1783 1177 putre
1800 1107 1922 1159 vivo
1937 1146 1954 1175 ,
1977 1108 2130 1159 Titus
2151 1109 2361 1179 imperii

251 1183 523 1256 particeps
551 1185 766 1252 fuisset,
796 1183 889 1237 sed
910 1186 1014 1252 its,
1049 1198 1110 1236 ut
1136 1197 1291 1256 pater
1314 1187 1486 1256 major
1508 1187 1661 1257 ipso,
1692 1199 1744 1238 et
1766 1187 2016 1260 princeps
2041 1188 2249 1258 imperii
2273 1205 2362 1239 es-

254 1275 370 1316 set:
398 1267 473 1318 its
500 1263 713 1318 volebat
734 1264 1041 1318 hominibus
1064 1264 1418 1337 persuadere,
1451 1278 1660 1337 patrem
1689 1279 2006 1320 testamento
2041 1269 2272 1334 cavisse,
2301 1279 2363 1318 ut

253 1345 373 1415 ipse
394 1347 646 1417 princeps
674 1347 885 1416 imperii
918 1356 1090 1413 esset,
1120 1345 1271 1397 Titus
1306 1357 1514 1397 tantum
1549 1365 1788 1400 consors.
1812 1347 1947 1398 Nam
1966 1385 1982 1414 ,
2013 1346 2160 1419 quod
2183 1365 2300 1418 cap.
2327 1364 2361 1415 9

248 1425 485 1496 privatus
501 1425 713 1490 dicitur,
732 1438 853 1478 onte
875 1427 981 1477 Titi
1006 1438 1228 1478 mortem
1252 1427 1447 1487 fuisse;
1476 1424 1580 1478 illis
1603 1427 1933 1497 temporibus
1958 1429 2116 1479 etism
2139 1427 2361 1498 partici-

252 1521 353 1572 pes
382 1506 593 1576 imperii
620 1506 695 1556 sic
724 1504 1084 1557 vocabanturz
1112 1506 1237 1576 quia
1260 1506 1495 1578 principi
1516 1508 1812 1578 opponitur
1831 1509 2096 1580 privatum
2119 1507 2363 1578 princeps

254 1596 435 1638 autem
455 1587 669 1658 proprie
692 1604 833 1640 unus
854 1599 984 1640 eret.
1011 1589 1345 1640 Burmannus
1368 1587 1650 1640 dubitabat
1665 1627 1683 1653 ,
1711 1607 1780 1640 an
1804 1589 2070 1659 eleganter
2094 1601 2147 1641 et
2169 1607 2231 1641 ex
2261 1605 2362 1640 usu

254 1667 485 1738 antiquae
512 1667 811 1721 Latinitatis
838 1667 945 1721 dici
974 1683 1157 1739 posset
1181 1670 1425 1742 princeps
1458 1668 1684 1740 imperii.
1713 1670 1826 1740 Ego
1852 1687 1980 1722 vero
2010 1688 2118 1720 non
2153 1667 2360 1720 dubito.

254 1747 329 1797 Ut
343 1785 361 1812 ,
384 1745 531 1818 apud
552 1747 888 1813 Ciceronem,
912 1746 1193 1803 Senatores
1220 1749 1309 1801 alii
1328 1750 1610 1822 participes
1627 1748 1836 1802 consilii
1851 1748 2083 1822 publici,
2110 1749 2198 1801 alii
2214 1749 2366 1822 prin-

254 1824 398 1896 cipes
419 1825 631 1878 consilii
656 1826 862 1898 publici
882 1826 1165 1878 dicuntur:
1191 1829 1298 1895 sic,
1327 1846 1491 1899 quum
1522 1829 1632 1880 cluo
1659 1830 1955 1900 imperant,
1993 1828 2086 1880 sed
2120 1825 2366 1898 inoequali

250 1905 407 1974 jure,
438 1916 494 1956 ut
516 1923 655 1977 saepe
677 1906 879 1958 factum
904 1917 985 1958 est
1007 1919 1131 1958 ante
1153 1908 1455 1959 Antoninos
1470 1945 1487 1973 ‚
1510 1906 1645 1960 alter
1668 1921 1745 1960 est
1766 1909 2008 1979 princeps
2031 1905 2265 1978 imperii,
2292 1903 2367 1956 sl-

256 1997 341 2035 ter
354 1985 644 2056 particeps,
673 1987 781 2039 sive
802 1997 1009 2038 consors
1026 1987 1242 2059 imperii.
1270 1988 1457 2058 Itaque
1480 1988 1673 2052 fateor,
1691 1985 1820 2038 mibi
1838 1989 2110 2057 antiquum
2135 1984 2276 2036 illam
2293 1982 2368 2036 le-

256 2065 489 2116 ctionem
510 2066 677 2137 magis
697 2066 927 2138 placere,
948 2068 1403 2138 restituissemque
1428 2066 1582 2132 loco,
1609 2065 1752 2118 unde
1771 2065 1996 2138 depulsa
2015 2079 2112 2132 est,
2131 2065 2185 2116 ni
2204 2061 2362 2116 codd.

256 2145 393 2196 boui
414 2145 713 2210 obstarent,
735 2160 959 2218 propter
989 2165 1215 2219 quorum
1238 2148 1604 2200 auctoritatem
1629 2148 1686 2198 in
1716 2160 1968 2199 contextu
1994 2145 2209 2197 alteram
2234 2143 2368 2195 tole·

258 2227 392 2278 ravi.
414 2227 541 2278 Eun.
563 2227 905 2279 Manifestum
930 2227 1183 2280 mendum
1209 2245 1324 2280 esse
1340 2227 1635 2300 principem
1655 2223 1889 2298 imper-2⁰1⁶,
1916 2239 1969 2279 et
1993 2225 2067 2276 rei
2091 2237 2142 2276 et
2169 2223 2366 2274 Latini-

259 2307 385 2357 tatis
418 2307 553 2358 ratio
581 2307 763 2359 vincit.
796 2309 979 2378 Longe
1001 2309 1265 2360 diversum
1294 2327 1461 2379 genus
1490 2305 1748 2378 loquendi
1777 2319 1853 2358 est
1873 2305 2116 2376 princeps
2133 2299 2364 2366 consilii,

260 2403 371 2456 quo
394 2387 601 2439 mireris
628 2389 926 2441 Ernestium
954 2388 1104 2442 abuti
1126 2390 1369 2460 potuisse
1393 2387 1461 2441 ad
1483 2386 1614 2440 illud
1639 2385 2054 2439 defendendum.
2079 2384 2267 2434 Wonr.

840 2673 1483 2773 EXCURSUS
1553 2675 1784 2769 XIII

664 2932 802 3003 AD
858 2929 1609 3015 DOMITIANUM,
1667 2927 1839 2997 CAP.
1899 2923 1967 2996 3.

1215 3174 1429 3189 *-

268 3374 610 3473 Dein-rint,
632 3424 695 3459 ex
715 3424 825 3479 qua
846 3408 903 3457 in
930 3406 1151 3458 secundo
1174 3403 1473 3469 consulatu,
1500 3415 1602 3457 etc.
1624 3401 1791 3456 Valde
1819 3402 1972 3455 torsit
1994 3399 2082 3451 hic
2104 3397 2257 3451 locus
2281 3397 2372 3449 Vi·

268 3506 362 3541 ros
391 3486 615 3554 doctos,
643 3502 873 3557 quorum
902 3486 1187 3539 sententias
1217 3484 1481 3553 sigillatim
1508 3500 1813 3547 recensere,
1837 3482 2058 3552 longum
2083 3480 2240 3531 foret.
2271 3480 2374 3530 Ex·-

267 3566 521 3639 plicsnda
556 3580 737 3619 autem
770 3578 955 3617 nostra
984 3564 1355 3637 qualicumque
1384 3565 1674 3629 sententia,
1708 3563 1999 3634 precipuas
2037 3560 2371 3629 attingemus.

268 3648 352 3698 Ac
392 3646 563 3718 primo
580 3683 598 3712 ,
632 3644 913 3699 secundum
953 3641 1285 3697 consulatum
1325 3642 1479 3695 aliter
1510 3660 1700 3713 capere
1741 3639 2074 3693 consuetudo
2112 3648 2376 3708 perpetua

268 3724 515 3778 Suetonii
542 3742 653 3775 uon
674 3723 830 3788 sinit,
855 3740 1013 3795 quam
1036 3721 1103 3775 de
1124 3739 1189 3773 eo
1209 3758 1227 3787 ,
1260 3740 1419 3793 quem
1439 3734 1592 3793 patre
1608 3722 1730 3772 vivo
1754 3722 1815 3773 Δ.
1836 3722 1900 3771 U.
1925 3716 2300 3780 DCCCXXVI,
2321 3732 2372 3767 a.

272 3806 332 3857 C.
358 3804 573 3857 LXXIII
596 3804 773 3875 gessit.
798 3802 985 3873 ltaque
1003 3821 1111 3855 non
1130 3800 1385 3855 audiendi
1404 3804 1670 3873 Rupertus
1689 3813 1742 3851 et
1759 3800 1978 3878 pagius,
2003 3800 2096 3871 qui
2117 3794 2184 3848 de
2207 3792 2374 3847 altero

276 3884 553 3937 ordinario
578 3886 823 3955 capiunt,
848 3896 908 3935 ut
925 3895 1070 3935 recte
1088 3884 1295 3934 monuit
1311 3885 1424 3953 jam
1446 3882 1698 3934 Graevius.
1720 3880 1883 3943 Nam,
1905 3876 2056 3949 quod
2071 3877 2142 3929 uit
2157 3875 2376 3945 Pagina,

272 3964 561 4018 historicos
596 3964 877 4023 interdum,
904 3963 1165 4016 suffectos
1196 3962 1503 4017 consulatus
1539 3963 1596 4013 in
1631 3957 2050 4031 Imperatoribus
2075 3954 2376 4029 negliget-m

277 4046 514 4118 primum
538 4043 594 4096 id
614 4062 727 4095 non
754 4056 833 4097 est
854 4042 1015 4114 hujus
1038 4044 1231 4109 etatis,
1254 4055 1315 4095 ut
1340 4044 1457 4114 ipse
1480 4042 1671 4113 Pagius
1691 4041 1747 4092 in
1769 4040 1988 4092 Dissert.
2013 4037 2300 4110 Hypatini,
2320 4052 2375 4104 p.

276 4126 333 4190 1,
364 4143 486 4196 cop.
514 4142 567 4195 7,
588 4142 643 4175 n.
674 4124 707 4177 3
734 4124 853 4175 init.
883 4122 1074 4189 docet,
1102 4121 1199 4177 sed
1221 4120 1387 4175 seculi
1414 4124 1503 4175 111.
1527 4118 1732 4174 Deinde
1747 4157 1765 4186 ,
1795 4136 1908 4171 non
1929 4118 2172 4190 profecto
2197 4127 2274 4167 est
2297 4113 2377 4166 di-

276 4203 552 4275 ligentium
569 4203 946 4257 historicorum
958 4240 975 4269 ,
1000 4202 1169 4275 qualis
1186 4202 1471 4257 Suetonius
1489 4213 1584 4255 est.
1605 4196 1916 4271 Exemplum
1939 4196 2124 4249 Dionis
2144 4208 2198 4248 et
2213 4192 2377 4246 Chro-
