3050 5004
629 488 752 557 162

1370 480 1443 543 C.
1496 474 1966 545 SUETONII

615 614 881 707 ctigalia
894 619 919 649 ²
964 624 1087 677 aut
1128 605 1423 677 abolevit
1441 658 1458 688 ,
1506 619 1626 672 aut
1663 604 1928 671 minuit.
1977 600 2274 667 Praemia‘
2299 595 2326 637 ³
2341 595 2726 665 delatorum

614 730 837 821 Papiae
886 723 1053 816 legis
1096 719 1185 787 ad
1230 732 1507 814 quartas
1555 713 1834 806 redegit.
1881 713 2123 780 Divisis
2173 707 2429 804 populo
2473 710 2726 776 viritim

614 837 1095 936 quadringenis
1124 826 1461 899 nummis⁴
1482 882 1499 911 ,
1529 828 1930 895 Senatorum
1951 821 2366 890 nobilissimo
2395 822 2420 859 ⁵
2437 822 2684 915 cuique
2704 872 2722 901 ‚

614 950 735 1021 sed
762 976 803 1017 a
834 973 908 1017 re
928 942 1239 1014 'familiari
1263 940 1588 1008 destituto
1608 990 1626 1020 ,
1657 961 1890 1005 annua
1917 933 2160 1003 salaria
2176 986 2192 1017 ,
2219 948 2289 999 et
2309 930 2728 1026 quibusdam

616 1064 956 1159 quingena
976 1109 993 1139 ,
1039 1054 1425 1123 constituit:
1472 1052 1636 1115 item
1680 1047 2099 1140 praetorianis
2143 1042 2534 1111 cohortibus
2578 1041 2727 1107 fru-

615 1186 925 1242 mentum
958 1182 1391 1235 menstruum
1429 1155 1860 1252 gratuitum&
1906 1161 1992 1223 Et
2017 1178 2231 1251 quum
2265 1151 2352 1219 de
2389 1150 2730 1245 supplicio

689 1432 741 1467 2.
771 1407 1035 1467 ,Graviora
1060 1402 1337 1479 vectiqalia
1352 1438 1370 1467 ,
1396 1412 1499 1452 etc.
1524 1401 1627 1451 Ta·

618 1498 709 1549 cit.
734 1492 873 1543 Ann-
896 1488 1051 1551 xm,
1072 1484 1164 1551 3¹,
1194 1504 1217 1529 οι
1232 1480 1472 1551 Vectigal
1496 1496 1628 1551 quo-

618 1594 725 1647 que
758 1570 951 1641 quintae
984 1578 1037 1618 et
1067 1565 1327 1617 vicesimae
1364 1558 1628 1613 venalium

618 1651 1009 1721 mancipiorum
1020 1644 1291 1695 remissum
1304 1678 1320 1706 ‚
1332 1640 1508 1711 specie
1524 1654 1632 1690 ma-

614 1734 695 1803 gis
710 1768 727 1796 ,
744 1745 908 1801 quam
920 1725 1003 1775 vi:
1031 1723 1153 1793 quia
1169 1758 1186 1787 ,
1208 1737 1373 1791 quum
1388 1716 1632 1769 venditor

621 1809 851 1884 pendere
872 1803 1167 1877 juberetur,
1197 1801 1252 1850 in
1279 1812 1487 1869 partem
1514 1814 1632 1867 pre-

620 1896 680 1945 tii
706 1885 995 1945 emtoribus
1021 1878 1378 1935 accrescebat.
1404 1901 1426 1925 a
1458 1876 1632 1942 Idem,

621 1992 740 2044 cap.
764 1969 861 2033 50,
886 1960 1121 2015 «Eodem
1138 1978 1279 2011 anno
1299 1955 1497 2028 (812),
1516 1973 1634 2007 cre-

622 2052 730 2103 bris
760 2043 947 2121 populi
970 2036 1383 2111 flagitationibus
1398 2074 1416 2101 ,
1444 2037 1632 2086 immo-

627 2133 853 2183 destiam
885 2121 1296 2195 publicanorum
1330 2116 1632 2188 arguentis,

624 2206 882 2262 dubitavit
904 2204 1047 2256 Nero
1064 2238 1082 2266 ,
1107 2218 1173 2250 an
1198 2208 1390 2249 cuncta
1410 2195 1635 2263 vectiga-

627 2290 696 2341 lia
725 2285 895 2338 omitti
918 2278 1161 2351 juberet,
1190 2274 1353 2346 idque
1378 2270 1636 2344 pulcher-

624 2372 817 2421 rimum
862 2362 1065 2413 donum
1106 2357 1287 2428 generi
1332 2350 1634 2404 mortalium

624 2449 795 2501 daret.
818 2440 922 2496 Sed
945 2442 1199 2510 impetum
1230 2436 1376 2504 ejus,
1408 2430 1634 2481 multum

627 2528 779 2602 priu's
802 2519 1018 2575 laudata
1046 2511 1411 2587 magnitudine
1440 2511 1635 2574 animi,

627 2609 887 2661 attinuere
909 2599 1187 2652 Senatores
1198 2632 1214 2660 ,
1231 2589 1636 2644 dissolutionem

629 2685 841 2759 imperii
862 2673 1110 2732 docendo
1128 2712 1145 2741 ,
1179 2673 1225 2725 si
1250 2671 1488 2735 fructus,
1517 2667 1638 2738 qui-

628 2769 729 2820 bus
766 2755 1017 2832 Respubl.
1049 2755 1429 2813 sustineretur,
1467 2747 1640 2798 demi-

628 2843 943 2904 nuerentuss
975 2849 1073 2888 etc.
1097 2857 1120 2880 ι»
1149 2829 1280 2882 Vide
1307 2841 1361 2880 et
1390 2845 1508 2898 cap.
1542 2823 1602 2877 51
1622 2862 1639 2891 ,

634 2925 727 2977 ubi
764 2920 935 2973 edicta
970 2926 1243 2975 recenset,
1282 2928 1346 2962 ex
1380 2907 1641 2977 Principis

632 3001 962 3070 benignitate
1009 2991 1292 3064 profecta,
1344 2985 1638 3059 additque:

640 3107 660 3129 ι
681 3080 907 3148 Aliaque
933 3070 1220 3126 admodum
1238 3085 1387 3140 aequa
1406 3064 1640 3137 (edixit),

634 3179 753 3234 quoe
770 3157 921 3210 brevi
942 3141 1173 3214 servata,
1196 3147 1317 3200 dein
1340 3147 1531 3198 frustra
1551 3143 1646 3198 ha-

634 3243 746 3294 bita
784 3248 924 3291 sunt.
967 3234 1150 3286 Manet
1188 3241 1367 3280 tamen
1415 3223 1642 3278 abolitio

638 3315 1049 3393 quadragesimae
1070 3305 1646 3381 quinquagesimaeque,

636 3417 690 3456 et
706 3419 817 3475 quae
838 3396 939 3450 alia
954 3387 1319 3446 exactionibus
1340 3386 1536 3440 illicitis
1555 3404 1648 3437 no·

636 3486 783 3536 mina
799 3475 1072 3552 publicani
1089 3473 1414 3525 invenerant.
1436 3491 1461 3514 ι
1486 3465 1644 3520 Conf.

635 3565 779 3634 Lips.
804 3558 874 3611 ad
901 3557 1049 3608 locos
1073 3554 1163 3604 cit.

710 3642 762 3693 3.
801 3637 1031 3691 Proemia
1056 3629 1381 3695 delatorum,
1408 3639 1508 3678 etc.
1538 3622 1644 3676 hoc

638 3731 745 3785 est,
767 3711 1099 3770 delatoribus
1119 3725 1329 3772 eorum,
1350 3703 1441 3776 qui
1458 3715 1647 3754 contra

636 3801 809 3872 legem
848 3797 1067 3866 Papiam
1102 3793 1381 3860 Poppaeam
1426 3800 1646 3854 peccas-

640 3891 786 3942 sent,
807 3887 1050 3949 quartam
1069 3879 1277 3922 tantum
1296 3875 1503 3935 partem
1519 3881 1647 3934 prae-

640 3961 905 4021 miornm,
947 3971 1063 4024 quae
1100 3959 1257 4000 antea
1296 3955 1646 4013 acceperant,

642 4035 758 4088 dari
773 4031 947 4107 jussit.

714 4117 763 4182 4.
814 4110 1001 4164 Divisis
1036 4103 1235 4179 populo
1278 4099 1475 4154 viritim
1510 4118 1647 4171 qua-

644 4191 902 4267 drinqenis
953 4184 1193 4238 nummis.
1236 4181 1405 4234 Tacit.
1454 4177 1646 4230 Annal-

1715 1397 1871 1463 xm,
1901 1396 1962 1449 31
1985 1432 2006 1460 ‚
2040 1417 2063 1440 ι
2081 1392 2366 1467 plebeique
2393 1392 2730 1463 congiarium

1717 1475 2064 1549 quadringeni
2081 1476 2230 1527 numi
2241 1475 2430 1525 viritim
2449 1471 2592 1539 dati,
2607 1494 2629 1519 ιι
2649 1474 2732 1523 uti

1717 1552 1998 1625 legendum
2042 1571 2224 1605 omues
2267 1551 2498 1604 editores
2535 1550 2660 1603 inde
2697 1570 2731 1602 a

1717 1634 1900 1705 Lipsio
1929 1642 2278 1698 censuerunt,
2305 1649 2404 1702 pro
2431 1628 2574 1700 vulg.
2599 1646 2732 1702 qua-

1703 1714 1964 1785 drageni,
1985 1725 2045 1765 ut
2059 1712 2248 1765 etloco
2268 1724 2456 1763 nostro
2475 1722 2732 1781 corrupte

1719 1792 1887 1846 Codd.
1909 1792 2268 1866 quadriqenis‚
2294 1803 2345 1843 et
2363 1789 2487 1843 inde
2507 1789 2734 1863 quadra-

1714 1874 1864 1947 genis
1901 1872 2146 1923 Ceterum
2163 1870 2275 1923 haec
2293 1869 2451 1921 verba
2464 1905 2481 1934 ,
2504 1870 2558 1920 in
2578 1867 2731 1919 editt.

1719 1950 1984 2024 plerisque
2009 1952 2269 2024 superiori
2293 1950 2543 2001 commati
2566 1966 2736 2000 anne·-

1720 2044 1784 2086 xa
1797 2072 1813 2101 ,
1836 2053 1960 2087 cum
1975 2031 2225 2087 Oudend.
2242 2018 2488 2103 se‘quenti
2505 2030 2734 2085 attexui-

1723 2130 1873 2179 mus,
1903 2130 2012 2185 quo
2041 2112 2322 2183 pertinent.

1795 2192 1846 2245 5.
1864 2193 2176 2244 Senatorum
2195 2188 2512 2241 nobilissimo
2527 2188 2734 2261 cuique,

1723 2286 1826 2323 etc.
1865 2272 1944 2323 uti
1971 2269 2182 2322 Valerio
2215 2266 2486 2333 Messalae,
2513 2266 2735 2337 college

1722 2352 1779 2402 in
1805 2349 2092 2403 consulatu
2117 2368 2243 2401 ann.
2279 2348 2400 2400 812.
2425 2347 2596 2398 Tacit.
2621 2348 2736 2399 An-

1723 2428 1829 2481 nal.
1855 2429 1973 2481 XIII
1989 2464 2008 2491 ,
2032 2428 2134 2494 34,
2169 2450 2191 2473 ι
2211 2425 2380 2478 nobili
2401 2422 2612 2478 familia
2634 2424 2742 2477 ho-

1725 2521 1828 2562 nor
1849 2522 2039 2562 auctus
2065 2521 2171 2572 est,
2205 2505 2395 2558 oblatis
2417 2505 2474 2557 in
2501 2504 2738 2580 sinqules

1725 2607 1893 2642 annos
1925 2588 2201 2662 quingenis
2225 2585 2505 2651 Sescentis,
2536 2585 2735 2657 quibus

1727 2669 1954 2722 Messala
1973 2680 2344 2740 paupertatem
2365 2668 2638 2718 innoxiam
2654 2685 2742 2720 su-

1727 2762 2001 2802 stentaret.
2023 2746 2237 2800 Aurelio
2258 2763 2472 2818 quoque
2491 2747 2662 2799 Cottte
2687 2759 2742 2798 et

1729 2831 1942 2881 Haterio
1957 2829 2192 2880 Antonio
2207 2845 2441 2890 annuam
2457 2826 2741 2896 pecuniam

1729 2910 1912 2960 statuit
1942 2908 2226 2980 Princeps,
2254 2906 2494 2977 quamvis
2527 2921 2627 2976 per
2657 2903 2742 2956 lu·
2851 2941 2860 2954 .

1729 3006 1856 3040 xum
1876 2989 2038 3040 avitas
2059 3007 2189 3058 opes
2209 2985 2574 3057 dissipassent.
2595 3007 2620 3032 ι
2644 2986 2744 3038 Ge-

1731 3080 1936 3135 tarum,
1965 3085 2078 3119 non
2111 3065 2404 3119 omittenda
2439 3063 2562 3118 loco
2595 3078 2740 3118 nost.

1733 3164 1855 3198 cum
1883 3144 2030 3197 libris
2057 3143 2326 3198 nonnullis
2360 3145 2664 3215 praepositio
2687 3165 2741 3196 a.

1733 3228 1812 3278 Ita
1840 3225 1982 3276 enim
2005 3225 2270 3278 destitutus
2293 3237 2376 3278 est
2393 3225 2534 3276 infra
2561 3240 2609 3274 c.
2635 3223 2708 3276 32
2725 3261 2746 3290 ‚

1735 3317 1790 3356 et
1829 3302 2068 3356 additum
2101 3324 2136 3354 a
2176 3323 2232 3355 re
2255 3301 2527 3375 familiari
2533 3339 2552 3366 ,
2591 3300 2648 3353 h.
2693 3321 2742 3356 e.

1736 3383 1882 3456 quod
1918 3385 2109 3436 attinet
2143 3381 2213 3435 ad
2249 3401 2359 3435 rem
2395 3380 2744 3448 familiarem,

1737 3461 2000 3529 ostendit,
2031 3480 2136 3534 qua
2167 3481 2224 3514 re
2247 3461 2446 3512 fuerint
2470 3460 2748 3526 destituti,

1737 3561 1904 3615 quum
1927 3541 1994 3595 de
2014 3543 2170 3594 variis
2198 3540 2357 3594 rebus
2385 3539 2492 3592 hoc
2516 3557 2753 3610 usurpe-

1735 3638 1837 3676 tur.
1853 3624 1982 3676 Mox
1995 3623 2366 3696 quinquagena
2381 3617 2594 3672 collatio
2609 3617 2754 3671 Mul-

1733 3704 1859 3770 leri,
1884 3723 1915 3756 a
1941 3723 2051 3777 quo
2077 3701 2357 3775 probatur.

1805 3783 1857 3835 6.
1872 3784 1909 3834 Ῑ
1907 3797 2065 3836 tem...
2071 3781 2406 3855 fumantum
2421 3773 2754 3830 menstruum

1731 3863 2228 3940 qrattgimm.tfl'acit.
2253 3857 2370 3930 XV,
2396 3876 2460 3930 72
2477 3895 2494 3924 ,
2525 3855 2590 3910 ad
2613 3875 2750 3910 ann.

1739 3943 1874 4011 819,
1923 3965 1946 3988 ιι
1965 3940 2090 3996 bina
2115 3933 2362 4010 'nuruum
2411 3934 2576 3987 millia
2619 3935 2756 3986 viri-

1735 4021 1830 4072 tim
1850 4017 2271 4090 manipularibus
2282 4011 2758 4085 *divis-itraddidit-

1738 4117 1843 4170 que
1887 4100 2001 4150 sine
2033 4098 2200 4172 pretio
2231 4097 2595 4168 sarmentum,
2635 4109 2754 4163 quo

1739 4191 1860 4232 ante
1893 4197 1956 4230 ex
1989 4176 2152 4230 modo
2187 4193 2408 4229 annone
2429 4170 2752 4226 utebantur.
