<?xml version="1.0" encoding="UTF-8"?>
<!DOCTYPE html PUBLIC "-//W3C//DTD XHTML 1.0 Transitional//EN"
    "http://www.w3.org/TR/xhtml1/DTD/xhtml1-transitional.dtd">
<html xmlns="http://www.w3.org/1999/xhtml" xml:lang="en" lang="en">
 <head>
  <title>
</title>
<meta http-equiv="Content-Type" content="text/html;charset=utf-8" />
  <meta name='ocr-system' content='tesseract 3.04.00' />
  <meta name='ocr-capabilities' content='ocr_page ocr_carea ocr_par ocr_line ocrx_word'/>
</head>
<body>
  <div class='ocr_page' id='page_1' title='image "./csuetoniitranqu09suetgoog_0077.png"; bbox 0 0 3050 5004; ppageno 0'>
   <div class='ocr_carea' id='block_1_1' title="bbox 687 382 2041 469">
    <p class='ocr_par' dir='ltr' id='par_1_1' title="bbox 687 382 2041 469">
     <span class='ocr_line' id='line_1_1' title="bbox 687 382 2041 469; baseline -0.003 -16"><span class='ocrx_word' id='word_1_1' title='bbox 687 389 783 469; x_wconf 69' lang='lat'><strong>64</strong></span> <span class='ocrx_word' id='word_1_2' title='bbox 1444 386 1518 448; x_wconf 87' lang='lat' dir='ltr'><strong>c.</strong></span> <span class='ocrx_word' id='word_1_3' title='bbox 1570 382 2041 451; x_wconf 73' lang='lat' dir='ltr'><strong>suETONn</strong></span> 
     </span>
    </p>
   </div>
   <div class='ocr_carea' id='block_1_2' title="bbox 687 506 2800 1835">
    <p class='ocr_par' dir='ltr' id='par_1_2' title="bbox 687 506 2800 1835">
     <span class='ocr_line' id='line_1_2' title="bbox 689 506 2792 607; baseline 0 -26"><span class='ocrx_word' id='word_1_4' title='bbox 689 512 1098 607; x_wconf 71' lang='lat' dir='ltr'><strong>eloquentiae</strong></span> <span class='ocrx_word' id='word_1_5' title='bbox 1117 509 1488 603; x_wconf 82' lang='lat' dir='ltr'><strong>plurimum</strong></span> <span class='ocrx_word' id='word_1_6' title='bbox 1509 506 1828 576; x_wconf 83' lang='lat' dir='ltr'><strong>attendit·</strong></span> <span class='ocrx_word' id='word_1_7' title='bbox 1844 560 1870 592; x_wconf 84' lang='lat'><strong>.,</strong></span> <span class='ocrx_word' id='word_1_8' title='bbox 1896 512 2353 604; x_wconf 85' lang='lat' dir='ltr'><strong>quamtumvis</strong></span> <span class='ocrx_word' id='word_1_9' title='bbox 2374 510 2705 582; x_wconf 82' lang='lat' dir='ltr'><strong>facundus</strong></span> <span class='ocrx_word' id='word_1_10' title='bbox 2724 532 2792 582; x_wconf 89' lang='lat' dir='ltr'><strong>et</strong></span> 
     </span>
     <span class='ocr_line' id='line_1_3' title="bbox 691 619 2793 717; baseline 0.001 -26"><span class='ocrx_word' id='word_1_11' title='bbox 691 639 1034 717; x_wconf 81' lang='lat' dir='ltr'><strong>promtus,</strong></span> <span class='ocrx_word' id='word_1_12' title='bbox 1063 624 1329 715; x_wconf 81' lang='lat' dir='ltr'><strong>utique,</strong></span> <span class='ocrx_word' id='word_1_13' title='bbox 1369 621 1426 687; x_wconf 91' lang='lat' dir='ltr'><strong>si</strong></span> <span class='ocrx_word' id='word_1_14' title='bbox 1461 619 1923 713; x_wconf 79' lang='lat' dir='ltr'><strong>perorandum</strong></span> <span class='ocrx_word' id='word_1_15' title='bbox 1950 623 2021 687; x_wconf 91' lang='lat' dir='ltr'><strong>in</strong></span> <span class='ocrx_word' id='word_1_16' title='bbox 2046 620 2349 715; x_wconf 75' lang='lat' dir='ltr'>aliquem</span> <span class='ocrx_word' id='word_1_17' title='bbox 2378 640 2576 691; x_wconf 85' lang='lat' dir='ltr'><strong>esset.</strong></span> <span class='ocrx_word' id='word_1_18' title='bbox 2618 628 2793 695; x_wconf 80' lang='lat' dir='ltr'><strong>Irato</strong></span> 
     </span>
     <span class='ocr_line' id='line_1_4' title="bbox 689 731 2794 832; baseline 0 -27"><span class='ocrx_word' id='word_1_19' title='bbox 689 754 760 805; x_wconf 89' lang='lat' dir='ltr'><strong>et</strong></span> <span class='ocrx_word' id='word_1_20' title='bbox 789 736 996 805; x_wconf 83' lang='lat' dir='ltr'><strong>verba</strong></span> <span class='ocrx_word' id='word_1_21' title='bbox 1027 750 1096 801; x_wconf 82' lang='lat' dir='ltr'><strong>et</strong></span> <span class='ocrx_word' id='word_1_22' title='bbox 1129 736 1478 801; x_wconf 84' lang='lat' dir='ltr'><strong>sententiae</strong></span> <span class='ocrx_word' id='word_1_23' title='bbox 1509 731 1999 827; x_wconf 73' lang='lat' dir='ltr'><strong>suppetebant,</strong></span> <span class='ocrx_word' id='word_1_24' title='bbox 2028 736 2497 826; x_wconf 80' lang='lat' dir='ltr'><strong>pronunciatio</strong></span> <span class='ocrx_word' id='word_1_25' title='bbox 2524 760 2794 832; x_wconf 84' lang='lat' dir='ltr'><strong>quoque</strong></span> 
     </span>
     <span class='ocr_line' id='line_1_5' title="bbox 689 842 2796 939; baseline 0 -23"><span class='ocrx_word' id='word_1_26' title='bbox 689 864 762 915; x_wconf 89' lang='lat' dir='ltr'><strong>et</strong></span> <span class='ocrx_word' id='word_1_27' title='bbox 787 872 948 930; x_wconf 84' lang='lat' dir='ltr'><strong>vox,</strong></span> <span class='ocrx_word' id='word_1_28' title='bbox 989 862 1068 913; x_wconf 83' lang='lat' dir='ltr'><strong>ut</strong></span> <span class='ocrx_word' id='word_1_29' title='bbox 1101 868 1324 939; x_wconf 87' lang='lat' dir='ltr'><strong>neque</strong></span> <span class='ocrx_word' id='word_1_30' title='bbox 1359 843 1603 911; x_wconf 89' lang='lat' dir='ltr'><strong>eodem</strong></span> <span class='ocrx_word' id='word_1_31' title='bbox 1638 842 1770 912; x_wconf 89' lang='lat' dir='ltr'><strong>loci</strong></span> <span class='ocrx_word' id='word_1_32' title='bbox 1806 868 1949 937; x_wconf 77' lang='lat' dir='ltr'><strong>proe</strong></span> <span class='ocrx_word' id='word_1_33' title='bbox 1984 844 2227 912; x_wconf 88' lang='lat' dir='ltr'><strong>ardore</strong></span> <span class='ocrx_word' id='word_1_34' title='bbox 2262 849 2692 932; x_wconf 76' lang='lat' dir='ltr'><strong>consisteret,</strong></span> <span class='ocrx_word' id='word_1_35' title='bbox 2729 866 2796 916; x_wconf 86' lang='lat' dir='ltr'><strong>et</strong></span> 
     </span>
     <span class='ocr_line' id='line_1_6' title="bbox 689 954 2799 1049; baseline 0 -21"><span class='ocrx_word' id='word_1_36' title='bbox 689 957 1125 1029; x_wconf 81' lang='lat' dir='ltr'><strong>exaudiretur</strong></span> <span class='ocrx_word' id='word_1_37' title='bbox 1146 981 1188 1023; x_wconf 89' lang='lat' dir='ltr'><strong>a</strong></span> <span class='ocrx_word' id='word_1_38' title='bbox 1209 954 1450 1049; x_wconf 90' lang='lat' dir='ltr'><strong>procul</strong></span> <span class='ocrx_word' id='word_1_39' title='bbox 1470 955 1827 1025; x_wconf 86' lang='lat' dir='ltr'><strong>stantibus.</strong></span> <span class='ocrx_word' id='word_1_40' title='bbox 1852 960 2293 1025; x_wconf 89' lang='lat' dir='ltr'><strong>Peroraturus</strong></span> <span class='ocrx_word' id='word_1_41' title='bbox 2308 1008 2328 1040; x_wconf 88' lang='lat'><strong>,</strong></span> <span class='ocrx_word' id='word_1_42' title='bbox 2348 986 2386 1019; x_wconf 65' lang='grc' dir='ltr'><em>α</em></span> <span class='ocrx_word' id='word_1_43' title='bbox 2408 960 2799 1029; x_wconf 82' lang='lat' dir='ltr'><strong>stricturum</strong></span> 
     </span>
     <span class='ocr_line' id='line_1_7' title="bbox 692 1068 2799 1153; baseline -0 -12"><span class='ocrx_word' id='word_1_44' title='bbox 692 1098 766 1141; x_wconf 86' lang='lat' dir='ltr'><strong>se</strong></span> <span class='ocrx_word' id='word_1_45' title='bbox 794 1070 1276 1140; x_wconf 83' lang='lat' dir='ltr'><strong>lucubrationis</strong></span> <span class='ocrx_word' id='word_1_46' title='bbox 1307 1092 1448 1136; x_wconf 83' lang='lat' dir='ltr'><strong>suae</strong></span> <span class='ocrx_word' id='word_1_47' title='bbox 1467 1068 1715 1151; x_wconf 86' lang='lat' dir='ltr'><strong>telum,</strong></span> <span class='ocrx_word' id='word_1_48' title='bbox 1742 1098 1772 1131; x_wconf 71' lang='grc' dir='ltr'><strong><em>υ</em></strong></span> <span class='ocrx_word' id='word_1_49' title='bbox 1806 1068 2464 1153; x_wconf 82' lang='lat' dir='ltr'><strong>minabatur31enius</strong></span> <span class='ocrx_word' id='word_1_50' title='bbox 2486 1074 2799 1141; x_wconf 69' lang='lat' dir='ltr'><strong>comtius·</strong></span> 
     </span>
     <span class='ocr_line' id='line_1_8' title="bbox 692 1179 2799 1280; baseline -0.001 -26"><span class='ocrx_word' id='word_1_51' title='bbox 692 1210 828 1280; x_wconf 88' lang='lat' dir='ltr'><strong>que</strong></span> <span class='ocrx_word' id='word_1_52' title='bbox 853 1180 1190 1253; x_wconf 74' lang='lat' dir='ltr'><strong>scribendi</strong></span> <span class='ocrx_word' id='word_1_53' title='bbox 1215 1205 1428 1275; x_wconf 79' lang='lat' dir='ltr'><strong>genus</strong></span> <span class='ocrx_word' id='word_1_54' title='bbox 1453 1179 1625 1249; x_wconf 83' lang='lat' dir='ltr'><strong>adeo</strong></span> <span class='ocrx_word' id='word_1_55' title='bbox 1642 1196 2121 1263; x_wconf 74' lang='lat' dir='ltr'><strong>contemnem,</strong></span> <span class='ocrx_word' id='word_1_56' title='bbox 2144 1197 2223 1248; x_wconf 90' lang='lat' dir='ltr'><strong>ut</strong></span> <span class='ocrx_word' id='word_1_57' title='bbox 2244 1184 2628 1266; x_wconf 75' lang='lat' dir='ltr'><strong>Seneoem2,</strong></span> <span class='ocrx_word' id='word_1_58' title='bbox 2646 1200 2799 1253; x_wconf 76' lang='lat' dir='ltr'><strong>*tum</strong></span> 
     </span>
     <span class='ocr_line' id='line_1_9' title="bbox 691 1292 2797 1388; baseline 0 -25"><span class='ocrx_word' id='word_1_59' title='bbox 691 1298 982 1363; x_wconf 83' lang='lat' dir='ltr'><strong>maxime</strong></span> <span class='ocrx_word' id='word_1_60' title='bbox 1005 1293 1417 1387; x_wconf 83' lang='lat' dir='ltr'><strong>placentem,</strong></span> <span class='ocrx_word' id='word_1_61' title='bbox 1445 1323 1474 1353; x_wconf 74' lang='grc' dir='ltr'><strong>α</strong></span> <span class='ocrx_word' id='word_1_62' title='bbox 1493 1294 2002 1361; x_wconf 82' lang='lat' dir='ltr'><strong>commissiones</strong></span> <span class='ocrx_word' id='word_1_63' title='bbox 2026 1292 2285 1361; x_wconf 73' lang='lat' dir='ltr'><strong>meras-’³</strong></span> <span class='ocrx_word' id='word_1_64' title='bbox 2304 1324 2333 1354; x_wconf 73' lang='grc' dir='ltr'><strong><em>υ</em></strong></span> <span class='ocrx_word' id='word_1_65' title='bbox 2356 1318 2797 1388; x_wconf 88' lang='lat' dir='ltr'><strong>componere,</strong></span> 
     </span>
     <span class='ocr_line' id='line_1_10' title="bbox 691 1401 2800 1488; baseline 0 -15"><span class='ocrx_word' id='word_1_66' title='bbox 691 1424 762 1475; x_wconf 88' lang='lat' dir='ltr'><strong>et</strong></span> <span class='ocrx_word' id='word_1_67' title='bbox 814 1438 844 1469; x_wconf 72' lang='grc' dir='ltr'><strong><em>α</em></strong></span> <span class='ocrx_word' id='word_1_68' title='bbox 865 1428 1145 1473; x_wconf 84' lang='lat' dir='ltr'><strong>arenam</strong></span> <span class='ocrx_word' id='word_1_69' title='bbox 1195 1428 1344 1473; x_wconf 87' lang='lat' dir='ltr'><strong>esse</strong></span> <span class='ocrx_word' id='word_1_70' title='bbox 1390 1406 1536 1471; x_wconf 88' lang='lat' dir='ltr'><strong>sine</strong></span> <span class='ocrx_word' id='word_1_71' title='bbox 1586 1402 1812 1471; x_wconf 78' lang='lat' dir='ltr'><strong>calce4</strong></span> <span class='ocrx_word' id='word_1_72' title='bbox 1829 1457 1846 1488; x_wconf 93' lang='lat'><strong>,</strong></span> <span class='ocrx_word' id='word_1_73' title='bbox 1872 1435 1900 1465; x_wconf 71' lang='lat' dir='ltr'>n</span> <span class='ocrx_word' id='word_1_74' title='bbox 1958 1401 2232 1473; x_wconf 89' lang='lat' dir='ltr'><strong>diceret.</strong></span> <span class='ocrx_word' id='word_1_75' title='bbox 2286 1403 2555 1473; x_wconf 87' lang='lat' dir='ltr'><strong>Solebat</strong></span> <span class='ocrx_word' id='word_1_76' title='bbox 2598 1408 2800 1474; x_wconf 88' lang='lat' dir='ltr'><strong>etiam</strong></span> 
     </span>
     <span class='ocr_line' id='line_1_11' title="bbox 693 1514 2799 1611; baseline 0 -26"><span class='ocrx_word' id='word_1_77' title='bbox 693 1519 1037 1611; x_wconf 88' lang='lat' dir='ltr'><strong>prosperis</strong></span> <span class='ocrx_word' id='word_1_78' title='bbox 1063 1532 1412 1585; x_wconf 86' lang='lat' dir='ltr'><strong>oratorum</strong></span> <span class='ocrx_word' id='word_1_79' title='bbox 1438 1514 1816 1583; x_wconf 86' lang='lat' dir='ltr'><strong>actionibus</strong></span> <span class='ocrx_word' id='word_1_80' title='bbox 1846 1514 2247 1584; x_wconf 89' lang='lat' dir='ltr'><strong>rescribere⁵</strong></span> <span class='ocrx_word' id='word_1_81' title='bbox 2266 1566 2283 1597; x_wconf 90' lang='lat'><strong>,</strong></span> <span class='ocrx_word' id='word_1_82' title='bbox 2310 1531 2377 1583; x_wconf 90' lang='lat' dir='ltr'><strong>et</strong></span> <span class='ocrx_word' id='word_1_83' title='bbox 2397 1540 2799 1610; x_wconf 78' lang='lat' dir='ltr'><strong>magnorum</strong></span> 
     </span>
     <span class='ocr_line' id='line_1_12' title="bbox 693 1624 2797 1722; baseline 0.001 -27"><span class='ocrx_word' id='word_1_84' title='bbox 693 1632 766 1695; x_wconf 85' lang='lat' dir='ltr'><strong>in</strong></span> <span class='ocrx_word' id='word_1_85' title='bbox 798 1632 1044 1697; x_wconf 87' lang='lat' dir='ltr'><strong>Senatu</strong></span> <span class='ocrx_word' id='word_1_86' title='bbox 1079 1650 1352 1696; x_wconf 88' lang='lat' dir='ltr'><strong>reorum</strong></span> <span class='ocrx_word' id='word_1_87' title='bbox 1381 1628 1844 1695; x_wconf 87' lang='lat' dir='ltr'><strong>accusationes</strong></span> <span class='ocrx_word' id='word_1_88' title='bbox 1870 1624 2437 1722; x_wconf 86' lang='lat' dir='ltr'><strong>defensionesque</strong></span> <span class='ocrx_word' id='word_1_89' title='bbox 2452 1628 2797 1712; x_wconf 55' lang='lat' dir='ltr'><strong>median-h</strong></span> 
     </span>
     <span class='ocr_line' id='line_1_13' title="bbox 687 1735 2800 1835; baseline 0.001 -29"><span class='ocrx_word' id='word_1_90' title='bbox 687 1764 805 1821; x_wconf 89' lang='lat' dir='ltr'><strong>ac,</strong></span> <span class='ocrx_word' id='word_1_91' title='bbox 833 1754 1042 1831; x_wconf 86' lang='lat' dir='ltr'><strong>prout</strong></span> <span class='ocrx_word' id='word_1_92' title='bbox 1063 1738 1258 1807; x_wconf 78' lang='lat' dir='ltr'><strong>stilus</strong></span> <span class='ocrx_word' id='word_1_93' title='bbox 1281 1752 1612 1821; x_wconf 86' lang='lat' dir='ltr'><strong>cesserat,</strong></span> <span class='ocrx_word' id='word_1_94' title='bbox 1640 1735 1747 1805; x_wconf 86' lang='lat' dir='ltr'><strong>vel</strong></span> <span class='ocrx_word' id='word_1_95' title='bbox 1770 1758 2053 1805; x_wconf 82' lang='lat' dir='ltr'><strong>onerare</strong></span> <span class='ocrx_word' id='word_1_96' title='bbox 2078 1741 2408 1807; x_wconf 88' lang='lat' dir='ltr'><strong>sententia</strong></span> <span class='ocrx_word' id='word_1_97' title='bbox 2430 1762 2553 1823; x_wconf 83' lang='lat' dir='ltr'><strong>sua</strong></span> <span class='ocrx_word' id='word_1_98' title='bbox 2568 1763 2800 1835; x_wconf 83' lang='lat' dir='ltr'><strong>quem·</strong></span> 
     </span>
    </p>
   </div>
   <div class='ocr_carea' id='block_1_3' title="bbox 691 1920 1707 2103">
    <p class='ocr_par' dir='ltr' id='par_1_3' title="bbox 691 1920 1707 2103">
     <span class='ocr_line' id='line_1_14' title="bbox 761 1920 1707 2027; baseline -0.002 -20"><span class='ocrx_word' id='word_1_99' title='bbox 761 1920 892 2007; x_wconf 42' lang='lat' dir='ltr'><strong>tim.</strong></span> <span class='ocrx_word' id='word_1_100' title='bbox 909 1972 936 2007; x_wconf 79' lang='grc' dir='ltr'>ι</span> <span class='ocrx_word' id='word_1_101' title='bbox 947 1996 962 2009; x_wconf 94' lang='grc'><strong>.</strong></span> <span class='ocrx_word' id='word_1_102' title='bbox 977 1954 1214 2027; x_wconf 60' lang='lat' dir='ltr'><strong>Eloquere</strong></span> <span class='ocrx_word' id='word_1_103' title='bbox 1221 1956 1305 2007; x_wconf 84' lang='lat' dir='ltr'><strong>tioe</strong></span> <span class='ocrx_word' id='word_1_104' title='bbox 1317 1953 1613 2027; x_wconf 70' lang='lat' dir='ltr'><strong>plurimum</strong></span> <span class='ocrx_word' id='word_1_105' title='bbox 1628 1965 1707 2006; x_wconf 79' lang='lat' dir='ltr'><strong>at-</strong></span> 
     </span>
     <span class='ocr_line' id='line_1_15' title="bbox 691 2033 1701 2103; baseline -0.001 -16"><span class='ocrx_word' id='word_1_106' title='bbox 691 2036 874 2088; x_wconf 78' lang='lat' dir='ltr'><strong>tendit.</strong></span> <span class='ocrx_word' id='word_1_107' title='bbox 895 2036 1050 2088; x_wconf 89' lang='lat' dir='ltr'><strong>Conf.</strong></span> <span class='ocrx_word' id='word_1_108' title='bbox 1075 2035 1179 2086; x_wconf 93' lang='lat' dir='ltr'><strong>Dio</strong></span> <span class='ocrx_word' id='word_1_109' title='bbox 1195 2072 1214 2101; x_wconf 89' lang='lat'>‚</span> <span class='ocrx_word' id='word_1_110' title='bbox 1235 2033 1350 2086; x_wconf 85' lang='lat' dir='ltr'><strong>LIX</strong></span> <span class='ocrx_word' id='word_1_111' title='bbox 1367 2073 1386 2099; x_wconf 86' lang='lat'><strong>,</strong></span> <span class='ocrx_word' id='word_1_112' title='bbox 1416 2051 1478 2103; x_wconf 85' lang='lat'><strong>¹9</strong></span> <span class='ocrx_word' id='word_1_113' title='bbox 1496 2055 1512 2095; x_wconf 90' lang='lat'>;</span> <span class='ocrx_word' id='word_1_114' title='bbox 1533 2035 1701 2086; x_wconf 83' lang='lat' dir='ltr'><strong>Tacit.</strong></span> 
     </span>
    </p>
   </div>
   <div class='ocr_carea' id='block_1_4' title="bbox 1792 1952 2805 2095">
    <p class='ocr_par' dir='ltr' id='par_1_4' title="bbox 1792 1952 2805 2095">
     <span class='ocr_line' id='line_1_16' title="bbox 1794 1952 2800 2024; baseline 0 -18"><span class='ocrx_word' id='word_1_115' title='bbox 1794 1967 2049 2024; x_wconf 79' lang='lat' dir='ltr'><strong>queretur</strong></span> <span class='ocrx_word' id='word_1_116' title='bbox 2078 1954 2267 2009; x_wconf 77' lang='lat' dir='ltr'><strong>breves</strong></span> <span class='ocrx_word' id='word_1_117' title='bbox 2280 1994 2301 2024; x_wconf 86' lang='lat'>‚</span> <span class='ocrx_word' id='word_1_118' title='bbox 2338 1969 2393 2009; x_wconf 87' lang='lat' dir='ltr'><strong>et</strong></span> <span class='ocrx_word' id='word_1_119' title='bbox 2427 1954 2577 2008; x_wconf 77' lang='lat' dir='ltr'><strong>nulla</strong></span> <span class='ocrx_word' id='word_1_120' title='bbox 2611 1952 2800 2007; x_wconf 65' lang='lat' dir='ltr'><strong>admo-</strong></span> 
     </span>
     <span class='ocr_line' id='line_1_17' title="bbox 1792 2016 2805 2095; baseline 0.005 -13"><span class='ocrx_word' id='word_1_121' title='bbox 1792 2030 1919 2095; x_wconf 79' lang='lat' dir='ltr'><strong>dum</strong></span> <span class='ocrx_word' id='word_1_122' title='bbox 1944 2035 2277 2088; x_wconf 84' lang='lat' dir='ltr'><strong>connexione</strong></span> <span class='ocrx_word' id='word_1_123' title='bbox 2298 2036 2437 2087; x_wconf 85' lang='lat' dir='ltr'><strong>inter</strong></span> <span class='ocrx_word' id='word_1_124' title='bbox 2457 2053 2514 2087; x_wconf 73' lang='lat' dir='ltr'><strong>oe</strong></span> <span class='ocrx_word' id='word_1_125' title='bbox 2538 2016 2805 2087; x_wconf 65' lang='lat' dir='ltr'><strong>coheren-</strong></span> 
     </span>
    </p>
   </div>
   <div class='ocr_carea' id='block_1_5' title="bbox 681 2112 1705 4166">
    <p class='ocr_par' dir='ltr' id='par_1_5' title="bbox 688 2112 1705 3054">
     <span class='ocr_line' id='line_1_18' title="bbox 693 2112 1703 2181; baseline 0.001 -17"><span class='ocrx_word' id='word_1_126' title='bbox 693 2113 882 2165; x_wconf 80' lang='lat' dir='ltr'><strong>Annal.</strong></span> <span class='ocrx_word' id='word_1_127' title='bbox 907 2116 1056 2181; x_wconf 83' lang='lat' dir='ltr'><strong>XIII,</strong></span> <span class='ocrx_word' id='word_1_128' title='bbox 1076 2112 1140 2165; x_wconf 84' lang='lat'><strong>3:</strong></span> <span class='ocrx_word' id='word_1_129' title='bbox 1173 2134 1196 2159; x_wconf 73' lang='grc' dir='ltr'><strong>α</strong></span> <span class='ocrx_word' id='word_1_130' title='bbox 1215 2113 1386 2165; x_wconf 83' lang='lat' dir='ltr'><strong>Etiam</strong></span> <span class='ocrx_word' id='word_1_131' title='bbox 1404 2114 1463 2165; x_wconf 88' lang='lat' dir='ltr'><strong>C.</strong></span> <span class='ocrx_word' id='word_1_132' title='bbox 1484 2114 1703 2165; x_wconf 76' lang='lat' dir='ltr'><strong>Caesaris</strong></span> 
     </span>
     <span class='ocr_line' id='line_1_19' title="bbox 689 2188 1704 2263; baseline 0 -20"><span class='ocrx_word' id='word_1_133' title='bbox 689 2192 902 2244; x_wconf 74' lang='lat' dir='ltr'><strong>turbata</strong></span> <span class='ocrx_word' id='word_1_134' title='bbox 917 2190 1148 2263; x_wconf 81' lang='lat' dir='ltr'><strong>mens(i.</strong></span> <span class='ocrx_word' id='word_1_135' title='bbox 1159 2210 1208 2243; x_wconf 90' lang='lat' dir='ltr'><strong>c.</strong></span> <span class='ocrx_word' id='word_1_136' title='bbox 1226 2192 1418 2244; x_wconf 78' lang='lat' dir='ltr'><strong>mentis</strong></span> <span class='ocrx_word' id='word_1_137' title='bbox 1429 2188 1704 2259; x_wconf 81' lang='lat' dir='ltr'><strong>valetudo,</strong></span> 
     </span>
     <span class='ocr_line' id='line_1_20' title="bbox 691 2272 1701 2344; baseline -0.001 -20"><span class='ocrx_word' id='word_1_138' title='bbox 691 2292 802 2325; x_wconf 88' lang='lat' dir='ltr'><strong>non</strong></span> <span class='ocrx_word' id='word_1_139' title='bbox 817 2272 1030 2325; x_wconf 87' lang='lat' dir='ltr'><strong>turbata</strong></span> <span class='ocrx_word' id='word_1_140' title='bbox 1043 2290 1143 2344; x_wconf 81' lang='lat' dir='ltr'><strong>per</strong></span> <span class='ocrx_word' id='word_1_141' title='bbox 1155 2273 1286 2323; x_wconf 87' lang='lat' dir='ltr'><strong>iram</strong></span> <span class='ocrx_word' id='word_1_142' title='bbox 1297 2308 1314 2337; x_wconf 85' lang='lat'><strong>,</strong></span> <span class='ocrx_word' id='word_1_143' title='bbox 1329 2285 1391 2323; x_wconf 90' lang='lat' dir='ltr'><strong>ut</strong></span> <span class='ocrx_word' id='word_1_144' title='bbox 1399 2273 1701 2323; x_wconf 83' lang='lat' dir='ltr'><strong>Burmanno</strong></span> 
     </span>
     <span class='ocr_line' id='line_1_21' title="bbox 691 2350 1698 2425; baseline -0.005 -21"><span class='ocrx_word' id='word_1_145' title='bbox 691 2351 897 2425; x_wconf 81' lang='lat' dir='ltr'><strong>placet)</strong></span> <span class='ocrx_word' id='word_1_146' title='bbox 916 2351 1018 2404; x_wconf 84' lang='lat' dir='ltr'><strong>vim</strong></span> <span class='ocrx_word' id='word_1_147' title='bbox 1039 2350 1252 2403; x_wconf 88' lang='lat' dir='ltr'><strong>dicendi</strong></span> <span class='ocrx_word' id='word_1_148' title='bbox 1269 2368 1380 2401; x_wconf 88' lang='lat' dir='ltr'><strong>non</strong></span> <span class='ocrx_word' id='word_1_149' title='bbox 1399 2352 1656 2423; x_wconf 85' lang='lat' dir='ltr'><strong>corrupit.</strong></span> <span class='ocrx_word' id='word_1_150' title='bbox 1674 2374 1698 2398; x_wconf 69' lang='grc' dir='ltr'><strong><em>ο</em></strong></span> 
     </span>
     <span class='ocr_line' id='line_1_22' title="bbox 688 2428 1703 2502; baseline -0.005 -16"><span class='ocrx_word' id='word_1_151' title='bbox 688 2432 746 2486; x_wconf 84' lang='lat' dir='ltr'><strong>Si</strong></span> <span class='ocrx_word' id='word_1_152' title='bbox 759 2432 931 2486; x_wconf 76' lang='lat' dir='ltr'><strong>Suidae</strong></span> <span class='ocrx_word' id='word_1_153' title='bbox 946 2428 1270 2484; x_wconf 84' lang='lat' dir='ltr'><strong>credendum</strong></span> <span class='ocrx_word' id='word_1_154' title='bbox 1283 2468 1300 2497; x_wconf 90' lang='lat'><strong>,</strong></span> <span class='ocrx_word' id='word_1_155' title='bbox 1317 2431 1530 2502; x_wconf 80' lang='lat' dir='ltr'><strong>scripsit</strong></span> <span class='ocrx_word' id='word_1_156' title='bbox 1544 2432 1703 2482; x_wconf 85' lang='lat' dir='ltr'><strong>etiam</strong></span> 
     </span>
     <span class='ocr_line' id='line_1_23' title="bbox 688 2507 1701 2586; baseline -0.008 -20"><span class='ocrx_word' id='word_1_157' title='bbox 688 2513 933 2586; x_wconf 72' lang='lat' dir='ltr'><strong>Caligula</strong></span> <span class='ocrx_word' id='word_1_158' title='bbox 960 2508 1186 2582; x_wconf 60' lang='grc' dir='ltr'><strong>ῥητορικὴ</strong></span> <span class='ocrx_word' id='word_1_159' title='bbox 1213 2508 1378 2574; x_wconf 72' lang='grc' dir='ltr'><strong>τὶχην</strong></span> <span class='ocrx_word' id='word_1_160' title='bbox 1400 2507 1701 2575; x_wconf 69' lang='grc' dir='ltr'><em>Ῥαμιιϊκὸς,</em></span> 
     </span>
     <span class='ocr_line' id='line_1_24' title="bbox 690 2589 1701 2664; baseline -0.004 -19"><span class='ocrx_word' id='word_1_161' title='bbox 690 2611 852 2664; x_wconf 85' lang='lat' dir='ltr'><strong>quem</strong></span> <span class='ocrx_word' id='word_1_162' title='bbox 874 2605 1052 2644; x_wconf 81' lang='lat' dir='ltr'><strong>tamen</strong></span> <span class='ocrx_word' id='word_1_163' title='bbox 1069 2591 1264 2649; x_wconf 78' lang='lat' dir='ltr'><strong>librum</strong></span> <span class='ocrx_word' id='word_1_164' title='bbox 1280 2591 1423 2662; x_wconf 73' lang='lat' dir='ltr'><strong>Lipe.</strong></span> <span class='ocrx_word' id='word_1_165' title='bbox 1443 2589 1514 2642; x_wconf 90' lang='lat' dir='ltr'><strong>ad</strong></span> <span class='ocrx_word' id='word_1_166' title='bbox 1532 2590 1701 2642; x_wconf 85' lang='lat' dir='ltr'><strong>Tacit.</strong></span> 
     </span>
     <span class='ocr_line' id='line_1_25' title="bbox 691 2667 1700 2740; baseline 0 -20"><span class='ocrx_word' id='word_1_167' title='bbox 691 2669 726 2720; x_wconf 83' lang='grc' dir='ltr'><strong>Ι.</strong></span> <span class='ocrx_word' id='word_1_168' title='bbox 751 2691 800 2723; x_wconf 90' lang='lat' dir='ltr'><strong>c.</strong></span> <span class='ocrx_word' id='word_1_169' title='bbox 826 2671 1142 2723; x_wconf 77' lang='lat' dir='ltr'><strong>Germanico</strong></span> <span class='ocrx_word' id='word_1_170' title='bbox 1170 2671 1351 2740; x_wconf 79' lang='lat' dir='ltr'><strong>potius</strong></span> <span class='ocrx_word' id='word_1_171' title='bbox 1379 2667 1585 2720; x_wconf 79' lang='lat' dir='ltr'><strong>tribuit.</strong></span> <span class='ocrx_word' id='word_1_172' title='bbox 1616 2669 1700 2721; x_wconf 80' lang='lat' dir='ltr'><strong>Cf.</strong></span> 
     </span>
     <span class='ocr_line' id='line_1_26' title="bbox 689 2746 1703 2818; baseline -0.003 -18"><span class='ocrx_word' id='word_1_173' title='bbox 689 2760 747 2800; x_wconf 87' lang='lat' dir='ltr'><strong>et</strong></span> <span class='ocrx_word' id='word_1_174' title='bbox 769 2746 990 2818; x_wconf 76' lang='lat' dir='ltr'><strong>Joseph.</strong></span> <span class='ocrx_word' id='word_1_175' title='bbox 1017 2747 1171 2810; x_wconf 72' lang='lat' dir='ltr'><strong>XIX,</strong></span> <span class='ocrx_word' id='word_1_176' title='bbox 1203 2762 1252 2796; x_wconf 78' lang='lat'><strong>2.</strong></span> <span class='ocrx_word' id='word_1_177' title='bbox 1283 2747 1559 2813; x_wconf 81' lang='lat' dir='ltr'><strong>Ceterum,</strong></span> <span class='ocrx_word' id='word_1_178' title='bbox 1584 2764 1703 2798; x_wconf 75' lang='lat' dir='ltr'><strong>em-</strong></span> 
     </span>
     <span class='ocr_line' id='line_1_27' title="bbox 688 2823 1705 2896; baseline 0 -20"><span class='ocrx_word' id='word_1_179' title='bbox 688 2827 945 2878; x_wconf 76' lang='lat' dir='ltr'><strong>ditionem</strong></span> <span class='ocrx_word' id='word_1_180' title='bbox 961 2823 1106 2896; x_wconf 86' lang='lat' dir='ltr'><strong>apud</strong></span> <span class='ocrx_word' id='word_1_181' title='bbox 1119 2825 1377 2877; x_wconf 82' lang='lat' dir='ltr'><strong>Nostrum</strong></span> <span class='ocrx_word' id='word_1_182' title='bbox 1389 2839 1535 2878; x_wconf 83' lang='lat' dir='ltr'><strong>reete</strong></span> <span class='ocrx_word' id='word_1_183' title='bbox 1548 2827 1705 2878; x_wconf 75' lang='lat' dir='ltr'><strong>inter-</strong></span> 
     </span>
     <span class='ocr_line' id='line_1_28' title="bbox 691 2902 1705 2976; baseline 0.001 -20"><span class='ocrx_word' id='word_1_184' title='bbox 691 2917 933 2976; x_wconf 81' lang='lat' dir='ltr'><strong>pretatur</strong></span> <span class='ocrx_word' id='word_1_185' title='bbox 951 2904 1222 2957; x_wconf 79' lang='lat' dir='ltr'><strong>Ernestius</strong></span> <span class='ocrx_word' id='word_1_186' title='bbox 1243 2902 1420 2956; x_wconf 76' lang='lat' dir='ltr'><strong>literas</strong></span> <span class='ocrx_word' id='word_1_187' title='bbox 1435 2902 1638 2956; x_wconf 76' lang='lat' dir='ltr'><strong>Groeeas</strong></span> <span class='ocrx_word' id='word_1_188' title='bbox 1652 2916 1705 2957; x_wconf 88' lang='lat' dir='ltr'><strong>et</strong></span> 
     </span>
     <span class='ocr_line' id='line_1_29' title="bbox 693 2981 1451 3054; baseline -0.003 -18"><span class='ocrx_word' id='word_1_189' title='bbox 693 2985 940 3050; x_wconf 74' lang='lat' dir='ltr'><strong>Latinas,</strong></span> <span class='ocrx_word' id='word_1_190' title='bbox 965 3001 1060 3036; x_wconf 72' lang='lat' dir='ltr'><strong>ceu</strong></span> <span class='ocrx_word' id='word_1_191' title='bbox 1083 2981 1451 3054; x_wconf 63' lang='lat' dir='ltr'><strong>philologiam.</strong></span> 
     </span>
    </p>

    <p class='ocr_par' dir='ltr' id='par_1_6' title="bbox 687 3063 1705 3450">
     <span class='ocr_line' id='line_1_30' title="bbox 766 3063 1705 3133; baseline -0.001 -18"><span class='ocrx_word' id='word_1_192' title='bbox 766 3081 818 3116; x_wconf 74' lang='lat' dir='ltr'><strong>a.</strong></span> <span class='ocrx_word' id='word_1_193' title='bbox 837 3064 916 3115; x_wconf 80' lang='lat' dir='ltr'><strong>Ut</strong></span> <span class='ocrx_word' id='word_1_194' title='bbox 932 3064 1208 3127; x_wconf 76' lang='lat' dir='ltr'><strong>Senecam,</strong></span> <span class='ocrx_word' id='word_1_195' title='bbox 1229 3075 1332 3113; x_wconf 90' lang='lat' dir='ltr'><strong>etc.</strong></span> <span class='ocrx_word' id='word_1_196' title='bbox 1347 3063 1549 3133; x_wconf 74' lang='lat' dir='ltr'><strong>Capitis</strong></span> <span class='ocrx_word' id='word_1_197' title='bbox 1564 3063 1705 3133; x_wconf 87' lang='lat' dir='ltr'><strong>peri-</strong></span> 
     </span>
     <span class='ocr_line' id='line_1_31' title="bbox 687 3139 1701 3214; baseline -0.001 -20"><span class='ocrx_word' id='word_1_198' title='bbox 687 3141 872 3214; x_wconf 71' lang='lat' dir='ltr'><strong>eulum</strong></span> <span class='ocrx_word' id='word_1_199' title='bbox 883 3142 1088 3194; x_wconf 85' lang='lat' dir='ltr'><strong>Seneca</strong></span> <span class='ocrx_word' id='word_1_200' title='bbox 1097 3139 1326 3194; x_wconf 70' lang='lat' dir='ltr'><strong>subiisse</strong></span> <span class='ocrx_word' id='word_1_201' title='bbox 1335 3141 1701 3194; x_wconf 67' lang='lat' dir='ltr'><strong>dicitu-Dion.</strong></span> 
     </span>
     <span class='ocr_line' id='line_1_32' title="bbox 689 3218 1703 3294; baseline -0.001 -21"><span class='ocrx_word' id='word_1_202' title='bbox 689 3239 814 3294; x_wconf 82' lang='lat' dir='ltr'><strong>cap.</strong></span> <span class='ocrx_word' id='word_1_203' title='bbox 831 3222 916 3274; x_wconf 86' lang='lat' dir='ltr'><strong>cit.</strong></span> <span class='ocrx_word' id='word_1_204' title='bbox 935 3220 1058 3273; x_wconf 88' lang='lat' dir='ltr'><strong>ideo</strong></span> <span class='ocrx_word' id='word_1_205' title='bbox 1073 3232 1308 3286; x_wconf 82' lang='lat' dir='ltr'><strong>tantum,</strong></span> <span class='ocrx_word' id='word_1_206' title='bbox 1325 3218 1471 3290; x_wconf 88' lang='lat' dir='ltr'><strong>quod</strong></span> <span class='ocrx_word' id='word_1_207' title='bbox 1485 3239 1703 3274; x_wconf 79' lang='lat' dir='ltr'><strong>causam</strong></span> 
     </span>
     <span class='ocr_line' id='line_1_33' title="bbox 691 3297 1697 3370; baseline 0.001 -20"><span class='ocrx_word' id='word_1_208' title='bbox 691 3297 974 3370; x_wconf 79' lang='lat' dir='ltr'><strong>quamdam</strong></span> <span class='ocrx_word' id='word_1_209' title='bbox 985 3300 1040 3350; x_wconf 84' lang='lat' dir='ltr'><strong>in</strong></span> <span class='ocrx_word' id='word_1_210' title='bbox 1056 3310 1262 3363; x_wconf 84' lang='lat' dir='ltr'><strong>senatu,</strong></span> <span class='ocrx_word' id='word_1_211' title='bbox 1276 3312 1534 3369; x_wconf 67' lang='lat' dir='ltr'><strong>praesente</strong></span> <span class='ocrx_word' id='word_1_212' title='bbox 1546 3298 1697 3366; x_wconf 82' lang='lat' dir='ltr'><strong>Caio,</strong></span> 
     </span>
     <span class='ocr_line' id='line_1_34' title="bbox 691 3378 1271 3450; baseline 0.002 -20"><span class='ocrx_word' id='word_1_213' title='bbox 691 3378 1045 3450; x_wconf 77' lang='lat' dir='ltr'><strong>pulcherrime</strong></span> <span class='ocrx_word' id='word_1_214' title='bbox 1069 3389 1271 3448; x_wconf 75' lang='lat' dir='ltr'><strong>egerat.</strong></span> 
     </span>
    </p>

    <p class='ocr_par' dir='ltr' id='par_1_7' title="bbox 681 3456 1704 4006">
     <span class='ocr_line' id='line_1_35' title="bbox 763 3456 1704 3524; baseline -0.004 -12"><span class='ocrx_word' id='word_1_215' title='bbox 763 3461 816 3512; x_wconf 85' lang='lat'><strong>3.</strong></span> <span class='ocrx_word' id='word_1_216' title='bbox 858 3457 1246 3511; x_wconf 72' lang='lat' dir='ltr'><strong>Commissiones</strong></span> <span class='ocrx_word' id='word_1_217' title='bbox 1271 3475 1464 3519; x_wconf 73' lang='lat' dir='ltr'><strong>meras-,-</strong></span> <span class='ocrx_word' id='word_1_218' title='bbox 1497 3456 1704 3524; x_wconf 59' lang='grc' dir='ltr'><strong>ἆγονῖσυ</strong></span> 
     </span>
     <span class='ocr_line' id='line_1_36' title="bbox 681 3536 1701 3610; baseline 0.001 -21"><span class='ocrx_word' id='word_1_219' title='bbox 681 3557 858 3606; x_wconf 62' lang='grc' dir='ltr'><strong>ματα,</strong></span> <span class='ocrx_word' id='word_1_220' title='bbox 887 3536 1072 3610; x_wconf 76' lang='lat' dir='ltr'><strong>quales</strong></span> <span class='ocrx_word' id='word_1_221' title='bbox 1093 3549 1245 3589; x_wconf 85' lang='lat' dir='ltr'><strong>erant</strong></span> <span class='ocrx_word' id='word_1_222' title='bbox 1267 3539 1537 3590; x_wconf 79' lang='lat' dir='ltr'><strong>orationes</strong></span> <span class='ocrx_word' id='word_1_223' title='bbox 1562 3539 1701 3590; x_wconf 87' lang='lat' dir='ltr'><strong>reci-</strong></span> 
     </span>
     <span class='ocr_line' id='line_1_37' title="bbox 691 3616 1704 3681; baseline 0.001 -12"><span class='ocrx_word' id='word_1_224' title='bbox 691 3631 810 3670; x_wconf 79' lang='lat' dir='ltr'><strong>tatae</strong></span> <span class='ocrx_word' id='word_1_225' title='bbox 845 3620 902 3670; x_wconf 89' lang='lat' dir='ltr'><strong>in</strong></span> <span class='ocrx_word' id='word_1_226' title='bbox 935 3616 1402 3681; x_wconf 71' lang='lat' dir='ltr'><strong>commissionibus,</strong></span> <span class='ocrx_word' id='word_1_227' title='bbox 1431 3619 1487 3668; x_wconf 89' lang='lat' dir='ltr'><strong>in</strong></span> <span class='ocrx_word' id='word_1_228' title='bbox 1519 3631 1704 3670; x_wconf 81' lang='lat' dir='ltr'><strong>orato-</strong></span> 
     </span>
     <span class='ocr_line' id='line_1_38' title="bbox 690 3695 1704 3767; baseline 0.002 -19"><span class='ocrx_word' id='word_1_229' title='bbox 690 3697 782 3748; x_wconf 72' lang='lat' dir='ltr'><strong>riis</strong></span> <span class='ocrx_word' id='word_1_230' title='bbox 813 3697 1146 3767; x_wconf 80' lang='lat' dir='ltr'><strong>poeticisque</strong></span> <span class='ocrx_word' id='word_1_231' title='bbox 1185 3695 1583 3750; x_wconf 79' lang='lat' dir='ltr'><strong>certaminibus.</strong></span> <span class='ocrx_word' id='word_1_232' title='bbox 1620 3698 1704 3750; x_wconf 81' lang='lat' dir='ltr'><strong>Ita</strong></span> 
     </span>
     <span class='ocr_line' id='line_1_39' title="bbox 689 3773 1701 3851; baseline 0.003 -26"><span class='ocrx_word' id='word_1_233' title='bbox 689 3775 804 3826; x_wconf 78' lang='lat' dir='ltr'><strong>fere</strong></span> <span class='ocrx_word' id='word_1_234' title='bbox 827 3792 926 3827; x_wconf 82' lang='lat' dir='ltr'><strong>nos</strong></span> <span class='ocrx_word' id='word_1_235' title='bbox 941 3813 959 3843; x_wconf 94' lang='lat'><strong>,</strong></span> <span class='ocrx_word' id='word_1_236' title='bbox 987 3774 1252 3851; x_wconf 74' lang='lat' dir='ltr'><strong>desfleurs</strong></span> <span class='ocrx_word' id='word_1_237' title='bbox 1282 3773 1348 3826; x_wconf 83' lang='lat' dir='ltr'><strong>de</strong></span> <span class='ocrx_word' id='word_1_238' title='bbox 1377 3773 1701 3848; x_wconf 61' lang='lat' dir='ltr'><strong>rhetos-ique,</strong></span> 
     </span>
     <span class='ocr_line' id='line_1_40' title="bbox 687 3854 1702 3927; baseline 0.007 -23"><span class='ocrx_word' id='word_1_239' title='bbox 687 3855 780 3908; x_wconf 79' lang='lat' dir='ltr'><strong>des</strong></span> <span class='ocrx_word' id='word_1_240' title='bbox 791 3855 1166 3908; x_wconf 55' lang='lat' dir='ltr'><strong>declamatione</strong></span> <span class='ocrx_word' id='word_1_241' title='bbox 1177 3854 1551 3927; x_wconf 64' lang='lat' dir='ltr'><strong>aeadevm‘ques.</strong></span> <span class='ocrx_word' id='word_1_242' title='bbox 1567 3855 1702 3911; x_wconf 83' lang='lat' dir='ltr'><strong>Vide</strong></span> 
     </span>
     <span class='ocr_line' id='line_1_41' title="bbox 689 3933 1699 4006; baseline 0.005 -21"><span class='ocrx_word' id='word_1_243' title='bbox 689 3933 918 3987; x_wconf 76' lang='lat' dir='ltr'><strong>Casaub.</strong></span> <span class='ocrx_word' id='word_1_244' title='bbox 943 3933 1013 3988; x_wconf 85' lang='lat' dir='ltr'><strong>ad</strong></span> <span class='ocrx_word' id='word_1_245' title='bbox 1035 3935 1260 4006; x_wconf 75' lang='lat' dir='ltr'><strong>August.</strong></span> <span class='ocrx_word' id='word_1_246' title='bbox 1287 3933 1388 4002; x_wconf 81' lang='lat'><strong>86,</strong></span> <span class='ocrx_word' id='word_1_247' title='bbox 1415 3948 1468 3988; x_wconf 87' lang='lat' dir='ltr'><strong>et</strong></span> <span class='ocrx_word' id='word_1_248' title='bbox 1491 3933 1563 3988; x_wconf 87' lang='lat' dir='ltr'><strong>ad</strong></span> <span class='ocrx_word' id='word_1_249' title='bbox 1585 3934 1641 3990; x_wconf 86' lang='lat' dir='ltr'><strong>h.</strong></span> <span class='ocrx_word' id='word_1_250' title='bbox 1662 3937 1699 3990; x_wconf 90' lang='lat' dir='ltr'><strong>l.</strong></span> 
     </span>
    </p>

    <p class='ocr_par' dir='ltr' id='par_1_8' title="bbox 693 4012 1701 4166">
     <span class='ocr_line' id='line_1_42' title="bbox 765 4012 1701 4079; baseline 0.003 -14"><span class='ocrx_word' id='word_1_251' title='bbox 765 4012 816 4078; x_wconf 76' lang='grc'><strong>4.</strong></span> <span class='ocrx_word' id='word_1_252' title='bbox 852 4013 926 4066; x_wconf 84' lang='lat' dir='ltr'><strong>Et</strong></span> <span class='ocrx_word' id='word_1_253' title='bbox 967 4031 1182 4065; x_wconf 77' lang='lat' dir='ltr'><strong>arenam</strong></span> <span class='ocrx_word' id='word_1_254' title='bbox 1221 4031 1328 4066; x_wconf 68' lang='lat' dir='ltr'><strong>esse</strong></span> <span class='ocrx_word' id='word_1_255' title='bbox 1370 4013 1480 4065; x_wconf 75' lang='lat' dir='ltr'><strong>sine</strong></span> <span class='ocrx_word' id='word_1_256' title='bbox 1519 4014 1663 4068; x_wconf 80' lang='lat' dir='ltr'><strong>calce</strong></span> <span class='ocrx_word' id='word_1_257' title='bbox 1681 4039 1701 4079; x_wconf 90' lang='lat'><strong>,-</strong></span> 
     </span>
     <span class='ocr_line' id='line_1_43' title="bbox 693 4091 1700 4166; baseline 0.002 -23"><span class='ocrx_word' id='word_1_258' title='bbox 693 4111 724 4136; x_wconf 72' lang='lat' dir='ltr'><em>a</em></span> <span class='ocrx_word' id='word_1_259' title='bbox 745 4091 890 4162; x_wconf 88' lang='lat' dir='ltr'><strong>quod</strong></span> <span class='ocrx_word' id='word_1_260' title='bbox 931 4093 1218 4146; x_wconf 71' lang='lat' dir='ltr'><strong>sententias</strong></span> <span class='ocrx_word' id='word_1_261' title='bbox 1265 4091 1582 4166; x_wconf 82' lang='lat' dir='ltr'><strong>plerumque</strong></span> <span class='ocrx_word' id='word_1_262' title='bbox 1619 4094 1700 4146; x_wconf 89' lang='lat' dir='ltr'><strong>lo-</strong></span> 
     </span>
    </p>
   </div>
   <div class='ocr_carea' id='block_1_6' title="bbox 1786 2110 2865 4168">
    <p class='ocr_par' dir='ltr' id='par_1_9' title="bbox 1786 2110 2865 3671">
     <span class='ocr_line' id='line_1_44' title="bbox 1792 2110 2801 2183; baseline 0.005 -23"><span class='ocrx_word' id='word_1_263' title='bbox 1792 2121 1889 2163; x_wconf 85' lang='lat' dir='ltr'><strong>tes.</strong></span> <span class='ocrx_word' id='word_1_264' title='bbox 1912 2133 1936 2157; x_wconf 71' lang='lat' dir='ltr'><em>n</em></span> <span class='ocrx_word' id='word_1_265' title='bbox 1962 2112 2039 2162; x_wconf 84' lang='lat' dir='ltr'><strong>Ita</strong></span> <span class='ocrx_word' id='word_1_266' title='bbox 2066 2112 2294 2165; x_wconf 88' lang='lat' dir='ltr'><strong>Casaub.</strong></span> <span class='ocrx_word' id='word_1_267' title='bbox 2316 2110 2599 2183; x_wconf 76' lang='lat' dir='ltr'><strong>Ingeniosa</strong></span> <span class='ocrx_word' id='word_1_268' title='bbox 2620 2124 2801 2165; x_wconf 87' lang='lat' dir='ltr'><strong>tamen</strong></span> 
     </span>
     <span class='ocr_line' id='line_1_45' title="bbox 1794 2190 2799 2264; baseline 0.002 -22"><span class='ocrx_word' id='word_1_269' title='bbox 1794 2203 1873 2242; x_wconf 78' lang='lat' dir='ltr'><strong>est</strong></span> <span class='ocrx_word' id='word_1_270' title='bbox 1890 2191 2261 2262; x_wconf 75' lang='lat' dir='ltr'><strong>interpretatio</strong></span> <span class='ocrx_word' id='word_1_271' title='bbox 2281 2191 2441 2264; x_wconf 70' lang='lat' dir='ltr'><strong>hujus</strong></span> <span class='ocrx_word' id='word_1_272' title='bbox 2449 2190 2614 2260; x_wconf 77' lang='lat' dir='ltr'><strong>dicti,</strong></span> <span class='ocrx_word' id='word_1_273' title='bbox 2630 2210 2799 2263; x_wconf 72' lang='lat' dir='ltr'><strong>quatu</strong></span> 
     </span>
     <span class='ocr_line' id='line_1_46' title="bbox 1792 2266 2801 2343; baseline 0.004 -24"><span class='ocrx_word' id='word_1_274' title='bbox 1792 2266 1943 2321; x_wconf 82' lang='lat' dir='ltr'><strong>dedit</strong></span> <span class='ocrx_word' id='word_1_275' title='bbox 1968 2268 2227 2323; x_wconf 77' lang='lat' dir='ltr'><strong>Mullema</strong></span> <span class='ocrx_word' id='word_1_276' title='bbox 2244 2272 2305 2322; x_wconf 75' lang='lat' dir='ltr'><strong>in</strong></span> <span class='ocrx_word' id='word_1_277' title='bbox 2328 2270 2552 2324; x_wconf 71' lang='lat' dir='ltr'><strong>Obsew:</strong></span> <span class='ocrx_word' id='word_1_278' title='bbox 2581 2289 2707 2343; x_wconf 70' lang='lat' dir='ltr'><strong>pag.</strong></span> <span class='ocrx_word' id='word_1_279' title='bbox 2738 2269 2801 2324; x_wconf 78' lang='lat'><strong>15</strong></span> 
     </span>
     <span class='ocr_line' id='line_1_47' title="bbox 1790 2346 2800 2419; baseline 0.002 -20"><span class='ocrx_word' id='word_1_280' title='bbox 1790 2364 1901 2419; x_wconf 80' lang='lat' dir='ltr'><strong>seq.</strong></span> <span class='ocrx_word' id='word_1_281' title='bbox 1918 2384 1936 2411; x_wconf 89' lang='lat'><strong>,</strong></span> <span class='ocrx_word' id='word_1_282' title='bbox 1961 2350 2245 2419; x_wconf 83' lang='lat' dir='ltr'><strong>repetitum</strong></span> <span class='ocrx_word' id='word_1_283' title='bbox 2265 2347 2398 2401; x_wconf 87' lang='lat' dir='ltr'><strong>illud</strong></span> <span class='ocrx_word' id='word_1_284' title='bbox 2421 2346 2606 2405; x_wconf 78' lang='lat' dir='ltr'><strong>dicens</strong></span> <span class='ocrx_word' id='word_1_285' title='bbox 2628 2368 2663 2403; x_wconf 81' lang='lat' dir='ltr'><strong>a</strong></span> <span class='ocrx_word' id='word_1_286' title='bbox 2689 2350 2800 2403; x_wconf 74' lang='lat' dir='ltr'><strong>Cir·</strong></span> 
     </span>
     <span class='ocr_line' id='line_1_48' title="bbox 1792 2426 2801 2499; baseline 0.002 -22"><span class='ocrx_word' id='word_1_287' title='bbox 1792 2444 1857 2478; x_wconf 91' lang='lat' dir='ltr'><strong>co</strong></span> <span class='ocrx_word' id='word_1_288' title='bbox 1870 2464 1887 2491; x_wconf 92' lang='lat'><strong>,</strong></span> <span class='ocrx_word' id='word_1_289' title='bbox 1908 2428 1964 2478; x_wconf 85' lang='lat' dir='ltr'><strong>in</strong></span> <span class='ocrx_word' id='word_1_290' title='bbox 1985 2446 2092 2499; x_wconf 87' lang='lat' dir='ltr'><strong>quo</strong></span> <span class='ocrx_word' id='word_1_291' title='bbox 2114 2427 2226 2481; x_wconf 86' lang='lat' dir='ltr'><strong>Caii</strong></span> <span class='ocrx_word' id='word_1_292' title='bbox 2254 2426 2429 2481; x_wconf 84' lang='lat' dir='ltr'><strong>studia</strong></span> <span class='ocrx_word' id='word_1_293' title='bbox 2446 2430 2674 2481; x_wconf 79' lang='lat' dir='ltr'><strong>maxime</strong></span> <span class='ocrx_word' id='word_1_294' title='bbox 2692 2446 2801 2481; x_wconf 82' lang='lat' dir='ltr'><strong>ver-</strong></span> 
     </span>
     <span class='ocr_line' id='line_1_49' title="bbox 1792 2507 2798 2577; baseline 0.002 -17"><span class='ocrx_word' id='word_1_295' title='bbox 1792 2507 2068 2577; x_wconf 83' lang='lat' dir='ltr'><strong>sabantur,</strong></span> <span class='ocrx_word' id='word_1_296' title='bbox 2080 2522 2141 2561; x_wconf 81' lang='lat' dir='ltr'><strong>ut</strong></span> <span class='ocrx_word' id='word_1_297' title='bbox 2150 2507 2287 2562; x_wconf 85' lang='lat' dir='ltr'><strong>adeo</strong></span> <span class='ocrx_word' id='word_1_298' title='bbox 2296 2509 2551 2562; x_wconf 80' lang='lat' dir='ltr'><strong>Senecam</strong></span> <span class='ocrx_word' id='word_1_299' title='bbox 2562 2529 2798 2575; x_wconf 77' lang='lat' dir='ltr'><strong>arenam,</strong></span> 
     </span>
     <span class='ocr_line' id='line_1_50' title="bbox 1792 2586 2800 2655; baseline 0 -15"><span class='ocrx_word' id='word_1_300' title='bbox 1792 2586 2039 2652; x_wconf 75' lang='lat' dir='ltr'><strong>stadium,</strong></span> <span class='ocrx_word' id='word_1_301' title='bbox 2050 2586 2373 2640; x_wconf 79' lang='lat' dir='ltr'><strong>curriculum</strong></span> <span class='ocrx_word' id='word_1_302' title='bbox 2383 2589 2497 2640; x_wconf 81' lang='lat' dir='ltr'><strong>sine</strong></span> <span class='ocrx_word' id='word_1_303' title='bbox 2509 2587 2672 2655; x_wconf 78' lang='lat' dir='ltr'><strong>calce,</strong></span> <span class='ocrx_word' id='word_1_304' title='bbox 2689 2590 2800 2640; x_wconf 75' lang='lat' dir='ltr'><strong>sine</strong></span> 
     </span>
     <span class='ocr_line' id='line_1_51' title="bbox 1794 2665 2865 2733; baseline 0.002 -15"><span class='ocrx_word' id='word_1_305' title='bbox 1794 2680 1934 2719; x_wconf 80' lang='lat' dir='ltr'><strong>meta</strong></span> <span class='ocrx_word' id='word_1_306' title='bbox 1946 2701 1966 2733; x_wconf 86' lang='lat'><strong>,</strong></span> <span class='ocrx_word' id='word_1_307' title='bbox 1990 2667 2105 2718; x_wconf 73' lang='lat' dir='ltr'><strong>sine</strong></span> <span class='ocrx_word' id='word_1_308' title='bbox 2126 2666 2251 2719; x_wconf 90' lang='lat' dir='ltr'><strong>loco</strong></span> <span class='ocrx_word' id='word_1_309' title='bbox 2266 2667 2423 2720; x_wconf 76' lang='lat' dir='ltr'><strong>calce</strong></span> <span class='ocrx_word' id='word_1_310' title='bbox 2438 2665 2521 2719; x_wconf 72' lang='lat' dir='ltr'><strong>vel</strong></span> <span class='ocrx_word' id='word_1_311' title='bbox 2538 2681 2687 2720; x_wconf 76' lang='lat' dir='ltr'><strong>creta</strong></span> <span class='ocrx_word' id='word_1_312' title='bbox 2710 2685 2803 2720; x_wconf 86' lang='lat' dir='ltr'><strong>no·</strong></span> <span class='ocrx_word' id='word_1_313' title='bbox 2860 2703 2865 2706; x_wconf 97' lang='lat'>-</span> 
     </span>
     <span class='ocr_line' id='line_1_52' title="bbox 1791 2747 2804 2814; baseline 0.002 -16"><span class='ocrx_word' id='word_1_314' title='bbox 1791 2758 1904 2799; x_wconf 82' lang='lat' dir='ltr'><strong>tato</strong></span> <span class='ocrx_word' id='word_1_315' title='bbox 1920 2786 1938 2814; x_wconf 87' lang='lat'><strong>,</strong></span> <span class='ocrx_word' id='word_1_316' title='bbox 1964 2747 2060 2801; x_wconf 82' lang='lat' dir='ltr'><strong>ubi</strong></span> <span class='ocrx_word' id='word_1_317' title='bbox 2082 2765 2244 2801; x_wconf 80' lang='lat' dir='ltr'><strong>eursu</strong></span> <span class='ocrx_word' id='word_1_318' title='bbox 2272 2759 2458 2800; x_wconf 66' lang='lat' dir='ltr'><strong>exacto</strong></span> <span class='ocrx_word' id='word_1_319' title='bbox 2484 2749 2659 2801; x_wconf 78' lang='lat' dir='ltr'><strong>vietor</strong></span> <span class='ocrx_word' id='word_1_320' title='bbox 2672 2765 2804 2801; x_wconf 81' lang='lat' dir='ltr'><strong>con-</strong></span> 
     </span>
     <span class='ocr_line' id='line_1_53' title="bbox 1793 2827 2801 2901; baseline 0.003 -22"><span class='ocrx_word' id='word_1_321' title='bbox 1793 2827 1974 2880; x_wconf 73' lang='lat' dir='ltr'><strong>sistere</strong></span> <span class='ocrx_word' id='word_1_322' title='bbox 2000 2840 2054 2879; x_wconf 87' lang='lat' dir='ltr'><strong>et</strong></span> <span class='ocrx_word' id='word_1_323' title='bbox 2078 2829 2350 2899; x_wconf 62' lang='lat' dir='ltr'><strong>premium</strong></span> <span class='ocrx_word' id='word_1_324' title='bbox 2383 2829 2626 2901; x_wconf 82' lang='lat' dir='ltr'><strong>accipere</strong></span> <span class='ocrx_word' id='word_1_325' title='bbox 2654 2828 2801 2882; x_wconf 76' lang='lat' dir='ltr'><strong>sole-</strong></span> 
     </span>
     <span class='ocr_line' id='line_1_54' title="bbox 1792 2905 2802 2982; baseline 0.004 -22"><span class='ocrx_word' id='word_1_326' title='bbox 1792 2907 1917 2975; x_wconf 85' lang='lat' dir='ltr'><strong>bat,</strong></span> <span class='ocrx_word' id='word_1_327' title='bbox 1939 2907 1993 2960; x_wconf 84' lang='lat' dir='ltr'><strong>h.</strong></span> <span class='ocrx_word' id='word_1_328' title='bbox 2014 2925 2067 2961; x_wconf 86' lang='lat' dir='ltr'><strong>e.</strong></span> <span class='ocrx_word' id='word_1_329' title='bbox 2094 2905 2365 2962; x_wconf 83' lang='lat' dir='ltr'><strong>hominem</strong></span> <span class='ocrx_word' id='word_1_330' title='bbox 2388 2907 2579 2961; x_wconf 76' lang='lat' dir='ltr'><strong>dixerit</strong></span> <span class='ocrx_word' id='word_1_331' title='bbox 2600 2911 2802 2982; x_wconf 75' lang='lat' dir='ltr'><strong>ingenii</strong></span> 
     </span>
     <span class='ocr_line' id='line_1_55' title="bbox 1792 2987 2802 3060; baseline 0.005 -22"><span class='ocrx_word' id='word_1_332' title='bbox 1792 2987 2224 3058; x_wconf 74' lang='lat' dir='ltr'><strong>intemperantis,</strong></span> <span class='ocrx_word' id='word_1_333' title='bbox 2245 2990 2368 3060; x_wconf 85' lang='lat' dir='ltr'><strong>qui,</strong></span> <span class='ocrx_word' id='word_1_334' title='bbox 2390 3001 2451 3041; x_wconf 84' lang='lat' dir='ltr'><strong>ut</strong></span> <span class='ocrx_word' id='word_1_335' title='bbox 2466 2989 2637 3042; x_wconf 81' lang='lat' dir='ltr'><strong>Amm.</strong></span> <span class='ocrx_word' id='word_1_336' title='bbox 2659 2991 2802 3043; x_wconf 80' lang='lat' dir='ltr'><strong>Mar·</strong></span> 
     </span>
     <span class='ocr_line' id='line_1_56' title="bbox 1790 3064 2802 3134; baseline 0.006 -17"><span class='ocrx_word' id='word_1_337' title='bbox 1790 3064 1909 3118; x_wconf 87' lang='lat' dir='ltr'><strong>cell.</strong></span> <span class='ocrx_word' id='word_1_338' title='bbox 1922 3103 1941 3133; x_wconf 84' lang='lat'><strong>,</strong></span> <span class='ocrx_word' id='word_1_339' title='bbox 1965 3079 2113 3119; x_wconf 75' lang='lat' dir='ltr'><strong>extra</strong></span> <span class='ocrx_word' id='word_1_340' title='bbox 2128 3065 2293 3120; x_wconf 73' lang='lat' dir='ltr'><strong>calces</strong></span> <span class='ocrx_word' id='word_1_341' title='bbox 2309 3067 2619 3134; x_wconf 75' lang='lat' dir='ltr'><strong>decurreret,</strong></span> <span class='ocrx_word' id='word_1_342' title='bbox 2641 3070 2802 3123; x_wconf 80' lang='lat' dir='ltr'><strong>nimis</strong></span> 
     </span>
     <span class='ocr_line' id='line_1_57' title="bbox 1788 3145 2803 3220; baseline 0.005 -24"><span class='ocrx_word' id='word_1_343' title='bbox 1788 3147 2069 3216; x_wconf 81' lang='lat' dir='ltr'><strong>copiosum</strong></span> <span class='ocrx_word' id='word_1_344' title='bbox 2104 3145 2267 3200; x_wconf 83' lang='lat' dir='ltr'><strong>rebus</strong></span> <span class='ocrx_word' id='word_1_345' title='bbox 2304 3161 2359 3200; x_wconf 87' lang='lat' dir='ltr'><strong>et</strong></span> <span class='ocrx_word' id='word_1_346' title='bbox 2388 3147 2594 3215; x_wconf 79' lang='lat' dir='ltr'><strong>verbis,</strong></span> <span class='ocrx_word' id='word_1_347' title='bbox 2626 3165 2803 3220; x_wconf 72' lang='lat' dir='ltr'><strong>nuga-</strong></span> 
     </span>
     <span class='ocr_line' id='line_1_58' title="bbox 1786 3227 2801 3300; baseline 0.003 -23"><span class='ocrx_word' id='word_1_348' title='bbox 1786 3239 1957 3278; x_wconf 78' lang='lat' dir='ltr'><strong>torem</strong></span> <span class='ocrx_word' id='word_1_349' title='bbox 1983 3227 2231 3299; x_wconf 79' lang='lat' dir='ltr'><strong>ineptum</strong></span> <span class='ocrx_word' id='word_1_350' title='bbox 2247 3265 2266 3294; x_wconf 88' lang='lat'><strong>,</strong></span> <span class='ocrx_word' id='word_1_351' title='bbox 2293 3229 2384 3300; x_wconf 87' lang='lat' dir='ltr'><strong>qui</strong></span> <span class='ocrx_word' id='word_1_352' title='bbox 2411 3230 2469 3279; x_wconf 88' lang='lat' dir='ltr'><strong>in</strong></span> <span class='ocrx_word' id='word_1_353' title='bbox 2496 3229 2637 3280; x_wconf 81' lang='lat' dir='ltr'><strong>Foro</strong></span> <span class='ocrx_word' id='word_1_354' title='bbox 2664 3241 2721 3282; x_wconf 85' lang='lat' dir='ltr'><strong>et</strong></span> <span class='ocrx_word' id='word_1_355' title='bbox 2746 3230 2801 3281; x_wconf 86' lang='lat' dir='ltr'><strong>in</strong></span> 
     </span>
     <span class='ocr_line' id='line_1_59' title="bbox 1788 3304 2803 3379; baseline 0.004 -21"><span class='ocrx_word' id='word_1_356' title='bbox 1788 3305 1947 3358; x_wconf 83' lang='lat' dir='ltr'><strong>Curia</strong></span> <span class='ocrx_word' id='word_1_357' title='bbox 1961 3304 2189 3358; x_wconf 83' lang='lat' dir='ltr'><strong>multum</strong></span> <span class='ocrx_word' id='word_1_358' title='bbox 2204 3305 2413 3377; x_wconf 70' lang='lat' dir='ltr'><strong>agendo</strong></span> <span class='ocrx_word' id='word_1_359' title='bbox 2432 3306 2566 3360; x_wconf 75' lang='lat' dir='ltr'><strong>nihil</strong></span> <span class='ocrx_word' id='word_1_360' title='bbox 2584 3326 2803 3379; x_wconf 69' lang='lat' dir='ltr'><strong>perage-</strong></span> 
     </span>
     <span class='ocr_line' id='line_1_60' title="bbox 1790 3379 2803 3453; baseline 0.005 -19"><span class='ocrx_word' id='word_1_361' title='bbox 1790 3397 1871 3435; x_wconf 88' lang='lat' dir='ltr'><strong>ret</strong></span> <span class='ocrx_word' id='word_1_362' title='bbox 1884 3423 1903 3452; x_wconf 82' lang='lat'><strong>,</strong></span> <span class='ocrx_word' id='word_1_363' title='bbox 1946 3383 2359 3438; x_wconf 82' lang='lat' dir='ltr'><strong>declamatorem</strong></span> <span class='ocrx_word' id='word_1_364' title='bbox 2370 3379 2383 3400; x_wconf 83' lang='lat'><em>&#39;</em></span> <span class='ocrx_word' id='word_1_365' title='bbox 2400 3385 2762 3439; x_wconf 75' lang='lat' dir='ltr'><strong>umbraticum</strong></span> <span class='ocrx_word' id='word_1_366' title='bbox 2782 3423 2803 3453; x_wconf 85' lang='lat'>‚</span> 
     </span>
     <span class='ocr_line' id='line_1_61' title="bbox 1789 3461 2805 3536; baseline 0.002 -22"><span class='ocrx_word' id='word_1_367' title='bbox 1789 3463 1879 3514; x_wconf 86' lang='lat' dir='ltr'><strong>cui</strong></span> <span class='ocrx_word' id='word_1_368' title='bbox 1896 3461 2017 3516; x_wconf 72' lang='lat' dir='ltr'><strong>fini·</strong></span> <span class='ocrx_word' id='word_1_369' title='bbox 2034 3477 2176 3516; x_wconf 75' lang='lat' dir='ltr'><strong>esset</strong></span> <span class='ocrx_word' id='word_1_370' title='bbox 2190 3465 2501 3536; x_wconf 79' lang='lat' dir='ltr'><strong>propositus</strong></span> <span class='ocrx_word' id='word_1_371' title='bbox 2520 3462 2701 3516; x_wconf 80' lang='lat' dir='ltr'><strong>nullus</strong></span> <span class='ocrx_word' id='word_1_372' title='bbox 2712 3502 2731 3531; x_wconf 88' lang='lat'><strong>,</strong></span> <span class='ocrx_word' id='word_1_373' title='bbox 2750 3479 2805 3518; x_wconf 89' lang='lat' dir='ltr'><strong>et</strong></span> 
     </span>
     <span class='ocr_line' id='line_1_62' title="bbox 1792 3539 2802 3615; baseline 0.004 -22"><span class='ocrx_word' id='word_1_374' title='bbox 1792 3542 1887 3612; x_wconf 84' lang='lat' dir='ltr'><strong>qui</strong></span> <span class='ocrx_word' id='word_1_375' title='bbox 1910 3543 2161 3610; x_wconf 55' lang='lat' dir='ltr'><strong>meneket,</strong></span> <span class='ocrx_word' id='word_1_376' title='bbox 2186 3540 2402 3614; x_wconf 76' lang='lat' dir='ltr'><strong>qnando</strong></span> <span class='ocrx_word' id='word_1_377' title='bbox 2424 3542 2574 3615; x_wconf 77' lang='lat' dir='ltr'><strong>loqui</strong></span> <span class='ocrx_word' id='word_1_378' title='bbox 2590 3539 2802 3597; x_wconf 71' lang='lat' dir='ltr'><strong>detine-</strong></span> 
     </span>
     <span class='ocr_line' id='line_1_63' title="bbox 1794 3633 1896 3671; baseline 0 0"><span class='ocrx_word' id='word_1_379' title='bbox 1794 3633 1896 3671; x_wconf 72' lang='lat' dir='ltr'><strong>ret·</strong></span> 
     </span>
    </p>

    <p class='ocr_par' dir='ltr' id='par_1_10' title="bbox 1790 3699 2804 4168">
     <span class='ocr_line' id='line_1_64' title="bbox 1864 3699 2801 3764; baseline 0.004 -13"><span class='ocrx_word' id='word_1_380' title='bbox 1864 3699 1915 3751; x_wconf 84' lang='lat'><strong>5.</strong></span> <span class='ocrx_word' id='word_1_381' title='bbox 1954 3701 2270 3764; x_wconf 55' lang='lat' dir='ltr'><strong>neser-ibere,-</strong></span> <span class='ocrx_word' id='word_1_382' title='bbox 2298 3703 2572 3754; x_wconf 82' lang='lat' dir='ltr'><strong>orationes</strong></span> <span class='ocrx_word' id='word_1_383' title='bbox 2596 3699 2681 3754; x_wconf 80' lang='lat' dir='ltr'><strong>vel</strong></span> <span class='ocrx_word' id='word_1_384' title='bbox 2711 3719 2801 3755; x_wconf 79' lang='lat' dir='ltr'><strong>se-</strong></span> 
     </span>
     <span class='ocr_line' id='line_1_65' title="bbox 1792 3778 2804 3852; baseline 0.005 -24"><span class='ocrx_word' id='word_1_385' title='bbox 1792 3779 2027 3829; x_wconf 76' lang='lat' dir='ltr'><strong>natorias</strong></span> <span class='ocrx_word' id='word_1_386' title='bbox 2049 3778 2133 3832; x_wconf 83' lang='lat' dir='ltr'><strong>vel</strong></span> <span class='ocrx_word' id='word_1_387' title='bbox 2156 3779 2420 3847; x_wconf 76' lang='lat' dir='ltr'><strong>forenses,</strong></span> <span class='ocrx_word' id='word_1_388' title='bbox 2444 3797 2564 3852; x_wconf 67' lang='lat' dir='ltr'><strong>qua</strong></span> <span class='ocrx_word' id='word_1_389' title='bbox 2580 3781 2687 3831; x_wconf 79' lang='lat' dir='ltr'><strong>vim</strong></span> <span class='ocrx_word' id='word_1_390' title='bbox 2706 3778 2804 3833; x_wconf 80' lang='lat' dir='ltr'><strong>ha·</strong></span> 
     </span>
     <span class='ocr_line' id='line_1_66' title="bbox 1791 3855 2803 3926; baseline 0.007 -18"><span class='ocrx_word' id='word_1_391' title='bbox 1791 3855 2033 3910; x_wconf 70' lang='lat' dir='ltr'><strong>buissent</strong></span> <span class='ocrx_word' id='word_1_392' title='bbox 2051 3895 2070 3924; x_wconf 87' lang='lat'><strong>,</strong></span> <span class='ocrx_word' id='word_1_393' title='bbox 2112 3858 2355 3912; x_wconf 82' lang='lat' dir='ltr'><strong>refellere</strong></span> <span class='ocrx_word' id='word_1_394' title='bbox 2373 3897 2392 3926; x_wconf 86' lang='lat'><strong>,</strong></span> <span class='ocrx_word' id='word_1_395' title='bbox 2430 3872 2493 3911; x_wconf 85' lang='lat' dir='ltr'><strong>ut</strong></span> <span class='ocrx_word' id='word_1_396' title='bbox 2526 3872 2803 3914; x_wconf 78' lang='lat' dir='ltr'><strong>oratorum</strong></span> 
     </span>
     <span class='ocr_line' id='line_1_67' title="bbox 1791 3935 2803 4011; baseline 0.006 -23"><span class='ocrx_word' id='word_1_397' title='bbox 1791 3935 2000 3990; x_wconf 82' lang='lat' dir='ltr'><strong>laudem</strong></span> <span class='ocrx_word' id='word_1_398' title='bbox 2022 3937 2365 4011; x_wconf 82' lang='lat' dir='ltr'><strong>deprimeret.</strong></span> <span class='ocrx_word' id='word_1_399' title='bbox 2390 3938 2653 3993; x_wconf 81' lang='lat' dir='ltr'><strong>Gallicum</strong></span> <span class='ocrx_word' id='word_1_400' title='bbox 2680 3959 2803 3994; x_wconf 80' lang='lat' dir='ltr'><strong>ver-</strong></span> 
     </span>
     <span class='ocr_line' id='line_1_68' title="bbox 1790 4017 2801 4092; baseline 0.003 -22"><span class='ocrx_word' id='word_1_401' title='bbox 1790 4017 1920 4070; x_wconf 86' lang='lat' dir='ltr'><strong>bum</strong></span> <span class='ocrx_word' id='word_1_402' title='bbox 1940 4019 2189 4092; x_wconf 74' lang='lat' dir='ltr'><strong>re‘pondm</strong></span> <span class='ocrx_word' id='word_1_403' title='bbox 2206 4021 2277 4072; x_wconf 82' lang='lat' dir='ltr'><strong>ita</strong></span> <span class='ocrx_word' id='word_1_404' title='bbox 2298 4037 2399 4091; x_wconf 81' lang='lat' dir='ltr'><strong>pro</strong></span> <span class='ocrx_word' id='word_1_405' title='bbox 2412 4019 2645 4072; x_wconf 81' lang='lat' dir='ltr'><strong>refutare</strong></span> <span class='ocrx_word' id='word_1_406' title='bbox 2660 4039 2801 4092; x_wconf 71' lang='lat' dir='ltr'><strong>saepe</strong></span> 
     </span>
     <span class='ocr_line' id='line_1_69' title="bbox 1790 4099 2057 4168; baseline 0.004 -21"><span class='ocrx_word' id='word_1_407' title='bbox 1790 4099 2057 4168; x_wconf 80' lang='lat' dir='ltr'><strong>ponimus.</strong></span> 
     </span>
    </p>
   </div>
  </div>
 </body>
</html>
