3050 5004
729 448 862 541 ,496
1551 452 2011 521 ERNESTH

1313 728 1957 835 EXCURSUS
2015 738 2239 885 xyl

1123 995 1260 1063 AD
1316 990 2073 1079 DOMITIANUM,
2130 992 2303 1063 CAP.
2358 992 2431 1065 8.

725 1431 1090 1519 ansonm
1113 1464 1409 1519 assertiones
1427 1462 1579 1534 (narn
1604 1465 1677 1517 ita
1696 1462 2010 1537 legendum)
2034 1462 2167 1538 quid
2190 1467 2292 1519 sint
2309 1504 2326 1531 ,
2350 1465 2647 1521 dubitatur.
2676 1470 2823 1542 Cuja-

725 1552 866 1613 cius,
886 1546 953 1599 ad
975 1546 1010 1598 Ι.
1037 1546 1155 1597 xm
1176 1544 1428 1597 Pandect.
1454 1544 1521 1596 de
1542 1546 1787 1597 Excusat.
1814 1565 1869 1618 p.
1900 1564 1968 1597 m.
2004 1544 2139 1612 256,
2162 1548 2235 1598 ait
2268 1564 2415 1609 esse,
2443 1561 2527 1600 ter
2552 1563 2821 1621 quaterve,

723 1630 857 1683 dicis
879 1647 1064 1681 caussa
1082 1666 1099 1693 ,
1118 1628 1367 1699 repetitas
1385 1664 1402 1693 ,
1426 1628 1480 1679 in
1499 1624 1808 1678 liberalibus
1828 1628 2027 1680 caussis
2044 1649 2058 1677 ι
2086 1626 2153 1679 de
2174 1626 2363 1700 quibus
2382 1628 2521 1681 idem
2542 1632 2575 1681 J
2580 1650 2673 1683 ure
2696 1634 2823 1686 con-

721 1710 891 1763 sultus
919 1710 1174 1760 maximus
1193 1707 1405 1777 scripsit
1429 1706 1494 1759 ad
1527 1706 1695 1759 Paulli
1727 1707 1961 1759 Sentent.
1984 1706 2075 1758 lib.
2098 1710 2164 1774 V,
2189 1709 2268 1760 tit.
2302 1726 2346 1759 ι.
2376 1710 2545 1761 Janus
2576 1730 2608 1763 a
2635 1714 2820 1777 Costa,

719 1790 926 1860 Cujacii
941 1786 1232 1859 discipulus
1249 1824 1266 1851 ,
1291 1786 1360 1838 ad
1378 1788 1546 1838 lustit.
1568 1789 1610 1853 1,
1638 1784 1729 1851 13,
1750 1785 1817 1839 de
1838 1785 2137 1838 actionibus
2152 1826 2169 1853 ,
2197 1786 2427 1858 explicat
2447 1787 2514 1840 de
2536 1794 2821 1843 assertione

719 1872 827 1923 ficti
859 1870 1134 1923 assertoris
1151 1905 1168 1931 ,
1204 1885 1370 1937 quum
1397 1867 1649 1919 dominus
1682 1886 1781 1938 per
1812 1866 2165 1919 collusionem
2190 1886 2313 1920 cum
2337 1882 2603 1922 assertore
2630 1874 2824 1942 patitur

718 1951 946 2004 liberum
974 1948 1203 2019 judicari
1242 1966 1480 1999 servum:
1522 1966 1689 2020 eaque
1718 1949 1981 2001 sententia
2016 1946 2264 2017 placebat
2304 1950 2627 2003 But-manno.
2662 1951 2822 2004 Valde

719 2045 902 2083 contra
930 2027 1208 2080 dubitabat
1224 2024 1658 2093 Noordlterkius,
1677 2025 1745 2079 de
1764 2029 1902 2097 Lege
1930 2028 2139 2092 Petron.
2166 2045 2291 2098 pag.
2320 2026 2385 2093 54
2401 2066 2417 2094 ,
2439 2042 2584 2082 recte
2608 2048 2637 2081 a
2670 2030 2823 2083 Costa

718 2110 971 2182 explicari
997 2108 1315 2158 assertiones
1335 2104 1677 2176 perfusorias.
1703 2108 1821 2175 Ipse
1846 2104 1978 2155 nihil
2004 2102 2149 2155 aliud
2174 2121 2291 2156 esse
2315 2118 2499 2176 putat,
2522 2108 2827 2179 perfusoriis

717 2188 1076 2243 assertionibus
1105 2205 1156 2239 se
1178 2184 1603 2251 accommodare,
1630 2202 1789 2255 quam
1806 2222 1823 2250 ,
1856 2198 2245 2237 sacramentum
2269 2186 2323 2236 in
2360 2183 2663 2241 libertatem
2694 2190 2823 2240 reci-

716 2267 943 2342 picride,
967 2284 1028 2318 ac
1045 2263 1302 2316 vindicias
1325 2252 1668 2317 decernendo
1690 2266 2024 2336 permittere,
2045 2280 2105 2316 ut
2125 2268 2441 2317 assertiones
2462 2268 2823 2319 instituantur.

717 2348 821 2401 Sed
847 2348 927 2399 his
951 2344 1124 2399 verbis
1149 2344 1382 2397 arbitror
1405 2344 1661 2416 explicari
1680 2358 1890 2397 tantum
1916 2363 2102 2415 posse,
2128 2344 2255 2415 quid
2279 2348 2373 2411 sit,
2397 2348 2761 2401 assertionibus
2780 2367 2827 2400 se

715 2425 1134 2491 accommodare,
1162 2442 1268 2476 non
1296 2422 1427 2495 quid
1447 2422 1770 2495 perfusoriis.
1796 2425 1962 2490 Tum,
1996 2424 2119 2475 dare
2144 2422 2426 2491 vindicias,
2450 2424 2508 2476 h.
2532 2444 2583 2477 e.
2612 2428 2819 2499 permit-

713 2519 852 2574 tere,
875 2521 932 2558 ut
953 2505 1192 2558 vindiciae
1215 2507 1583 2572 instituantur,
1606 2522 1717 2556 non
1740 2515 1818 2557 est
1836 2502 2111 2574 judicum,
2134 2501 2228 2556 sed
2249 2507 2490 2558 Praetoris
2505 2527 2520 2558 ε
2548 2507 2699 2578 quod
2716 2509 2826 2580 ipse

713 2605 838 2638 mox
868 2583 1226 2650 demonstrat,
1259 2602 1421 2655 quum
1455 2583 1698 2634 Praetoris
1730 2583 1895 2634 fuisse
1924 2582 2076 2650 dicit,
2108 2585 2409 2637 examinare
2438 2603 2689 2638 caussam
2722 2587 2827 2638 liti-

713 2665 901 2739 gandi,
932 2682 1099 2736 eaque
1128 2661 1382 2736 probata,
1409 2661 1700 2734 disponere
1728 2663 2062 2714 assertiones.
2094 2662 2505 2717 Aceommodare
2530 2684 2585 2718 se
2612 2685 2823 2732 caum,

715 2763 880 2818 quum
909 2744 976 2796 de
999 2743 1181 2815 judice
1209 2743 1421 2808 dicitur,
1449 2744 1502 2794 in
1532 2755 1814 2813 utramque
1839 2754 2047 2814 partem
2075 2743 2177 2796 dici
2202 2757 2383 2814 potest
2411 2763 2475 2799 ex
2502 2763 2607 2798 usu
2630 2747 2824 2798 Latina

712 2824 921 2893 lingum.
948 2825 1007 2873 ln
1031 2822 1230 2874 bonam
1254 2835 1456 2893 partem
1489 2840 1650 2893 quum
1681 2821 1893 2888 dicitur,
1918 2835 1991 2874 est
2016 2821 2149 2875 nihil
2174 2822 2349 2892 aliud,
2380 2843 2541 2896 quam
2568 2826 2714 2898 quod
2742 2827 2825 2878 Ci-

665 2891 686 2910 ‘
713 2921 836 2956 cero
857 2903 1014 2969 dicit,
1039 2902 1364 2974 diligentiam
1385 2905 1441 2954 in
1465 2901 1837 2975 cognoscenda
1862 2921 2046 2956 caussa
2074 2903 2345 2956 adhibere.
2367 2905 2471 2958 Sed
2494 2904 2548 2957 h.
2570 2905 2610 2957 l.
2636 2905 2826 2959 dicitnr

712 2986 767 3036 in
791 2982 1106 3035 deteriorem
1132 2997 1363 3054 partem,
1387 2996 1440 3034 et
1463 2998 1571 3050 est,
1598 2983 1769 3034 favere
1794 3001 1991 3036 caussa>
2015 2998 2203 3036 contra
2219 2986 2311 3056 jus
2341 2999 2392 3038 et
2416 2989 2751 3057 aequitatem,
2774 2997 2821 3038 et

713 3065 997 3118 connivere
1019 3062 1088 3114 ad
1115 3063 1358 3116 fraudes:
1386 3064 1533 3136 quod
1562 3063 1872 3135 intelligitur
1898 3083 1960 3117 ex
1990 3083 2081 3132 eo,
2114 3066 2257 3137 quod
2285 3069 2583 3140 imperator
2610 3087 2820 3140 recupe-

713 3159 915 3214 ratores
939 3145 1193 3198 admonet
1223 3163 1432 3212 severe,
1455 3165 1523 3198 ne
1554 3145 1609 3197 id
1635 3148 1859 3199 faciant:
1886 3166 2061 3219 neque
2087 3147 2232 3199 aliud
2256 3167 2371 3202 esse
2398 3164 2593 3221 potest.
2620 3153 2759 3203 Nam
2778 3151 2820 3202 si

712 3227 910 3278 Praetor
939 3225 1029 3276 dat
1057 3239 1490 3297 recuperatores,
1516 3224 1573 3276 hi
1601 3230 1903 3280 necessario
1926 3227 2189 3298 judicant.
2220 3230 2363 3300 Ergo
2388 3248 2499 3281 non
2528 3233 2709 3301 potuit
2734 3247 2819 3282 eos

713 3305 886 3358 Caesar
911 3304 1228 3374 admonere,
1251 3323 1318 3356 ne
1343 3303 1473 3356 tales
1498 3323 1715 3358 caussas
1734 3321 2116 3378 cognoscerent
2136 3329 2146 3357 :
2174 3307 2269 3360 sed
2288 3325 2354 3360 ne
2370 3309 2424 3359 in
2445 3310 2507 3360 iis
2530 3323 2720 3361 contra
2736 3310 2817 3378 jus

711 3383 779 3437 de
803 3385 1060 3438 industria
1084 3387 1514 3458 pronuntiarent.
1544 3385 1899 3456 Perfusos-iam
1921 3405 2046 3438 vero
2071 3387 2361 3453 actionem,
2384 3385 2467 3438 vel
2490 3387 2815 3440 assertionem

711 3479 844 3538 puto
865 3484 977 3518 esse
997 3485 1139 3533 eam,
1162 3484 1275 3533 quae
1297 3467 1352 3518 fit
1376 3485 1474 3538 per
1493 3465 1815 3517 calumniam
1829 3505 1845 3533 ,
1867 3485 1971 3538 qua
1990 3468 2247 3519 innocens
2269 3479 2463 3538 preter
2479 3468 2569 3537 jus
2584 3481 2813 3520 vexatur.

711 3547 796 3599 Sic
824 3549 1101 3598 manifeste
1121 3547 1249 3601 dicit
1267 3549 1454 3600 Cicero
1470 3585 1487 3612 ,
1508 3565 1609 3619 pro
1629 3549 1825 3600 Roscio
1849 3548 2027 3600 Amer.
2058 3565 2108 3600 c.
2140 3565 2233 3617 29,
2254 3547 2569 3621 perfimdere
2585 3548 2813 3621 aliquem

691 3629 926 3702 judicio,
957 3628 1105 3700 quod
1135 3629 1207 3680 ibi
1232 3628 1364 3680 nihil
1393 3629 1539 3682 aliud
1563 3641 1675 3696 est,
1704 3648 1864 3700 quam
1891 3630 2049 3681 alicui
2074 3628 2339 3681 calumnia
2377 3629 2480 3681 litia
2522 3628 2811 3682 molestiam

709 3725 917 3772 creare,
953 3722 1006 3760 et
1035 3710 1090 3759 in
1121 3706 1418 3779 periculum
1451 3709 1641 3782 capitis
1678 3708 1973 3764 adducere:
2002 3727 2178 3781 neque
2208 3707 2319 3760 uuo
2351 3706 2515 3760 modo
2550 3708 2811 3761 audienda

705 3783 958 3840 alterutra
986 3789 1352 3860 interpretatio
1385 3789 1598 3854 Graevii,
1627 3791 1781 3859 cujus
1815 3788 2091 3841 fluctuatio
2121 3788 2401 3840 manifesta
2426 3800 2523 3839 est.
2563 3787 2703 3839 Nam
2728 3787 2811 3839 Gi·

707 3885 830 3919 cero
850 3867 1004 3933 dicit,
1030 3871 1272 3940 iniquum
1297 3887 1440 3937 esse,
1472 3869 1727 3922 Erucium
1750 3889 1805 3922 re
1828 3889 1953 3922 vera
1978 3888 2230 3924 accusare
2254 3887 2375 3933 eos,
2401 3887 2431 3919 a
2462 3867 2657 3939 quibus
2678 3885 2805 3918 mer-

705 3948 887 4001 cedem
913 3953 1206 4020 acceperit,
1233 3962 1286 4004 et
1309 3964 1488 4004 tamen
1504 3949 1711 4022 judicio
1740 3950 2098 4024 perfundere,
2126 3950 2181 4002 b.
2208 3969 2253 4003 e.
2279 3952 2335 4004 in
2358 3947 2623 4020 judicium
2646 3963 2696 4000 et
2722 3965 2805 3999 ca·

704 4029 831 4100 pitis
853 4030 1149 4101 periculum
1177 4033 1290 4084 sine
1313 4050 1498 4084 caussa
1525 4031 1791 4085 adducere
1811 4031 2085 4084 hominem
2100 4070 2119 4098 ,
2145 4049 2305 4102 quem
2328 4033 2671 4082 innocentem
2693 4045 2800 4079 esse

702 4107 878 4162 videat
899 4123 952 4162 et
978 4111 1178 4163 credat.
1209 4114 1344 4164 Hinc
1373 4130 1494 4183 ergo
1525 4111 1741 4164 ductam
1772 4131 1889 4165 esse
1921 4125 2055 4184 puto
2076 4107 2422 4182 perfitsor't'am
2445 4109 2795 4169 assertionum

707 4204 813 4257 qua
839 4188 1087 4242 dominus
1111 4192 1284 4260 justus
1324 4190 1641 4260 adducitur,
1678 4209 1777 4263 per
1804 4193 2126 4246 calumniam
2153 4191 2292 4258 litis,
2324 4203 2385 4242 ut
2412 4187 2600 4241 Cicero
2624 4197 2792 4248 vocat,
