3050 5004
1234 468 1516 535 NERO.

2300 470 2424 562 ¹57

317 612 584 666 tantum
607 593 794 692 quod
819 596 1163 665 exoriente
1186 592 1397 680 sole³,
1424 618 1621 689 paene
1647 608 1727 664 ut
1746 594 1950 665 radiis
1970 600 2161 691 prius
2174 649 2193 681 ,
2224 622 2433 695 quam

317 726 500 777 terra
522 762 542 791 ,
585 710 1113 801 contingeretur.
1159 712 1258 777 De
1299 709 1610 799 genitura
1650 704 1799 799 ejus
1839 710 2065 777 statim
2106 708 2325 777 multa
2364 726 2433 779 et

315 819 758 889 formidolosa
803 818 1033 888 multis
1077 816 1645 913 conjectantibus,
1687 822 2015 914 praesagio
2058 820 2189 889 fuit
2224 824 2433 893 etiam
2500 827 2515 902 ⁶.
2750 912 2757 919 Ο
2820 904 2835 914 .
2890 899 2941 927 .-
2990 898 2995 906 ⁴

315 934 588 1001 D⁰miffi
609 934 822 1025 Patris
851 930 1052 1016 ''⁰1⁴‘’
1077 934 1254 1000 intel·
1273 930 1757 1026 gratulationes
1779 934 2155 1002 amicorum
2176 958 2430 1027 negan-
2480 926 2554 966 ³²²
2609 940 2621 949 '
2687 924 2708 947 ⁶
2732 917 2825 945 “'
2870 925 2877 935 ‘
2938 963 2945 973 .
2992 920 2999 929 ’

314 1044 402 1111 tis
418 1096 436 1128 ,
462 1045 832 1138 quiequam
859 1066 942 1109 ex
959 1060 1132 1111 seet
1151 1044 1522 1137 Agrippina
1538 1094 1555 1127 ‚
1584 1044 1713 1111 nisi
1737 1040 2133 1113 detestabile
2146 1060 2225 1111 et
2246 1042 2430 1114 malo

316 1153 591 1248 publico
605 1207 626 1241 ,
665 1158 858 1223 nasei
895 1157 1219 1249 potuisse.
1262 1152 1588 1248 Ejusdem
1622 1155 1868 1223 futurae
1900 1153 2307 1227 infelicitatis
2342 1158 2431 1225 si-

315 1264 566 1357 gnum-'⁹
600 1264 878 1335 evidens
911 1264 1020 1334 die
1050 1262 1368 1335 lustrico⁶
1401 1266 1689 1333 exstitit:
1730 1288 1892 1333 nam
1928 1270 2001 1332 C.
2040 1271 2289 1349 Caesar,
2318 1290 2429 1334 ro-

317 1391 519 1469 gante
555 1399 824 1460 sorore,
862 1392 943 1444 ut
973 1376 1253 1459 infami,
1286 1374 1473 1472 quod
1507 1374 1747 1458 vellet,
1786 1400 2037 1445 nomen
2076 1374 2297 1461 daret,
2326 1379 2431 1445 in-

319 1504 516 1555 tuens
535 1486 896 1555 Claudium
917 1504 1242 1579 patruum
1259 1510 1462 1555 suum
1477 1540 1496 1570 ‚
1519 1512 1563 1555 a
1581 1510 1719 1580 quo
1736 1509 1898 1554 mox
1921 1487 2229 1579 Principe
2251 1490 2430 1555 Nero

315 1596 682 1691 adoptatus
709 1614 848 1683 est,
889 1596 1036 1695 ejus
1077 1623 1151 1669 se
1178 1598 1347 1694 <linit
1370 1596 1567 1667 dare:
1600 1620 1823 1693 neque
1850 1598 2029 1693 ipse⁷
2066 1599 2279 1681 serio,
2310 1597 2429 1667 sed

315 1796 540 1849 Jannar.
571 1797 804 1868 Capitol.
835 1816 958 1871 cap.
989 1816 1052 1867 2,
1079 1799 1169 1871 qui
1190 1818 1333 1852 eum·

317 1872 440 1927 dem
470 1874 610 1927 diem
637 1874 780 1928 Vero
803 1875 1034 1929 natalem
1060 1876 1258 1949 prodit.

388 1955 443 2008 3.
483 1953 716 2007 Tantum
739 1954 882 2028 quod
899 1956 1166 2009 exoriente
1185 1954 1326 2023 sole,

317 2044 420 2084 etc.
444 2032 625 2103 quod
608 2047 750 2086 mter
765 2036 1019 2107 praesagia
1037 2034 1204 2086 futuri
1223 2036 1270 2087 N
1276 2054 1327 2088 e

319 2112 463 2165 ronis
489 2114 697 2185 imperii
721 2128 1101 2166 commemorat
1125 2114 1329 2187 Xiphil.

317 2190 464 2257 LXI,
501 2208 552 2243 2.
577 2220 652 2232 —
672 2194 834 2245 Pcene
859 2204 922 2245 ut
947 2194 1184 2247 redita...
1201 2212 1330 2247 con-

319 2270 704 2343 tingeretur-312.
725 2292 775 2325 e.
795 2284 856 2325 ut
877 2276 1022 2327 Nero
1041 2276 1191 2345 prius
1216 2276 1328 2327 fere

319 2347 480 2401 radiis
515 2350 914 2424 contingeretur
927 2389 946 2418 ,
987 2370 1148 2423 quam
1184 2365 1329 2406 terra

318 2426 399 2480 his
413 2428 577 2482 radiis
597 2444 848 2484 contacta
866 2445 945 2484 est
957 2470 974 2499 ‚
993 2449 1156 2502 quam
1171 2434 1328 2485 inter-

317 2513 666 2582 pretationem
674 2511 981 2565 facillimam
993 2531 1206 2584 proraus
1214 2531 1328 2566 non

317 2590 601 2658 afferrem,
623 2593 726 2644 nisi
745 2593 934 2664 inepta
947 2606 1087 2645 esset
1113 2591 1217 2645 alia
1241 2594 1326 2648 Pi-

317 2672 440 2726 u’sci
459 2683 769 2741 nascentur,
791 2693 951 2746 quam
971 2676 1172 2746 praeivit
1192 2676 1326 2727 Tor*-

321 2763 453 2803 rent.
483 2751 553 2803 ad
578 2751 716 2824 Aug.
748 2751 780 2806 5
796 2790 813 2819 ,
847 2752 937 2805 ubi
962 2766 1192 2806 veterem
1213 2771 1328 2806 mo-

319 2847 428 2882 rem
442 2867 461 2897 ‚
481 2832 740 2885 infantem
761 2849 948 2886 recem
969 2843 1156 2886 natum
1180 2831 1328 2886 nuda

319 2911 373 2962 in
395 2923 538 2964 terra
559 2911 780 2966 sistendi
794 2950 810 2980 ,
835 2915 1029 2984 respici
1045 2913 1326 2966 existimat.

317 2991 613 3044 Jnnxerunt
647 2994 809 3064 igitur
841 2993 1000 3046 verba
1042 3015 1066 3041 α
1084 3006 1146 3045 ut
1181 2993 1326 3045 Nero

319 3069 478 3123 radiis
499 3072 648 3144 prius
663 3109 681 3138 ‚
711 3089 872 3142 quam
892 3084 1036 3124 terra
1056 3089 1089 3124 a
1105 3070 1324 3123 Nerone

319 3152 736 3223 contingeretur,
755 3175 780 3200 ι
819 3149 904 3204 vel
929 3163 1066 3204 term
1096 3163 1324 3224 putave-

319 3243 440 3284 runt
461 3249 578 3286 esse
599 3231 906 3286 ablativum.
929 3235 1226 3305 Utramque
1249 3251 1330 3285 ra·

317 3313 516 3364 tionem
538 3309 872 3366 durissimam
896 3329 1012 3364 esse
1025 3349 1044 3380 ,
1074 3311 1194 3384 quis
1213 3329 1326 3364 non

315 3393 492 3444 statim
510 3389 652 3444 videt
664 3391 690 3444 i’

385 3469 440 3538 4.
475 3471 705 3523 Domitii
733 3470 900 3542 patris
933 3489 1066 3536 vox,
1108 3484 1211 3523 ete.
1239 3470 1322 3524 cf.

315 3548 572 3622 xiphilin.
601 3569 724 3623 cap.
751 3551 840 3603 cit.

385 3628 438 3682 5.
475 3629 720 3705 Ejtudem
749 3629 956 3701 ficmroe
994 3629 1324 3701 infelicitatis

311 3709 518 3802 siqnum
530 3747 552 3776 ,
586 3721 686 3761 etc.
723 3707 1054 3760 Serv-avimus
1090 3705 1323 3778 infelici-

317 3788 461 3856 mis,
485 3786 633 3860 quod
655 3787 914 3842 librorum
941 3805 1210 3840 consensu
1235 3787 1320 3838 ni-

315 3868 456 3920 titur.
487 3870 639 3922 Unua
663 3866 794 3922 alter
807 3865 1116 3940 felicitatis,
1147 3885 1210 3920 ex
1237 3881 1320 3920 te-

315 3945 1322 4012 merarialibrariieorrectione‚utmihi

316 4025 540 4096 videtur,
561 4047 720 4100 quam
741 4047 771 4080 a
784 4030 966 4102 Lipsio
983 4029 1320 4100 propinatam

315 4107 516 4178 recepit
543 4107 706 4158 etiam
731 4105 1018 4160 Ernestiuz.
1044 4103 1202 4175 Vulg.
1231 4103 1322 4158 de-

314 4183 540 4240 fenduut
553 4187 714 4239 etiam
726 4185 974 4241 Oudend.
1001 4199 1054 4239 et
1069 4184 1232 4238 wolfi
1239 4203 1319 4252 us,

1418 1798 1827 1869 interpretantes
1876 1818 1899 1843 ι
1922 1794 2187 1866 publice,
2236 1792 2432 1864 populi

1419 1876 1677 1941 Romani,
1708 1872 1852 1927 orbis
1877 1886 2133 1927 terrarum
2149 1909 2166 1938 ‚
2186 1894 2209 1918 ιο
2236 1870 2431 1941 quibua

1418 1954 1754 2019 accedimus,
1778 1955 1853 2007 ita
1876 1966 2055 2007 tamen
2070 1990 2087 2019 ‚
2112 1962 2173 2003 ut
2196 1969 2320 2004 cum
2336 1952 2433 2005 Er-

1417 2039 1588 2089 nestio
1616 2036 1861 2109 Ejusdem
1881 2033 2142 2087 referatur
2163 2030 2231 2084 ad
2254 2032 2430 2085 Nero-

1419 2134 1563 2184 nem,
1584 2114 1729 2188 quod
1745 2115 2024 2167 manifeste
2043 2113 2304 2185 superiori
2322 2114 2432 2185 ejus

1416 2192 1709 2265 respondet
1724 2231 1741 2260 ‚
1784 2212 1893 2246 non
1936 2212 2060 2245 cum
2102 2190 2433 2263 infelicitatis

1418 2278 1825 2346 conjungamus.
1853 2274 2119 2327 Nimirum
2144 2271 2195 2323 in
2190 2270 2429 2343 felicita-

1419 2364 1522 2406 tem
1557 2352 1664 2405 dici
1690 2367 1823 2423 puto
1848 2371 2010 2407 sensu
2042 2351 2345 2419 transitivo,
2370 2363 2430 2403 ut

1417 2432 1592 2485 Cicer.
1619 2430 1848 2504 Philipp.
1876 2433 1955 2497 11,
1990 2430 2088 2497 26,
2119 2450 2141 2475 ιι
2162 2448 2280 2481 mea
2308 2448 2431 2481 seu-

1415 2513 1615 2577 tentia‚
1644 2511 1688 2563 si
1706 2512 1823 2583 quis
1842 2507 2084 2582 Reipubl.
2114 2508 2179 2561 sit
2203 2507 2426 2578 infelix,

1404 2589 1551 2663 felix
1589 2609 1691 2645 esse
1726 2610 1833 2642 non
1870 2602 2055 2662 potest.
2080 2612 2103 2636 n
2144 2590 2221 2639 Ita
2260 2598 2427 2657 terra,
2515 2645 2521 2652 ,

1416 2672 1572 2724 arbor
1588 2683 1668 2723 est
1689 2668 1907 2743 infelix,
1933 2688 2049 2740 quae
2068 2667 2427 2721 infelicitatem

1415 2749 1500 2802 vel
1540 2751 1697 2804 affert
1712 2788 1729 2818 ,
1764 2747 1848 2801 vel
1888 2745 2178 2822 portendit.
2208 2748 2427 2819 Signum

1415 2843 1595 2884 autem
1614 2843 1727 2884 erat
1744 2831 1800 2884 in
1820 2829 1947 2884 dato
1964 2829 2184 2882 nomine
2199 2827 2427 2898 Claudii,

1415 2931 1542 2964 mox
1563 2912 1933 2984 Imperatoris,
1958 2930 2021 2964 ac
2040 2910 2162 2964 talis
2183 2910 2426 2985 quidem,

1417 2991 1512 3064 qui
1529 2991 1753 3064 imperio
1772 2990 2177 3064 Rempublicam
2202 2992 2426 3045 maxime

1417 3069 1692 3142 affligeret.

1484 3152 1541 3205 6.
1582 3151 1683 3204 Die
1714 3150 1943 3204 lustrico.
1966 3149 2213 3204 Maerob.
2238 3151 2293 3216 l,
2329 3148 2423 3202 16:

1421 3250 1445 3278 e
1463 3231 1556 3282 Est
1588 3231 1745 3282 etiam
1776 3230 2033 3282 Nundina
2060 3233 2427 3282 Romanorum

1414 3309 1563 3378 Dea,
1590 3327 1621 3361 a
1650 3327 1798 3362 nono
1823 3309 1909 3362 die
1932 3312 2263 3362 nascentium
2285 3326 2426 3361 nun-

1418 3405 1615 3464 cupata
1630 3430 1649 3459 ‚
1690 3394 1780 3463 qui
1818 3391 2058 3446 lustr-icus
2094 3391 2301 3444 dicitur.
2331 3393 2426 3444 Est

1416 3485 1597 3526 autem
1620 3470 1733 3524 dies
1759 3469 2038 3536 lusti-icus,
2066 3489 2173 3544 qno
2192 3471 2423 3525 infantes

1410 3553 1703 3606 lustrantur
1718 3565 1773 3604 et
1790 3571 1987 3606 nomen
2006 3553 2305 3623 accipiunt:
2328 3553 2423 3606 aed

1411 3636 1458 3687 is
1479 3631 1713 3684 maribus
1740 3649 1919 3684 nonus
1936 3669 1957 3698 ,
1984 3645 2202 3684 octavus
2230 3644 2308 3686 est
2344 3631 2424 3686 fe·-

1411 3712 1585 3766 minis.
1603 3733 1625 3758 ιι
1646 3709 1780 3764 Vide
1794 3712 2045 3764 Pitiscum
2065 3709 2133 3762 ad
2153 3709 2256 3765 loc.
2277 3723 2419 3765 nost.

1411 3803 1468 3844 et
1491 3789 1562 3844 ab
1590 3809 1654 3843 eo
1679 3791 1957 3844 excitatos.

1483 3886 1535 3939 7.
1560 3869 1695 3941 Ipse.
1725 3870 1945 3922 Ponitur
1960 3881 2181 3942 propter
2202 3870 2419 3941 opposi-

1408 3949 1612 4002 tionem
1632 3947 1952 4020 Agrippinae.
1986 3949 2063 4000 lta
2085 3960 2140 3999 et
2162 3965 2293 4015 nos,
2323 3969 2347 3994 α
2366 3962 2421 4001 et

1416 4048 1439 4073 ιι
1460 4045 1522 4078 ce
1546 4044 1673 4079 nom
1704 4023 1837 4078 dont
1858 4025 2147 4096 Agrippine
2176 4025 2329 4078 fesait
2352 4025 2419 4093 fl,

1417 4127 1438 4152 α
1459 4105 1498 4158 il
1525 4123 1595 4158 ne
1630 4103 1679 4156 le
1712 4103 1934 4156 donnait
1968 4102 2047 4155 lui
2084 4101 2237 4175 qu'en
2277 4100 2418 4176 plai-

1417 4209 1439 4232 a
1459 4197 1673 4238 santant
1688 4221 1705 4251 ,
1734 4196 1835 4238 etc.
1858 4206 1890 4262 ¹·-
