3050 5004
1038 736 1769 865 HORATII
1869 739 2464 868 POETAE

1567 1055 1933 1151 VITA.

708 1699 1442 1820 Honmus'chcus,
1476 1739 1894 1822 VenusinuS,
1926 1753 2148 1830 patre,
2179 1755 2256 1806 ut
2279 1741 2426 1832 ipse
2451 1738 2684 1822 tradit,
2719 1740 2794 1809 li-

704 1849 971 1918 bertino
990 1901 1007 1930 ,
1045 1865 1114 1914 et
1148 1849 1572 1914 exactionum
1609 1863 1952 1932 coactore3
1995 1863 2072 1914 ut
2105 1871 2266 1916 vero
2301 1847 2631 1917 creditum
2663 1867 2792 1932 est,

706 1959 1211 2026 salsamentario
1244 1981 1499 2050 ;quum
1527 1957 1623 2024 illi
1665 1955 1940 2054 quidam
1969 1959 2036 2025 in
2083 1957 2516 2028 altercatione
2561 1987 2792 2054 expro-

708 2068 991 2151 brasset,
1022 2099 1048 2128 a
1069 2069 1393 2153 Quotiens
1420 2093 1544 2162 ego
1562 2067 1698 2136 vidi
1722 2085 1982 2161 patrem
2003 2082 2200 2135 tuum
2223 2069 2450 2139 cubito
2469 2095 2542 2140 se
2564 2096 2794 2140 emun-

710 2185 1007 2272 gentem!
1032 2209 1059 2240 ι»
1096 2177 1278 2245 Bello
1294 2176 1742 2271 Philippensi,
1763 2181 2018 2246 excitus
2049 2203 2089 2245 a
2114 2183 2344 2248 Marco
2363 2186 2570 2248 Bruto
2593 2185 2796 2274 impe-

710 2306 931 2358 ratore
950 2344 969 2374 ‚
998 2287 1339 2359 Tribunus
1362 2289 1652 2357 militum
1675 2292 1957 2359 meruit:
1981 2293 2308 2387 victisque
2325 2293 2634 2385 partibus
2651 2347 2670 2375 ,
2693 2319 2794 2361 ve-

710 2404 824 2468 nia
882 2403 1235 2492 impetrata
1260 2453 1279 2482 ,
1338 2403 1664 2494 scriptum
1718 2403 2158 2492 quaestorium
2215 2407 2646 2495 comparavit.
2709 2411 2794 2470 Ac

710 2514 930 2605 primo
966 2514 1313 2581 Maecenati
1334 2564 1351 2593 ‚
1392 2510 1638 2578 deinde
1675 2516 1980 2603 Augusto
2015 2513 2390 2580 insinuatus
2410 2532 2457 2597 ¹,
2495 2538 2629 2581 non
2667 2538 2796 2581 me·

712 2623 1009 2692 diocrem
1052 2626 1121 2691 in
1170 2622 1527 2689 amborum
1569 2624 1856 2690 amicitia
1905 2622 2129 2690 locum
2179 2626 2415 2691 tenuit.
2469 2630 2790 2692 Maecenas

714 2749 1127 2828 quantopere
1150 2757 1308 2801 eum
1333 2731 1700 2815 dilexerim,
1725 2735 1885 2801 satis
1907 2748 2322 2801 monstratur
2343 2733 2462 2802 ino
2481 2738 2792 2827 epigram·

712 2860 891 2909 mate
907 2895 925 2926 ,
958 2845 1071 2911 ubi
1096 2844 1315 2936 inquit
1332 2894 1351 2924 ,

1035 3020 1111 3077 Ni
1141 3030 1201 3078 te
1229 3020 1559 3080 visceribus
1588 3021 1769 3098 meiS,
1797 3022 2041 3097 Horati,

1034 3115 1181 3176 Plus
1206 3115 1336 3198 jam
1367 3116 1590 3198 diligo,
1619 3130 1690 3178 tu
1722 3131 1900 3178 tuum
1929 3117 2205 3179 sodalem

1036 3208 1360 3273 Hinnu103
1386 3214 1592 3274 videas
1619 3216 2038 3297 strigosiorem
2063 3239 2078 3274 ε

714 3386 834 3455 sed
878 3386 1094 3455 multo
1138 3391 1349 3480 magis
1396 3393 1708 3460 extremis
1727 3390 1779 3475 ⁴,
1829 3390 1948 3460 tali
2001 3390 2086 3459 ad
2133 3400 2508 3485 Augustum
2553 3392 2780 3484 elogio:

791 3680 833 3714 1.
864 3662 1177 3716 Insinuatus.
1204 3666 1491 3719 Omisimus
1516 3668 1572 3717 in
1591 3686 1714 3741 qra-
1803 3668 1975 3722 Mimo
2005 3680 2060 3721 tu
2091 3668 2207 3721 vide
2237 3669 2612 3739 strigosioretn.
2634 3693 2655 3715 ι
2681 3666 2778 3719 Nixi

716 3740 841 3790 tiam
874 3759 991 3791 cum
1014 3742 1261 3794 Oudend.
1291 3757 1343 3796 et
1372 3748 1580 3817 Bipont.
1803 3767 1996 3801 nomen
2013 3748 2240 3801 hominis
2255 3748 2448 3801 latetin
2467 3742 2776 3801 Hinnulovel

790 3843 837 3877 2.
876 3827 1144 3882 Dilexerit.
1174 3832 1251 3880 Ita
1285 3832 1586 3900 scripsimus
1616 3847 1713 3903 pro
1802 3827 2005 3892 Mimo,
2045 3826 2252 3893 malim,
2285 3849 2308 3873 ι
2327 3826 2482 3882 Malo
2511 3846 2593 3878 me
2621 3824 2776 3877 videas

713 3904 924 3970 dilexit,
949 3906 1171 3977 jubente
1200 3907 1387 3978 linguae
1418 3908 1552 3978 lege.
1803 3906 2176 3975 strigonien-em.
2199 3930 2221 3953 ι
2677 3896 2698 3917 “

785 3996 836 4049 3.
880 3995 959 4046 Tu
1000 4007 1145 4047 tuum
1176 3995 1405 4049 sodalem
1436 3996 1712 4063 Hinmdo,
1874 3996 1924 4063 4.
1963 3998 2232 4051 Exta-mis.
2269 3999 2434 4065 Sunt,
2471 4003 2562 4072 qui
2595 3995 2772 4050 addant

716 4088 815 4125 etc.
848 4074 931 4126 sic
955 4074 1217 4129 edidimus
1246 4094 1365 4127 cum
1383 4074 1634 4127 Oudend.
1663 4090 1716 4128 et
1787 4077 2020 4149 judiciis.
2053 4078 2312 4129 Extremi-5
2345 4079 2461 4131 vitoe
2493 4075 2772 4147 temporibus

715 4151 931 4204 Wolfio.
963 4154 1155 4225 Vulgo,
1198 4180 1219 4201 ι
1248 4155 1443 4207 Titium
1476 4154 1713 4208 sodalem
1803 4155 2078 4227 explicavit
2102 4158 2383 4209 Burmann.
2445 4196 2455 4201 -
