3050 5004
678 509 807 590 47²
912 487 920 494 ’
1428 503 1500 565 c.
1554 501 2022 567 suffronn

1252 757 1427 822 Idem
1455 756 1544 824 ad
1566 745 1811 824 AEneid.
1851 759 2016 841 XII,
2053 758 2206 826 185.

768 967 990 1031 Homo
1022 959 1269 1026 rebellis
1290 959 1573 1029 dicitur:
1607 985 1716 1029 res
1749 962 1897 1055 ipsa
1932 961 2221 1040 rebellio,
2251 987 2396 1031 non
2421 967 2786 1035 rebellatio.-

648 1073 775 1141 'sic
801 1075 1180 1140 Suetonius.
1211 1073 1405 1158 (Via.
1434 1073 1642 1164 Caliq.
1669 1097 1804 1166 cap.
1837 1073 1873 1140 5
1892 1077 1970 1160 1).

1059 1312 1371 1392 Isidorus,
1403 1313 1743 1402 Oriqt'num
1774 1311 1884 1378 lib.
1919 1313 2125 1393 VIII,
2155 1337 2290 1408 cap.
2311 1341 2389 1422 .7.

766 1522 991 1588 Poetae
1022 1514 1205 1585 unde
1234 1518 1369 1582 sint
1403 1514 1566 1583 dicti
1583 1565 1599 1595 ,
1629 1517 1724 1582 sic
1753 1517 1847 1581 ait
1871 1511 2353 1609 Tranquillus:
2387 1519 2618 1603 Quum
2643 1519 2786 1608 pri-

676 1652 869 1696 mum
911 1628 1219 1696 homines
1258 1643 1463 1693 exuta
1502 1624 1767 1692 feritate
1807 1628 2136 1693 rationem
2173 1628 2328 1692 vitae
2363 1625 2614 1694 habere
2649 1651 2786 1694 coe-

676 1742 971 1833 pissent,
1012 1761 1219 1832 seque
1257 1759 1336 1802 ac
1371 1741 1546 1802 Deos
1579 1757 1738 1801 suos
1767 1759 2002 1816 nosse,
2032 1731 2292 1802 cultum
2332 1735 2674 1804 modicum
2701 1762 2784 1804 ac

678 1874 1063 1920 sermonem
1088 1850 1546 1916 necessarium
1571 1851 1932 1914 commenti
1959 1848 2122 1932 sibi,
2145 1850 2503 1942 utriusque
2526 1851 2784 1942 magni-

678 1961 1015 2029 ficentiam
1047 1958 1132 2026 ad
1164 1957 1563 2050 religionem
1585 1963 1879 2026 Deorum
1906 1983 2187 2026 suorum
2213 1961 2782 2051 excogitaverunt.

677 2075 892 2166 Igitur
924 2088 1002 2138 ut
1037 2068 1291 2165 templa
1327 2069 1457 2137 illis
1500 2069 1813 2139 domibus
1850 2069 2272 2163 pulchriora,
2314 2088 2382 2138 et
2420 2070 2783 2139 simulacra

680 2181 1077 2276 corporibus
1114 2181 1442 2275 ampliora
1480 2181 1853 2266 faciebant,
1897 2187 1990 2249 ita
2031 2180 2300 2277 eloquio
2337 2185 2534 2276 quasi
2571 2206 2781 2273 augu-

563 2324 569 2332 ·
677 2301 884 2366 stiore
899 2295 1330 2366 honorandos
1346 2311 1760 2388 putaverunt
1773 2349 1789 2379 ,
1815 2294 2189 2388 laudesque
2212 2300 2450 2362 eorum
2473 2311 2542 2361 et
2558 2295 2778 2362 verbis

678 2407 1157 2476 illustrioribus
1208 2421 1277 2474 et
1318 2403 1836 2498 jucundioribus
1887 2406 2188 2472 numeris
2243 2405 2648 2474 extulerunt.
2699 2404 2778 2472 Id

678 2544 893 2612 genus
929 2522 1088 2614 quia
1125 2520 1340 2587 forma
1374 2516 1669 2612 quadam
1708 2518 2030 2598 efficitur,
2068 2539 2224 2611 quae
2257 2523 2468 2583 ποιότης
2503 2515 2776 2596 dicitur,

676 2655 920 2725 poema
948 2634 1316 2699 vocitatum
1346 2644 1480 2709 est,
1505 2626 1788 2722 ejusque
1816 2628 2080 2697 fictores
2107 2644 2346 2721 poetae.

1236 2872 1604 2952 Diomedes,
1637 2870 1747 2936 lib.
1777 2874 1842 2953 I,
1863 2896 2012 2964 paq.
2045 2871 2203 2937 362.

773 3070 1083 3137 Iuckoavi
1114 3072 1199 3139 ab
1238 3072 1506 3141 inchoo.
1545 3076 1651 3141 Sic
1677 3072 2043 3141 dicendum
2074 3088 2269 3166 putat
2297 3068 2520 3139 Julius
2542 3072 2774 3141 Mode-

680 3199 825 3249 stus
847 3236 863 3266 ‚
905 3184 1063 3277 quia
1097 3185 1183 3249 sit
1206 3188 1660 3278 compositum
1695 3211 1735 3253 a
1775 3185 1968 3269 chao,
2001 3187 2192 3253 initio
2219 3206 2472 3251 rerum.
2504 3190 2591 3251 At
2617 3188 2777 3251 Ver-

677 3296 819 3362 rius
844 3311 912 3362 et
938 3293 1219 3363 Flaccus
1252 3298 1323 3363 in
1354 3313 1702 3388 postrema·
1730 3296 1988 3392 syllaba
2019 3294 2507 3390 adspirandum
2531 3294 2774 3389 proba-

675 3424 943 3475 verunt.
992 3407 1235 3475 Cottam
1276 3411 1457 3476 enim
1504 3408 1690 3502 apud
1735 3426 1991 3478 veteres
2038 3407 2372 3477 mundum
2419 3408 2766 3501 significat.

676 3516 845 3586 Inde
891 3534 1181 3587 tractum
1229 3520 1544 3587 incohare.
1591 3521 2032 3615 Tranquillus
2078 3544 2350 3615 quoque
2394 3518 2500 3587 his
2549 3541 2770 3587 assen-

674 3632 849 3697 tiens
866 3683 884 3713 ,
916 3630 1140 3699 libello
1165 3656 1288 3700 suo
1311 3632 1703 3724 plenissime
1729 3634 1916 3699 aedem
1941 3632 2300 3699 incohatam
2321 3634 2415 3698 ita
2435 3629 2760 3699 disseruit.

970 3871 1431 3937 Commentator
1449 3883 1626 3937 vetus
1651 3873 1720 3935 in
1744 3872 1970 3938 Horat.
1997 3870 2132 3937 Sat.
2164 3870 2235 3953 I,
2267 3896 2331 3959 7,
2359 3892 2472 3936 20.

765 4072 1004 4139 Bitkus
1025 4088 1089 4141 et
1108 4076 1395 4146 Bacchus
1410 4130 1427 4161 ‚
1455 4076 1904 4169 gladiatorum
1927 4078 2203 4145 nomina
2229 4072 2560 4141 celebrata
2583 4062 2752 4161 apud

676 4182 1091 4251 Suetonium.
