<?xml version="1.0" encoding="UTF-8"?>
<!DOCTYPE html PUBLIC "-//W3C//DTD XHTML 1.0 Transitional//EN"
    "http://www.w3.org/TR/xhtml1/DTD/xhtml1-transitional.dtd">
<html xmlns="http://www.w3.org/1999/xhtml" xml:lang="en" lang="en">
 <head>
  <title>
</title>
<meta http-equiv="Content-Type" content="text/html;charset=utf-8" />
  <meta name='ocr-system' content='tesseract 3.04.00' />
  <meta name='ocr-capabilities' content='ocr_page ocr_carea ocr_par ocr_line ocrx_word'/>
</head>
<body>
  <div class='ocr_page' id='page_1' title='image "./csuetoniitranqu09suetgoog_0347.png"; bbox 0 0 3050 5004; ppageno 0'>
   <div class='ocr_carea' id='block_1_1' title="bbox 556 522 2766 2744">
    <p class='ocr_par' dir='ltr' id='par_1_1' title="bbox 667 522 2007 605">
     <span class='ocr_line' id='line_1_1' title="bbox 667 522 2007 605; baseline 0.004 -17"><span class='ocrx_word' id='word_1_1' title='bbox 667 522 801 605; x_wconf 72' lang='lat'><strong>314</strong></span> <span class='ocrx_word' id='word_1_2' title='bbox 1422 530 1493 593; x_wconf 90' lang='lat' dir='ltr'><strong>C.</strong></span> <span class='ocrx_word' id='word_1_3' title='bbox 1543 527 2007 595; x_wconf 79' lang='lat' dir='ltr'><strong>SUETONII</strong></span> 
     </span>
    </p>

    <p class='ocr_par' dir='ltr' id='par_1_2' title="bbox 646 650 2763 1855">
     <span class='ocr_line' id='line_1_2' title="bbox 656 650 2758 749; baseline 0 -32"><span class='ocrx_word' id='word_1_4' title='bbox 656 674 791 744; x_wconf 88' lang='lat' dir='ltr'><strong>que</strong></span> <span class='ocrx_word' id='word_1_5' title='bbox 822 656 1253 745; x_wconf 80' lang='lat' dir='ltr'><strong>exsuperavit</strong></span> <span class='ocrx_word' id='word_1_6' title='bbox 1282 656 1429 747; x_wconf 88' lang='lat' dir='ltr'><strong>ipse</strong></span> <span class='ocrx_word' id='word_1_7' title='bbox 1462 652 1884 724; x_wconf 75' lang='lat' dir='ltr'><strong>dedioetione</strong></span> <span class='ocrx_word' id='word_1_8' title='bbox 1915 654 2243 749; x_wconf 64' lang='lat' dir='ltr'><strong>patina-4,</strong></span> <span class='ocrx_word' id='word_1_9' title='bbox 2279 676 2486 749; x_wconf 86' lang='lat' dir='ltr'><strong>quam</strong></span> <span class='ocrx_word' id='word_1_10' title='bbox 2519 650 2610 719; x_wconf 90' lang='lat' dir='ltr'><strong>ob</strong></span> <span class='ocrx_word' id='word_1_11' title='bbox 2637 652 2758 718; x_wconf 88' lang='lat' dir='ltr'><strong>im-</strong></span> 
     </span>
     <span class='ocr_line' id='line_1_3' title="bbox 652 760 2758 861; baseline 0.004 -35"><span class='ocrx_word' id='word_1_12' title='bbox 652 784 959 829; x_wconf 84' lang='lat' dir='ltr'><strong>mensam</strong></span> <span class='ocrx_word' id='word_1_13' title='bbox 998 762 1536 855; x_wconf 78' lang='lat' dir='ltr'><strong>magnitudinem</strong></span> <span class='ocrx_word' id='word_1_14' title='bbox 1577 767 1864 861; x_wconf 79' lang='lat' dir='ltr'><strong>clypeum</strong></span> <span class='ocrx_word' id='word_1_15' title='bbox 1899 768 2201 832; x_wconf 73' lang='lat' dir='ltr'><strong>Minmoe</strong></span> <span class='ocrx_word' id='word_1_16' title='bbox 2239 780 2534 857; x_wconf 76' lang='grc' dir='ltr'><strong>Πολιούχου</strong></span> <span class='ocrx_word' id='word_1_17' title='bbox 2569 760 2758 828; x_wconf 80' lang='lat' dir='ltr'><strong>dicti·</strong></span> 
     </span>
     <span class='ocr_line' id='line_1_4' title="bbox 654 869 2754 970; baseline 0.002 -33"><span class='ocrx_word' id='word_1_18' title='bbox 654 869 858 941; x_wconf 87' lang='lat' dir='ltr'><strong>tabat.</strong></span> <span class='ocrx_word' id='word_1_19' title='bbox 923 877 1001 940; x_wconf 82' lang='lat' dir='ltr'><strong>ln</strong></span> <span class='ocrx_word' id='word_1_20' title='bbox 1054 873 1183 941; x_wconf 88' lang='lat' dir='ltr'><strong>hac</strong></span> <span class='ocrx_word' id='word_1_21' title='bbox 1236 899 1584 945; x_wconf 86' lang='lat' dir='ltr'><strong>scarorum</strong></span> <span class='ocrx_word' id='word_1_22' title='bbox 1625 874 1965 969; x_wconf 80' lang='lat' dir='ltr'><strong>jecinora,</strong></span> <span class='ocrx_word' id='word_1_23' title='bbox 2009 876 2490 970; x_wconf 82' lang='lat' dir='ltr'><strong>phasianorum</strong></span> <span class='ocrx_word' id='word_1_24' title='bbox 2529 890 2600 942; x_wconf 89' lang='lat' dir='ltr'><strong>et</strong></span> <span class='ocrx_word' id='word_1_25' title='bbox 2636 893 2754 965; x_wconf 76' lang='lat' dir='ltr'><strong>pa·</strong></span> 
     </span>
     <span class='ocr_line' id='line_1_5' title="bbox 652 983 2756 1080; baseline -0.001 -31"><span class='ocrx_word' id='word_1_26' title='bbox 652 1005 910 1051; x_wconf 85' lang='lat' dir='ltr'><strong>vonum</strong></span> <span class='ocrx_word' id='word_1_27' title='bbox 948 983 1314 1069; x_wconf 85' lang='lat' dir='ltr'><strong>cerebella,</strong></span> <span class='ocrx_word' id='word_1_28' title='bbox 1354 985 1620 1078; x_wconf 81' lang='lat' dir='ltr'><strong>linguas</strong></span> <span class='ocrx_word' id='word_1_29' title='bbox 1652 986 2268 1080; x_wconf 66' lang='lat' dir='ltr'><strong>phoenicopterum,</strong></span> <span class='ocrx_word' id='word_1_30' title='bbox 2299 1004 2756 1053; x_wconf 85' lang='lat' dir='ltr'><strong>muraenarum</strong></span> 
     </span>
     <span class='ocr_line' id='line_1_6' title="bbox 654 1074 2758 1191; baseline 0.001 -36"><span class='ocrx_word' id='word_1_31' title='bbox 654 1084 895 1174; x_wconf 67' lang='lat' dir='ltr'><strong>lactes»,</strong></span> <span class='ocrx_word' id='word_1_32' title='bbox 916 1118 959 1160; x_wconf 86' lang='lat' dir='ltr'><strong>a</strong></span> <span class='ocrx_word' id='word_1_33' title='bbox 976 1092 1245 1161; x_wconf 79' lang='lat' dir='ltr'><strong>Parthia</strong></span> <span class='ocrx_word' id='word_1_34' title='bbox 1266 1118 1481 1189; x_wconf 91' lang='lat' dir='ltr'><strong>usque</strong></span> <span class='ocrx_word' id='word_1_35' title='bbox 1495 1098 1520 1141; x_wconf 85' lang='lat'><strong>⁵</strong></span> <span class='ocrx_word' id='word_1_36' title='bbox 1541 1096 1848 1191; x_wconf 87' lang='lat' dir='ltr'><strong>fretoque</strong></span> <span class='ocrx_word' id='word_1_37' title='bbox 1869 1099 2232 1189; x_wconf 87' lang='lat' dir='ltr'><strong>Hispanico</strong></span> <span class='ocrx_word' id='word_1_38' title='bbox 2251 1120 2372 1189; x_wconf 89' lang='lat' dir='ltr'><strong>per</strong></span> <span class='ocrx_word' id='word_1_39' title='bbox 2385 1074 2758 1161; x_wconf 80' lang='lat' dir='ltr'><strong>navarcbos</strong></span> 
     </span>
     <span class='ocr_line' id='line_1_7' title="bbox 646 1204 2758 1315; baseline 0.001 -48"><span class='ocrx_word' id='word_1_40' title='bbox 646 1225 733 1269; x_wconf 86' lang='lat' dir='ltr'><strong>ac</strong></span> <span class='ocrx_word' id='word_1_41' title='bbox 764 1204 1071 1271; x_wconf 78' lang='lat' dir='ltr'><strong>triremes</strong></span> <span class='ocrx_word' id='word_1_42' title='bbox 1106 1207 1503 1315; x_wconf 87' lang='lat' dir='ltr'><strong>petitarum,</strong></span> <span class='ocrx_word' id='word_1_43' title='bbox 1541 1210 1980 1275; x_wconf 85' lang='lat' dir='ltr'><strong>commiscuit.</strong></span> <span class='ocrx_word' id='word_1_44' title='bbox 2017 1213 2107 1275; x_wconf 89' lang='lat' dir='ltr'><strong>Ut</strong></span> <span class='ocrx_word' id='word_1_45' title='bbox 2127 1223 2354 1275; x_wconf 88' lang='lat' dir='ltr'><strong>autem</strong></span> <span class='ocrx_word' id='word_1_46' title='bbox 2387 1204 2594 1273; x_wconf 90' lang='lat' dir='ltr'><strong>homo</strong></span> <span class='ocrx_word' id='word_1_47' title='bbox 2617 1226 2758 1271; x_wconf 85' lang='lat' dir='ltr'><strong>non</strong></span> 
     </span>
     <span class='ocr_line' id='line_1_8' title="bbox 650 1286 2758 1414; baseline 0.001 -36"><span class='ocrx_word' id='word_1_48' title='bbox 650 1312 1011 1403; x_wconf 84' lang='lat' dir='ltr'><strong>profundae</strong></span> <span class='ocrx_word' id='word_1_49' title='bbox 1054 1286 1315 1398; x_wconf 91' lang='lat' dir='ltr'><strong>modo,</strong></span> <span class='ocrx_word' id='word_1_50' title='bbox 1336 1316 1458 1383; x_wconf 91' lang='lat' dir='ltr'><strong>sed</strong></span> <span class='ocrx_word' id='word_1_51' title='bbox 1499 1320 1988 1411; x_wconf 83' lang='lat' dir='ltr'><strong>intempestivae</strong></span> <span class='ocrx_word' id='word_1_52' title='bbox 2029 1341 2304 1414; x_wconf 89' lang='lat' dir='ltr'><strong>quoque</strong></span> <span class='ocrx_word' id='word_1_53' title='bbox 2345 1340 2426 1385; x_wconf 88' lang='lat' dir='ltr'><strong>ac</strong></span> <span class='ocrx_word' id='word_1_54' title='bbox 2467 1312 2758 1383; x_wconf 74' lang='lat' dir='ltr'><strong>sordidae</strong></span> 
     </span>
     <span class='ocr_line' id='line_1_9' title="bbox 657 1420 2758 1525; baseline 0.001 -37"><span class='ocrx_word' id='word_1_55' title='bbox 657 1420 867 1513; x_wconf 67' lang='lat' dir='ltr'><strong>gulae,</strong></span> <span class='ocrx_word' id='word_1_56' title='bbox 906 1448 993 1492; x_wconf 92' lang='lat' dir='ltr'><strong>ne</strong></span> <span class='ocrx_word' id='word_1_57' title='bbox 1033 1428 1105 1493; x_wconf 87' lang='lat' dir='ltr'><strong>in</strong></span> <span class='ocrx_word' id='word_1_58' title='bbox 1142 1427 1470 1497; x_wconf 83' lang='lat' dir='ltr'><strong>sacrificio</strong></span> <span class='ocrx_word' id='word_1_59' title='bbox 1506 1428 1784 1524; x_wconf 89' lang='lat' dir='ltr'><strong>quidem</strong></span> <span class='ocrx_word' id='word_1_60' title='bbox 1821 1454 2156 1525; x_wconf 89' lang='lat' dir='ltr'><strong>unquam,</strong></span> <span class='ocrx_word' id='word_1_61' title='bbox 2193 1444 2312 1496; x_wconf 85' lang='lat' dir='ltr'><strong>aut</strong></span> <span class='ocrx_word' id='word_1_62' title='bbox 2345 1429 2584 1494; x_wconf 85' lang='lat' dir='ltr'><strong>itinere</strong></span> <span class='ocrx_word' id='word_1_63' title='bbox 2613 1422 2758 1493; x_wconf 93' lang='lat' dir='ltr'><strong>ullo</strong></span> 
     </span>
     <span class='ocr_line' id='line_1_10' title="bbox 654 1534 2762 1632; baseline 0 -32"><span class='ocrx_word' id='word_1_64' title='bbox 654 1538 1052 1627; x_wconf 82' lang='lat' dir='ltr'><strong>temperavit</strong></span> <span class='ocrx_word' id='word_1_65' title='bbox 1066 1590 1084 1620; x_wconf 90' lang='lat'>‚</span> <span class='ocrx_word' id='word_1_66' title='bbox 1114 1539 1281 1632; x_wconf 91' lang='lat' dir='ltr'><strong>quin</strong></span> <span class='ocrx_word' id='word_1_67' title='bbox 1308 1539 1487 1607; x_wconf 87' lang='lat' dir='ltr'><strong>inter</strong></span> <span class='ocrx_word' id='word_1_68' title='bbox 1510 1538 1752 1607; x_wconf 86' lang='lat' dir='ltr'><strong>altaria</strong></span> <span class='ocrx_word' id='word_1_69' title='bbox 1773 1538 2024 1607; x_wconf 87' lang='lat' dir='ltr'><strong>ibidem</strong></span> <span class='ocrx_word' id='word_1_70' title='bbox 2049 1542 2274 1607; x_wconf 85' lang='lat' dir='ltr'><strong>statim</strong></span> <span class='ocrx_word' id='word_1_71' title='bbox 2295 1540 2518 1605; x_wconf 85' lang='lat' dir='ltr'><strong>viscus</strong></span> <span class='ocrx_word' id='word_1_72' title='bbox 2543 1551 2612 1603; x_wconf 90' lang='lat' dir='ltr'><strong>et</strong></span> <span class='ocrx_word' id='word_1_73' title='bbox 2631 1534 2762 1601; x_wconf 88' lang='lat' dir='ltr'><strong>far-</strong></span> 
     </span>
     <span class='ocr_line' id='line_1_11' title="bbox 654 1647 2763 1744; baseline 0 -33"><span class='ocrx_word' id='word_1_74' title='bbox 654 1668 764 1727; x_wconf 83' lang='lat' dir='ltr'><strong>ra,</strong></span> <span class='ocrx_word' id='word_1_75' title='bbox 792 1668 989 1737; x_wconf 77' lang='lat' dir='ltr'><strong>paene</strong></span> <span class='ocrx_word' id='word_1_76' title='bbox 1024 1662 1219 1739; x_wconf 82' lang='lat' dir='ltr'><strong>rapta</strong></span> <span class='ocrx_word' id='word_1_77' title='bbox 1250 1670 1288 1713; x_wconf 90' lang='lat' dir='ltr'><strong>e</strong></span> <span class='ocrx_word' id='word_1_78' title='bbox 1320 1648 1503 1731; x_wconf 88' lang='lat' dir='ltr'><strong>foco,</strong></span> <span class='ocrx_word' id='word_1_79' title='bbox 1533 1647 1916 1731; x_wconf 87' lang='lat' dir='ltr'><strong>manderet,</strong></span> <span class='ocrx_word' id='word_1_80' title='bbox 1945 1652 2258 1744; x_wconf 85' lang='lat' dir='ltr'><strong>circaque</strong></span> <span class='ocrx_word' id='word_1_81' title='bbox 2286 1649 2550 1715; x_wconf 85' lang='lat' dir='ltr'><strong>viarum</strong></span> <span class='ocrx_word' id='word_1_82' title='bbox 2570 1647 2763 1739; x_wconf 86' lang='lat' dir='ltr'><strong>popi-</strong></span> 
     </span>
     <span class='ocr_line' id='line_1_12' title="bbox 658 1757 2536 1855; baseline 0.001 -32"><span class='ocrx_word' id='word_1_83' title='bbox 658 1780 781 1823; x_wconf 85' lang='lat' dir='ltr'><strong>nas</strong></span> <span class='ocrx_word' id='word_1_84' title='bbox 812 1757 1141 1825; x_wconf 75' lang='lat' dir='ltr'><strong>fumantia</strong></span> <span class='ocrx_word' id='word_1_85' title='bbox 1172 1763 1455 1853; x_wconf 83' lang='lat' dir='ltr'><strong>opsonia</strong></span> <span class='ocrx_word' id='word_1_86' title='bbox 1473 1814 1491 1844; x_wconf 93' lang='lat'>‚</span> <span class='ocrx_word' id='word_1_87' title='bbox 1522 1760 1630 1828; x_wconf 88' lang='lat' dir='ltr'><strong>vel</strong></span> <span class='ocrx_word' id='word_1_88' title='bbox 1658 1762 1997 1854; x_wconf 81' lang='lat' dir='ltr'><strong>pridiana,</strong></span> <span class='ocrx_word' id='word_1_89' title='bbox 2026 1778 2228 1855; x_wconf 87' lang='lat' dir='ltr'><strong>atque</strong></span> <span class='ocrx_word' id='word_1_90' title='bbox 2256 1783 2536 1828; x_wconf 87' lang='lat' dir='ltr'><strong>semesa.</strong></span> 
     </span>
    </p>

    <p class='ocr_par' dir='ltr' id='par_1_3' title="bbox 556 1870 2766 2744">
     <span class='ocr_line' id='line_1_13' title="bbox 748 1870 2758 1967; baseline 0 -34"><span class='ocrx_word' id='word_1_91' title='bbox 748 1872 927 1934; x_wconf 86' lang='lat' dir='ltr'>XIV.</span> <span class='ocrx_word' id='word_1_92' title='bbox 954 1873 1212 1937; x_wconf 85' lang='lat' dir='ltr'><strong>Pronus</strong></span> <span class='ocrx_word' id='word_1_93' title='bbox 1234 1894 1393 1937; x_wconf 86' lang='lat' dir='ltr'><strong>vero</strong></span> <span class='ocrx_word' id='word_1_94' title='bbox 1416 1870 1504 1939; x_wconf 88' lang='lat' dir='ltr'><strong>ad</strong></span> <span class='ocrx_word' id='word_1_95' title='bbox 1524 1870 1856 1967; x_wconf 88' lang='lat' dir='ltr'><strong>cujusque</strong></span> <span class='ocrx_word' id='word_1_96' title='bbox 1869 1926 1888 1956; x_wconf 85' lang='lat'><strong>,</strong></span> <span class='ocrx_word' id='word_1_97' title='bbox 1909 1890 1978 1941; x_wconf 87' lang='lat' dir='ltr'><strong>et</strong></span> <span class='ocrx_word' id='word_1_98' title='bbox 1995 1895 2400 1967; x_wconf 85' lang='lat' dir='ltr'><strong>quacunque</strong></span> <span class='ocrx_word' id='word_1_99' title='bbox 2419 1870 2504 1937; x_wconf 92' lang='lat' dir='ltr'><strong>de</strong></span> <span class='ocrx_word' id='word_1_100' title='bbox 2523 1890 2758 1949; x_wconf 86' lang='lat' dir='ltr'><strong>causa,</strong></span> 
     </span>
     <span class='ocr_line' id='line_1_14' title="bbox 658 1978 2762 2073; baseline 0 -31"><span class='ocrx_word' id='word_1_101' title='bbox 658 2000 897 2043; x_wconf 88' lang='lat' dir='ltr'><strong>necem</strong></span> <span class='ocrx_word' id='word_1_102' title='bbox 922 1994 1127 2073; x_wconf 85' lang='lat' dir='ltr'><strong>atque</strong></span> <span class='ocrx_word' id='word_1_103' title='bbox 1156 1980 1600 2072; x_wconf 85' lang='lat' dir='ltr'><strong>supplicium,</strong></span> <span class='ocrx_word' id='word_1_104' title='bbox 1639 1982 1899 2050; x_wconf 90' lang='lat' dir='ltr'><strong>nobiles</strong></span> <span class='ocrx_word' id='word_1_105' title='bbox 1925 1986 2140 2064; x_wconf 80' lang='lat' dir='ltr'><strong>viros,</strong></span> <span class='ocrx_word' id='word_1_106' title='bbox 2173 1978 2672 2072; x_wconf 88' lang='lat' dir='ltr'><strong>condiscipulos</strong></span> <span class='ocrx_word' id='word_1_107' title='bbox 2695 1992 2762 2044; x_wconf 90' lang='lat' dir='ltr'><strong>et</strong></span> 
     </span>
     <span class='ocr_line' id='line_1_15' title="bbox 660 2088 2764 2182; baseline 0.001 -28"><span class='ocrx_word' id='word_1_108' title='bbox 660 2088 955 2182; x_wconf 82' lang='lat' dir='ltr'><strong>aequales</strong></span> <span class='ocrx_word' id='word_1_109' title='bbox 996 2112 1191 2173; x_wconf 87' lang='lat' dir='ltr'><strong>suos,</strong></span> <span class='ocrx_word' id='word_1_110' title='bbox 1230 2092 1548 2161; x_wconf 88' lang='lat' dir='ltr'><strong>omnibus</strong></span> <span class='ocrx_word' id='word_1_111' title='bbox 1592 2092 1932 2163; x_wconf 87' lang='lat' dir='ltr'><strong>blanditiis</strong></span> <span class='ocrx_word' id='word_1_112' title='bbox 1969 2110 2236 2163; x_wconf 87' lang='lat' dir='ltr'><strong>tantum</strong></span> <span class='ocrx_word' id='word_1_113' title='bbox 2265 2116 2404 2161; x_wconf 89' lang='lat' dir='ltr'><strong>non</strong></span> <span class='ocrx_word' id='word_1_114' title='bbox 2435 2090 2522 2160; x_wconf 88' lang='lat' dir='ltr'><strong>ad</strong></span> <span class='ocrx_word' id='word_1_115' title='bbox 2555 2093 2764 2159; x_wconf 86' lang='lat' dir='ltr'><strong>socie-</strong></span> 
     </span>
     <span class='ocr_line' id='line_1_16' title="bbox 657 2202 2760 2299; baseline 0.002 -32"><span class='ocrx_word' id='word_1_116' title='bbox 657 2216 869 2283; x_wconf 77' lang='lat' dir='ltr'><strong>tatem</strong></span> <span class='ocrx_word' id='word_1_117' title='bbox 900 2203 1165 2294; x_wconf 89' lang='lat' dir='ltr'><strong>imperii</strong></span> <span class='ocrx_word' id='word_1_118' title='bbox 1203 2202 1613 2273; x_wconf 84' lang='lat' dir='ltr'><strong>allicefactos</strong></span> <span class='ocrx_word' id='word_1_119' title='bbox 1629 2259 1646 2289; x_wconf 89' lang='lat'>,</span> <span class='ocrx_word' id='word_1_120' title='bbox 1683 2210 1870 2275; x_wconf 88' lang='lat' dir='ltr'><strong>vario</strong></span> <span class='ocrx_word' id='word_1_121' title='bbox 1907 2231 2153 2299; x_wconf 78' lang='lat' dir='ltr'><strong>genere</strong></span> <span class='ocrx_word' id='word_1_122' title='bbox 2185 2205 2440 2274; x_wconf 84' lang='lat' dir='ltr'><strong>fraudis</strong></span> <span class='ocrx_word' id='word_1_123' title='bbox 2471 2203 2760 2273; x_wconf 83' lang='lat' dir='ltr'><strong>occidit:</strong></span> 
     </span>
     <span class='ocr_line' id='line_1_17' title="bbox 660 2314 2762 2413; baseline 0.002 -34"><span class='ocrx_word' id='word_1_124' title='bbox 660 2314 863 2379; x_wconf 85' lang='lat' dir='ltr'><strong>etiam</strong></span> <span class='ocrx_word' id='word_1_125' title='bbox 894 2338 1109 2381; x_wconf 87' lang='lat' dir='ltr'><strong>unum</strong></span> <span class='ocrx_word' id='word_1_126' title='bbox 1132 2340 1427 2401; x_wconf 83' lang='lat' dir='ltr'><strong>venene,</strong></span> <span class='ocrx_word' id='word_1_127' title='bbox 1450 2343 1660 2389; x_wconf 89' lang='lat' dir='ltr'><strong>manu</strong></span> <span class='ocrx_word' id='word_1_128' title='bbox 1689 2344 1814 2389; x_wconf 86' lang='lat' dir='ltr'><strong>sua</strong></span> <span class='ocrx_word' id='word_1_129' title='bbox 1834 2336 2147 2413; x_wconf 88' lang='lat' dir='ltr'><strong>porrecto</strong></span> <span class='ocrx_word' id='word_1_130' title='bbox 2179 2322 2248 2387; x_wconf 91' lang='lat' dir='ltr'><strong>in</strong></span> <span class='ocrx_word' id='word_1_131' title='bbox 2275 2342 2470 2413; x_wconf 85' lang='lat' dir='ltr'><strong>aquae</strong></span> <span class='ocrx_word' id='word_1_132' title='bbox 2501 2315 2762 2409; x_wconf 75' lang='lat' dir='ltr'><strong>frigidae</strong></span> 
     </span>
     <span class='ocr_line' id='line_1_18' title="bbox 659 2424 2766 2524; baseline 0.003 -36"><span class='ocrx_word' id='word_1_133' title='bbox 659 2424 964 2515; x_wconf 88' lang='lat' dir='ltr'><strong>potione,</strong></span> <span class='ocrx_word' id='word_1_134' title='bbox 996 2450 1201 2521; x_wconf 88' lang='lat' dir='ltr'><strong>quam</strong></span> <span class='ocrx_word' id='word_1_135' title='bbox 1234 2428 1289 2493; x_wconf 88' lang='lat' dir='ltr'><strong>is</strong></span> <span class='ocrx_word' id='word_1_136' title='bbox 1318 2427 1606 2497; x_wconf 82' lang='lat' dir='ltr'><strong>affectus</strong></span> <span class='ocrx_word' id='word_1_137' title='bbox 1635 2428 1820 2497; x_wconf 85' lang='lat' dir='ltr'><strong>febre</strong></span> <span class='ocrx_word' id='word_1_138' title='bbox 1848 2444 2268 2524; x_wconf 84' lang='lat' dir='ltr'><strong>poposcerat.</strong></span> <span class='ocrx_word' id='word_1_139' title='bbox 2295 2434 2474 2495; x_wconf 90' lang='lat' dir='ltr'><strong>Tum</strong></span> <span class='ocrx_word' id='word_1_140' title='bbox 2502 2428 2766 2495; x_wconf 86' lang='lat' dir='ltr'><strong>fenera·</strong></span> 
     </span>
     <span class='ocr_line' id='line_1_19' title="bbox 556 2537 2766 2636; baseline 0.003 -37"><span class='ocrx_word' id='word_1_141' title='bbox 556 2547 563 2554; x_wconf 84' lang='grc'><em>“</em></span> <span class='ocrx_word' id='word_1_142' title='bbox 664 2549 893 2601; x_wconf 89' lang='lat' dir='ltr'><strong>torum</strong></span> <span class='ocrx_word' id='word_1_143' title='bbox 924 2553 993 2603; x_wconf 93' lang='lat' dir='ltr'><strong>et</strong></span> <span class='ocrx_word' id='word_1_144' title='bbox 1022 2537 1495 2630; x_wconf 87' lang='lat' dir='ltr'><strong>stipulatorum</strong></span> <span class='ocrx_word' id='word_1_145' title='bbox 1518 2557 1566 2620; x_wconf 81' lang='lat'><strong>¹,</strong></span> <span class='ocrx_word' id='word_1_146' title='bbox 1595 2539 2277 2636; x_wconf 85' lang='lat' dir='ltr'><strong>publicanorumque‚</strong></span> <span class='ocrx_word' id='word_1_147' title='bbox 2309 2541 2425 2634; x_wconf 89' lang='lat' dir='ltr'><strong>qui</strong></span> <span class='ocrx_word' id='word_1_148' title='bbox 2461 2562 2766 2632; x_wconf 86' lang='lat' dir='ltr'><strong>unquam</strong></span> 
     </span>
     <span class='ocr_line' id='line_1_20' title="bbox 666 2646 2765 2744; baseline 0.003 -35"><span class='ocrx_word' id='word_1_149' title='bbox 666 2665 740 2711; x_wconf 90' lang='lat' dir='ltr'><strong>se</strong></span> <span class='ocrx_word' id='word_1_150' title='bbox 770 2660 890 2711; x_wconf 89' lang='lat' dir='ltr'><strong>aut</strong></span> <span class='ocrx_word' id='word_1_151' title='bbox 916 2650 1146 2714; x_wconf 82' lang='lat' dir='ltr'><strong>Romae</strong></span> <span class='ocrx_word' id='word_1_152' title='bbox 1174 2646 1505 2731; x_wconf 89' lang='lat' dir='ltr'><strong>debitum,</strong></span> <span class='ocrx_word' id='word_1_153' title='bbox 1537 2665 1655 2716; x_wconf 84' lang='lat' dir='ltr'><strong>aut</strong></span> <span class='ocrx_word' id='word_1_154' title='bbox 1683 2653 1754 2718; x_wconf 92' lang='lat' dir='ltr'><strong>in</strong></span> <span class='ocrx_word' id='word_1_155' title='bbox 1783 2655 1890 2718; x_wconf 85' lang='lat' dir='ltr'><strong>via</strong></span> <span class='ocrx_word' id='word_1_156' title='bbox 1918 2653 2294 2744; x_wconf 87' lang='lat' dir='ltr'><strong>portorium</strong></span> <span class='ocrx_word' id='word_1_157' title='bbox 2321 2648 2765 2740; x_wconf 85' lang='lat' dir='ltr'><strong>flagitassent,</strong></span> 
     </span>
    </p>
   </div>
   <div class='ocr_carea' id='block_1_2' title="bbox 665 2756 2765 2859">
    <p class='ocr_par' dir='ltr' id='par_1_4' title="bbox 665 2756 2765 2859">
     <span class='ocr_line' id='line_1_21' title="bbox 665 2756 2765 2859; baseline 0.002 -34"><span class='ocrx_word' id='word_1_158' title='bbox 665 2758 777 2825; x_wconf 89' lang='lat' dir='ltr'><strong>vix</strong></span> <span class='ocrx_word' id='word_1_159' title='bbox 810 2756 931 2826; x_wconf 92' lang='lat' dir='ltr'><strong>ulli</strong></span> <span class='ocrx_word' id='word_1_160' title='bbox 961 2763 1281 2852; x_wconf 87' lang='lat' dir='ltr'><strong>pepercit.</strong></span> <span class='ocrx_word' id='word_1_161' title='bbox 1314 2766 1413 2829; x_wconf 84' lang='lat' dir='ltr'><strong>Ex</strong></span> <span class='ocrx_word' id='word_1_162' title='bbox 1445 2761 1692 2857; x_wconf 86' lang='lat' dir='ltr'><strong>quibus</strong></span> <span class='ocrx_word' id='word_1_163' title='bbox 1722 2764 2064 2859; x_wconf 87' lang='lat' dir='ltr'><strong>quendam</strong></span> <span class='ocrx_word' id='word_1_164' title='bbox 2091 2767 2160 2832; x_wconf 93' lang='lat' dir='ltr'><strong>in</strong></span> <span class='ocrx_word' id='word_1_165' title='bbox 2191 2768 2336 2857; x_wconf 86' lang='lat' dir='ltr'><strong>ipsa</strong></span> <span class='ocrx_word' id='word_1_166' title='bbox 2365 2761 2765 2830; x_wconf 84' lang='lat' dir='ltr'><strong>salutatione</strong></span> 
     </span>
    </p>
   </div>
   <div class='ocr_carea' id='block_1_3' title="bbox 610 2947 1680 3896">
    <p class='ocr_par' dir='ltr' id='par_1_5' title="bbox 610 2947 1674 3334">
     <span class='ocr_line' id='line_1_22' title="bbox 666 2947 1674 3022; baseline 0.008 -28"><span class='ocrx_word' id='word_1_167' title='bbox 666 2961 819 2996; x_wconf 81' lang='lat' dir='ltr'><strong>coena</strong></span> <span class='ocrx_word' id='word_1_168' title='bbox 834 2947 1097 2997; x_wconf 79' lang='lat' dir='ltr'><strong>memoriae</strong></span> <span class='ocrx_word' id='word_1_169' title='bbox 1116 2947 1363 3000; x_wconf 80' lang='lat' dir='ltr'><strong>mandata</strong></span> <span class='ocrx_word' id='word_1_170' title='bbox 1384 2961 1490 3015; x_wconf 86' lang='lat' dir='ltr'><strong>est,</strong></span> <span class='ocrx_word' id='word_1_171' title='bbox 1512 2969 1674 3022; x_wconf 83' lang='lat' dir='ltr'><strong>quam</strong></span> 
     </span>
     <span class='ocr_line' id='line_1_23' title="bbox 666 3023 1674 3102; baseline 0.008 -28"><span class='ocrx_word' id='word_1_172' title='bbox 666 3024 717 3074; x_wconf 90' lang='lat' dir='ltr'><strong>ei</strong></span> <span class='ocrx_word' id='word_1_173' title='bbox 732 3023 971 3077; x_wconf 71' lang='lat' dir='ltr'><strong>Vitellius</strong></span> <span class='ocrx_word' id='word_1_174' title='bbox 992 3026 1155 3078; x_wconf 80' lang='lat' dir='ltr'><strong>frater</strong></span> <span class='ocrx_word' id='word_1_175' title='bbox 1174 3025 1441 3094; x_wconf 83' lang='lat' dir='ltr'><strong>exhibuit,</strong></span> <span class='ocrx_word' id='word_1_176' title='bbox 1461 3031 1515 3080; x_wconf 89' lang='lat' dir='ltr'><strong>in</strong></span> <span class='ocrx_word' id='word_1_177' title='bbox 1536 3049 1674 3102; x_wconf 84' lang='lat' dir='ltr'><strong>qua,</strong></span> 
     </span>
     <span class='ocr_line' id='line_1_24' title="bbox 666 3109 1672 3176; baseline 0.005 -20"><span class='ocrx_word' id='word_1_178' title='bbox 666 3123 827 3176; x_wconf 82' lang='lat' dir='ltr'><strong>super</strong></span> <span class='ocrx_word' id='word_1_179' title='bbox 862 3117 1066 3158; x_wconf 81' lang='lat' dir='ltr'><strong>ceteros</strong></span> <span class='ocrx_word' id='word_1_180' title='bbox 1101 3119 1337 3174; x_wconf 81' lang='lat' dir='ltr'><strong>sumtus,</strong></span> <span class='ocrx_word' id='word_1_181' title='bbox 1374 3109 1481 3161; x_wconf 91' lang='lat' dir='ltr'><strong>duo</strong></span> <span class='ocrx_word' id='word_1_182' title='bbox 1512 3109 1672 3161; x_wconf 81' lang='lat' dir='ltr'><strong>millia</strong></span> 
     </span>
     <span class='ocr_line' id='line_1_25' title="bbox 666 3184 1674 3261; baseline 0.008 -28"><span class='ocrx_word' id='word_1_183' title='bbox 666 3184 925 3254; x_wconf 80' lang='lat' dir='ltr'><strong>piscium,</strong></span> <span class='ocrx_word' id='word_1_184' title='bbox 955 3199 1157 3254; x_wconf 80' lang='lat' dir='ltr'><strong>septem</strong></span> <span class='ocrx_word' id='word_1_185' title='bbox 1186 3189 1361 3238; x_wconf 79' lang='lat' dir='ltr'><strong>avium</strong></span> <span class='ocrx_word' id='word_1_186' title='bbox 1392 3187 1558 3241; x_wconf 78' lang='lat' dir='ltr'><strong>millia</strong></span> <span class='ocrx_word' id='word_1_187' title='bbox 1581 3207 1674 3261; x_wconf 83' lang='lat' dir='ltr'><strong>ap·</strong></span> 
     </span>
     <span class='ocr_line' id='line_1_26' title="bbox 610 3262 1215 3334; baseline -0.003 -22"><span class='ocrx_word' id='word_1_188' title='bbox 610 3323 617 3330; x_wconf 35' lang='grc' dir='ltr'>ι</span> <span class='ocrx_word' id='word_1_189' title='bbox 666 3263 841 3334; x_wconf 84' lang='lat' dir='ltr'><strong>posita</strong></span> <span class='ocrx_word' id='word_1_190' title='bbox 871 3262 1168 3315; x_wconf 80' lang='lat' dir='ltr'><strong>traduntur.</strong></span> <span class='ocrx_word' id='word_1_191' title='bbox 1192 3287 1215 3310; x_wconf 69' lang='grc' dir='ltr'>ι</span> 
     </span>
    </p>

    <p class='ocr_par' dir='ltr' id='par_1_6' title="bbox 669 3341 1680 3896">
     <span class='ocr_line' id='line_1_27' title="bbox 740 3341 1674 3415; baseline 0.005 -22"><span class='ocrx_word' id='word_1_192' title='bbox 740 3341 789 3408; x_wconf 74' lang='grc'><strong>4.</strong></span> <span class='ocrx_word' id='word_1_193' title='bbox 830 3343 1169 3396; x_wconf 78' lang='lat' dir='ltr'><strong>Dedicatione</strong></span> <span class='ocrx_word' id='word_1_194' title='bbox 1199 3344 1417 3415; x_wconf 74' lang='lat' dir='ltr'><strong>patinoe.</strong></span> <span class='ocrx_word' id='word_1_195' title='bbox 1454 3347 1536 3399; x_wconf 88' lang='lat' dir='ltr'><strong>Cf.</strong></span> <span class='ocrx_word' id='word_1_196' title='bbox 1575 3349 1674 3398; x_wconf 81' lang='lat' dir='ltr'><strong>xi-</strong></span> 
     </span>
     <span class='ocr_line' id='line_1_28' title="bbox 669 3420 1675 3494; baseline 0.003 -21"><span class='ocrx_word' id='word_1_197' title='bbox 669 3420 799 3494; x_wconf 85' lang='lat' dir='ltr'><strong>phil.</strong></span> <span class='ocrx_word' id='word_1_198' title='bbox 826 3441 874 3473; x_wconf 88' lang='lat' dir='ltr'><strong>c.</strong></span> <span class='ocrx_word' id='word_1_199' title='bbox 904 3421 957 3474; x_wconf 81' lang='lat'><strong>3.</strong></span> <span class='ocrx_word' id='word_1_200' title='bbox 986 3423 1115 3474; x_wconf 88' lang='lat' dir='ltr'><strong>Plin.</strong></span> <span class='ocrx_word' id='word_1_201' title='bbox 1142 3425 1271 3476; x_wconf 79' lang='lat' dir='ltr'><strong>Hist.</strong></span> <span class='ocrx_word' id='word_1_202' title='bbox 1304 3427 1427 3477; x_wconf 85' lang='lat' dir='ltr'><strong>Nat.</strong></span> <span class='ocrx_word' id='word_1_203' title='bbox 1452 3427 1675 3491; x_wconf 80' lang='lat' dir='ltr'>XXXV,</span> 
     </span>
     <span class='ocr_line' id='line_1_29' title="bbox 676 3499 1676 3577; baseline 0.006 -25"><span class='ocrx_word' id='word_1_204' title='bbox 676 3519 737 3553; x_wconf 68' lang='grc' dir='ltr'><strong>ια</strong></span> <span class='ocrx_word' id='word_1_205' title='bbox 770 3499 927 3573; x_wconf 73' lang='grc' dir='ltr'>(46)ε</span> <span class='ocrx_word' id='word_1_206' title='bbox 970 3525 992 3548; x_wconf 74' lang='grc' dir='ltr'><strong>α</strong></span> <span class='ocrx_word' id='word_1_207' title='bbox 1014 3503 1253 3557; x_wconf 84' lang='lat' dir='ltr'><strong>Vitellius</strong></span> <span class='ocrx_word' id='word_1_208' title='bbox 1288 3505 1344 3557; x_wconf 90' lang='lat' dir='ltr'><strong>in</strong></span> <span class='ocrx_word' id='word_1_209' title='bbox 1372 3508 1676 3577; x_wconf 81' lang='lat' dir='ltr'><strong>principatu</strong></span> 
     </span>
     <span class='ocr_line' id='line_1_30' title="bbox 672 3582 1678 3657; baseline 0.002 -21"><span class='ocrx_word' id='word_1_210' title='bbox 672 3601 770 3636; x_wconf 83' lang='lat' dir='ltr'><strong>suo</strong></span> <span class='ocrx_word' id='word_1_211' title='bbox 798 3582 973 3638; x_wconf 85' lang='lat' dir='ltr'><strong>decies</strong></span> <span class='ocrx_word' id='word_1_212' title='bbox 1002 3583 1099 3634; x_wconf 80' lang='lat' dir='ltr'><strong>HS.</strong></span> <span class='ocrx_word' id='word_1_213' title='bbox 1135 3584 1377 3638; x_wconf 86' lang='lat' dir='ltr'><strong>condidit</strong></span> <span class='ocrx_word' id='word_1_214' title='bbox 1404 3588 1678 3657; x_wconf 80' lang='lat' dir='ltr'><strong>patinam,</strong></span> 
     </span>
     <span class='ocr_line' id='line_1_31' title="bbox 671 3661 1680 3737; baseline 0.003 -22"><span class='ocrx_word' id='word_1_215' title='bbox 671 3665 760 3716; x_wconf 86' lang='lat' dir='ltr'><strong>cui</strong></span> <span class='ocrx_word' id='word_1_216' title='bbox 784 3661 1038 3714; x_wconf 76' lang='lat' dir='ltr'><strong>faciendae</strong></span> <span class='ocrx_word' id='word_1_217' title='bbox 1068 3665 1259 3716; x_wconf 83' lang='lat' dir='ltr'><strong>fornax</strong></span> <span class='ocrx_word' id='word_1_218' title='bbox 1282 3667 1337 3716; x_wconf 92' lang='lat' dir='ltr'><strong>in</strong></span> <span class='ocrx_word' id='word_1_219' title='bbox 1362 3669 1564 3737; x_wconf 84' lang='lat' dir='ltr'><strong>campis</strong></span> <span class='ocrx_word' id='word_1_220' title='bbox 1591 3685 1680 3718; x_wconf 84' lang='lat' dir='ltr'><strong>ex-</strong></span> 
     </span>
     <span class='ocr_line' id='line_1_32' title="bbox 672 3741 1678 3814; baseline 0.003 -21"><span class='ocrx_word' id='word_1_221' title='bbox 672 3741 925 3794; x_wconf 62' lang='lat' dir='ltr'><strong>aedificata</strong></span> <span class='ocrx_word' id='word_1_222' title='bbox 950 3755 1062 3793; x_wconf 84' lang='lat' dir='ltr'><strong>erat</strong></span> <span class='ocrx_word' id='word_1_223' title='bbox 1079 3780 1095 3808; x_wconf 88' lang='lat'><strong>‚</strong></span> <span class='ocrx_word' id='word_1_224' title='bbox 1126 3745 1379 3814; x_wconf 84' lang='lat' dir='ltr'><strong>quoniam</strong></span> <span class='ocrx_word' id='word_1_225' title='bbox 1406 3763 1469 3796; x_wconf 89' lang='lat' dir='ltr'><strong>eo</strong></span> <span class='ocrx_word' id='word_1_226' title='bbox 1496 3763 1678 3814; x_wconf 85' lang='lat' dir='ltr'><strong>perve-</strong></span> 
     </span>
     <span class='ocr_line' id='line_1_33' title="bbox 674 3821 1678 3896; baseline 0.002 -22"><span class='ocrx_word' id='word_1_227' title='bbox 674 3825 753 3874; x_wconf 85' lang='lat' dir='ltr'><strong>nit</strong></span> <span class='ocrx_word' id='word_1_228' title='bbox 778 3821 1010 3889; x_wconf 82' lang='lat' dir='ltr'><strong>luxuria,</strong></span> <span class='ocrx_word' id='word_1_229' title='bbox 1036 3834 1097 3873; x_wconf 86' lang='lat' dir='ltr'><strong>ut</strong></span> <span class='ocrx_word' id='word_1_230' title='bbox 1121 3825 1277 3874; x_wconf 85' lang='lat' dir='ltr'><strong>etiam</strong></span> <span class='ocrx_word' id='word_1_231' title='bbox 1302 3823 1479 3876; x_wconf 73' lang='lat' dir='ltr'><strong>fictilia</strong></span> <span class='ocrx_word' id='word_1_232' title='bbox 1508 3824 1678 3896; x_wconf 82' lang='lat' dir='ltr'><strong>pluris</strong></span> 
     </span>
    </p>
   </div>
   <div class='ocr_carea' id='block_1_4' title="bbox 675 3901 1684 3973">
    <p class='ocr_par' dir='ltr' id='par_1_7' title="bbox 675 3901 1684 3973">
     <span class='ocr_line' id='line_1_34' title="bbox 675 3901 1684 3973; baseline 0.002 -20"><span class='ocrx_word' id='word_1_233' title='bbox 675 3915 945 3967; x_wconf 80' lang='lat' dir='ltr'><strong>constent,</strong></span> <span class='ocrx_word' id='word_1_234' title='bbox 968 3919 1128 3971; x_wconf 76' lang='lat' dir='ltr'><strong>quam</strong></span> <span class='ocrx_word' id='word_1_235' title='bbox 1148 3901 1439 3954; x_wconf 73' lang='lat' dir='ltr'><strong>murt-hina.</strong></span> <span class='ocrx_word' id='word_1_236' title='bbox 1461 3905 1684 3973; x_wconf 79' lang='lat' dir='ltr'><strong>Propter</strong></span> 
     </span>
    </p>
   </div>
   <div class='ocr_carea' id='block_1_5' title="bbox 675 3979 1682 4034">
    <p class='ocr_par' dir='ltr' id='par_1_8' title="bbox 675 3979 1682 4034">
     <span class='ocr_line' id='line_1_35' title="bbox 675 3979 1682 4034; baseline 0.002 -2"><span class='ocrx_word' id='word_1_237' title='bbox 675 3979 817 4032; x_wconf 84' lang='lat' dir='ltr'><strong>hanc</strong></span> <span class='ocrx_word' id='word_1_238' title='bbox 862 3981 1141 4032; x_wconf 82' lang='lat' dir='ltr'><strong>Mucianus</strong></span> <span class='ocrx_word' id='word_1_239' title='bbox 1190 3979 1355 4032; x_wconf 83' lang='lat' dir='ltr'><strong>altero</strong></span> <span class='ocrx_word' id='word_1_240' title='bbox 1400 3981 1682 4034; x_wconf 81' lang='lat' dir='ltr'><strong>consulatu</strong></span> 
     </span>
    </p>
   </div>
   <div class='ocr_carea' id='block_1_6' title="bbox 678 4057 1689 4134">
    <p class='ocr_par' dir='ltr' id='par_1_9' title="bbox 678 4057 1689 4134">
     <span class='ocr_line' id='line_1_36' title="bbox 678 4057 1689 4134; baseline 0.002 -22"><span class='ocrx_word' id='word_1_241' title='bbox 678 4078 779 4113; x_wconf 77' lang='lat' dir='ltr'><strong>suo</strong></span> <span class='ocrx_word' id='word_1_242' title='bbox 808 4063 863 4112; x_wconf 89' lang='lat' dir='ltr'><strong>in</strong></span> <span class='ocrx_word' id='word_1_243' title='bbox 890 4061 1153 4112; x_wconf 88' lang='lat' dir='ltr'><strong>concione</strong></span> <span class='ocrx_word' id='word_1_244' title='bbox 1182 4057 1521 4133; x_wconf 79' lang='lat' dir='ltr'><strong>exprobravit</strong></span> <span class='ocrx_word' id='word_1_245' title='bbox 1549 4065 1689 4134; x_wconf 81' lang='lat' dir='ltr'><strong>pati-</strong></span> 
     </span>
    </p>
   </div>
   <div class='ocr_carea' id='block_1_7' title="bbox 680 4137 1683 4210">
    <p class='ocr_par' dir='ltr' id='par_1_10' title="bbox 680 4137 1683 4210">
     <span class='ocr_line' id='line_1_37' title="bbox 680 4137 1683 4210; baseline 0 -19"><span class='ocrx_word' id='word_1_246' title='bbox 680 4157 871 4208; x_wconf 57' lang='lat' dir='ltr'><strong>narum</strong></span> <span class='ocrx_word' id='word_1_247' title='bbox 899 4137 1118 4210; x_wconf 78' lang='lat' dir='ltr'><strong>paludes</strong></span> <span class='ocrx_word' id='word_1_248' title='bbox 1141 4140 1336 4194; x_wconf 86' lang='lat' dir='ltr'><strong>Vitellii</strong></span> <span class='ocrx_word' id='word_1_249' title='bbox 1360 4144 1641 4193; x_wconf 61' lang='lat' dir='ltr'><strong>memoria.</strong></span> <span class='ocrx_word' id='word_1_250' title='bbox 1661 4166 1683 4190; x_wconf 76' lang='grc' dir='ltr'>ι</span> 
     </span>
    </p>
   </div>
   <div class='ocr_carea' id='block_1_8' title="bbox 1761 2947 2788 4212">
    <p class='ocr_par' dir='ltr' id='par_1_11' title="bbox 1761 2947 2772 3179">
     <span class='ocr_line' id='line_1_38' title="bbox 1763 2947 2766 3024; baseline -0.004 -20"><span class='ocrx_word' id='word_1_251' title='bbox 1763 2954 1978 3004; x_wconf 84' lang='lat' dir='ltr'><strong>materia</strong></span> <span class='ocrx_word' id='word_1_252' title='bbox 2000 2954 2216 3024; x_wconf 68' lang='lat' dir='ltr'><strong>patinae,</strong></span> <span class='ocrx_word' id='word_1_253' title='bbox 2237 2962 2486 3022; x_wconf 74' lang='lat' dir='ltr'><strong>argentea</strong></span> <span class='ocrx_word' id='word_1_254' title='bbox 2500 2948 2582 3003; x_wconf 75' lang='lat' dir='ltr'><strong>vel</strong></span> <span class='ocrx_word' id='word_1_255' title='bbox 2603 2947 2766 3012; x_wconf 79' lang='lat' dir='ltr'><strong>fictili,</strong></span> 
     </span>
     <span class='ocr_line' id='line_1_39' title="bbox 1765 3027 2772 3104; baseline -0.004 -21"><span class='ocrx_word' id='word_1_256' title='bbox 1765 3051 1926 3104; x_wconf 87' lang='lat' dir='ltr'><strong>quum</strong></span> <span class='ocrx_word' id='word_1_257' title='bbox 1945 3032 2261 3084; x_wconf 72' lang='lat' dir='ltr'><strong>dissentiant</strong></span> <span class='ocrx_word' id='word_1_258' title='bbox 2276 3028 2584 3103; x_wconf 75' lang='lat' dir='ltr'><strong>xiphilinus</strong></span> <span class='ocrx_word' id='word_1_259' title='bbox 2605 3045 2660 3081; x_wconf 85' lang='lat' dir='ltr'><strong>et</strong></span> <span class='ocrx_word' id='word_1_260' title='bbox 2675 3027 2772 3080; x_wconf 84' lang='lat' dir='ltr'><strong>Pli-</strong></span> 
     </span>
     <span class='ocr_line' id='line_1_40' title="bbox 1761 3109 2430 3179; baseline 0 -17"><span class='ocrx_word' id='word_1_261' title='bbox 1761 3113 1909 3179; x_wconf 83' lang='lat' dir='ltr'><strong>nius,</strong></span> <span class='ocrx_word' id='word_1_262' title='bbox 1933 3111 2127 3162; x_wconf 78' lang='lat' dir='ltr'><strong>frustra</strong></span> <span class='ocrx_word' id='word_1_263' title='bbox 2151 3109 2430 3162; x_wconf 82' lang='lat' dir='ltr'><strong>laboraris.</strong></span> 
     </span>
    </p>

    <p class='ocr_par' dir='ltr' id='par_1_12' title="bbox 1761 3189 2776 3895">
     <span class='ocr_line' id='line_1_41' title="bbox 1835 3189 2766 3263; baseline -0.003 -21"><span class='ocrx_word' id='word_1_264' title='bbox 1835 3191 1883 3242; x_wconf 88' lang='grc'><strong>5.</strong></span> <span class='ocrx_word' id='word_1_265' title='bbox 1923 3191 1974 3242; x_wconf 84' lang='lat' dir='ltr'><em>A</em></span> <span class='ocrx_word' id='word_1_266' title='bbox 2011 3190 2230 3243; x_wconf 78' lang='lat' dir='ltr'><strong>Parthia</strong></span> <span class='ocrx_word' id='word_1_267' title='bbox 2267 3209 2438 3263; x_wconf 80' lang='lat' dir='ltr'><strong>usque.</strong></span> <span class='ocrx_word' id='word_1_268' title='bbox 2469 3191 2548 3242; x_wconf 80' lang='lat' dir='ltr'><strong>lta</strong></span> <span class='ocrx_word' id='word_1_269' title='bbox 2579 3189 2766 3261; x_wconf 87' lang='lat' dir='ltr'><strong>optimi</strong></span> 
     </span>
     <span class='ocr_line' id='line_1_42' title="bbox 1761 3269 2764 3342; baseline -0.006 -20"><span class='ocrx_word' id='word_1_270' title='bbox 1761 3269 1899 3323; x_wconf 82' lang='lat' dir='ltr'><strong>libri.</strong></span> <span class='ocrx_word' id='word_1_271' title='bbox 1919 3270 2000 3322; x_wconf 86' lang='grc' dir='ltr'><strong>ΔΙ.</strong></span> <span class='ocrx_word' id='word_1_272' title='bbox 2028 3293 2050 3317; x_wconf 78' lang='grc' dir='ltr'>ι</span> <span class='ocrx_word' id='word_1_273' title='bbox 2067 3288 2100 3322; x_wconf 82' lang='lat' dir='ltr'><strong>a</strong></span> <span class='ocrx_word' id='word_1_274' title='bbox 2117 3269 2396 3342; x_wconf 73' lang='lat' dir='ltr'><strong>Carpathio</strong></span> <span class='ocrx_word' id='word_1_275' title='bbox 2412 3287 2611 3340; x_wconf 81' lang='lat' dir='ltr'><strong>usque,</strong></span> <span class='ocrx_word' id='word_1_276' title='bbox 2633 3282 2764 3321; x_wconf 75' lang='lat' dir='ltr'><strong>etc.»</strong></span> 
     </span>
     <span class='ocr_line' id='line_1_43' title="bbox 1763 3349 2768 3420; baseline -0.002 -18"><span class='ocrx_word' id='word_1_277' title='bbox 1763 3349 2008 3402; x_wconf 85' lang='lat' dir='ltr'><strong>Oudend.</strong></span> <span class='ocrx_word' id='word_1_278' title='bbox 2025 3350 2240 3418; x_wconf 84' lang='lat' dir='ltr'><strong>conjicit</strong></span> <span class='ocrx_word' id='word_1_279' title='bbox 2257 3371 2278 3393; x_wconf 72' lang='grc' dir='ltr'>ι</span> <span class='ocrx_word' id='word_1_280' title='bbox 2291 3368 2318 3400; x_wconf 84' lang='lat' dir='ltr'><strong>a</strong></span> <span class='ocrx_word' id='word_1_281' title='bbox 2337 3349 2536 3400; x_wconf 65' lang='lat' dir='ltr'><strong>(lancia</strong></span> <span class='ocrx_word' id='word_1_282' title='bbox 2551 3367 2768 3420; x_wconf 78' lang='lat' dir='ltr'><strong>usque,-</strong></span> 
     </span>
     <span class='ocr_line' id='line_1_44' title="bbox 1765 3426 2770 3499; baseline -0.001 -21"><span class='ocrx_word' id='word_1_283' title='bbox 1765 3427 1912 3499; x_wconf 87' lang='lat' dir='ltr'><strong>quod</strong></span> <span class='ocrx_word' id='word_1_284' title='bbox 1951 3427 2194 3499; x_wconf 78' lang='lat' dir='ltr'><strong>probavit</strong></span> <span class='ocrx_word' id='word_1_285' title='bbox 2223 3426 2472 3478; x_wconf 81' lang='lat' dir='ltr'><strong>Wolfius.</strong></span> <span class='ocrx_word' id='word_1_286' title='bbox 2511 3427 2566 3478; x_wconf 89' lang='lat' dir='ltr'><strong>Si</strong></span> <span class='ocrx_word' id='word_1_287' title='bbox 2601 3439 2709 3478; x_wconf 81' lang='lat' dir='ltr'><strong>stat</strong></span> <span class='ocrx_word' id='word_1_288' title='bbox 2736 3445 2770 3477; x_wconf 82' lang='lat' dir='ltr'><strong>a</strong></span> 
     </span>
     <span class='ocr_line' id='line_1_45' title="bbox 1768 3505 2772 3574; baseline -0.004 -15"><span class='ocrx_word' id='word_1_289' title='bbox 1768 3507 2007 3574; x_wconf 78' lang='lat' dir='ltr'><strong>Parthia,</strong></span> <span class='ocrx_word' id='word_1_290' title='bbox 2025 3507 2240 3558; x_wconf 82' lang='lat' dir='ltr'><strong>extremi</strong></span> <span class='ocrx_word' id='word_1_291' title='bbox 2249 3505 2394 3558; x_wconf 82' lang='lat' dir='ltr'><strong>orbis</strong></span> <span class='ocrx_word' id='word_1_292' title='bbox 2405 3505 2633 3557; x_wconf 82' lang='lat' dir='ltr'><strong>Romani</strong></span> <span class='ocrx_word' id='word_1_293' title='bbox 2645 3505 2772 3556; x_wconf 77' lang='lat' dir='ltr'><strong>fines</strong></span> 
     </span>
     <span class='ocr_line' id='line_1_46' title="bbox 1767 3585 2776 3658; baseline -0.003 -19"><span class='ocrx_word' id='word_1_294' title='bbox 1767 3587 1836 3639; x_wconf 85' lang='lat' dir='ltr'><strong>ab</strong></span> <span class='ocrx_word' id='word_1_295' title='bbox 1865 3600 2084 3639; x_wconf 81' lang='lat' dir='ltr'><strong>auctore</strong></span> <span class='ocrx_word' id='word_1_296' title='bbox 2115 3587 2472 3648; x_wconf 82' lang='lat' dir='ltr'><strong>nominantur,</strong></span> <span class='ocrx_word' id='word_1_297' title='bbox 2503 3599 2554 3637; x_wconf 88' lang='lat' dir='ltr'><strong>et</strong></span> <span class='ocrx_word' id='word_1_298' title='bbox 2579 3585 2776 3658; x_wconf 76' lang='lat' dir='ltr'><strong>petita-</strong></span> 
     </span>
     <span class='ocr_line' id='line_1_47' title="bbox 1769 3661 2776 3729; baseline -0.005 -11"><span class='ocrx_word' id='word_1_299' title='bbox 1769 3684 1882 3718; x_wconf 80' lang='lat' dir='ltr'><strong>rum</strong></span> <span class='ocrx_word' id='word_1_300' title='bbox 1915 3684 2023 3718; x_wconf 88' lang='lat' dir='ltr'><strong>nou</strong></span> <span class='ocrx_word' id='word_1_301' title='bbox 2057 3665 2122 3718; x_wconf 82' lang='lat' dir='ltr'><strong>ad</strong></span> <span class='ocrx_word' id='word_1_302' title='bbox 2147 3683 2405 3718; x_wconf 80' lang='lat' dir='ltr'><strong>muraenas</strong></span> <span class='ocrx_word' id='word_1_303' title='bbox 2433 3663 2641 3729; x_wconf 84' lang='lat' dir='ltr'><strong>solum,</strong></span> <span class='ocrx_word' id='word_1_304' title='bbox 2679 3661 2776 3716; x_wconf 86' lang='lat' dir='ltr'><strong>sed</strong></span> 
     </span>
     <span class='ocr_line' id='line_1_48' title="bbox 1769 3743 2776 3814; baseline -0.004 -17"><span class='ocrx_word' id='word_1_305' title='bbox 1769 3763 1891 3797; x_wconf 85' lang='lat' dir='ltr'><strong>aves</strong></span> <span class='ocrx_word' id='word_1_306' title='bbox 1915 3749 2074 3798; x_wconf 81' lang='lat' dir='ltr'><strong>etiam</strong></span> <span class='ocrx_word' id='word_1_307' title='bbox 2100 3743 2462 3808; x_wconf 73' lang='lat' dir='ltr'><strong>referendum,</strong></span> <span class='ocrx_word' id='word_1_308' title='bbox 2491 3762 2610 3814; x_wconf 67' lang='lat' dir='ltr'><strong>que</strong></span> <span class='ocrx_word' id='word_1_309' title='bbox 2643 3743 2776 3813; x_wconf 81' lang='lat' dir='ltr'><strong>pati-</strong></span> 
     </span>
     <span class='ocr_line' id='line_1_49' title="bbox 1771 3823 2333 3895; baseline 0 -20"><span class='ocrx_word' id='word_1_310' title='bbox 1771 3843 1891 3876; x_wconf 84' lang='lat' dir='ltr'><strong>nam</strong></span> <span class='ocrx_word' id='word_1_311' title='bbox 1917 3823 2333 3895; x_wconf 82' lang='lat' dir='ltr'><strong>compleverunt.</strong></span> 
     </span>
    </p>

    <p class='ocr_par' dir='ltr' id='par_1_13' title="bbox 1770 3901 2788 4212">
     <span class='ocr_line' id='line_1_50' title="bbox 1841 3901 2780 3973; baseline -0.005 -19"><span class='ocrx_word' id='word_1_312' title='bbox 1841 3903 1978 3954; x_wconf 68' lang='lat' dir='ltr'><strong>xlv.</strong></span> <span class='ocrx_word' id='word_1_313' title='bbox 2015 3921 2058 3954; x_wconf 80' lang='grc' dir='ltr'><strong>ι.</strong></span> <span class='ocrx_word' id='word_1_314' title='bbox 2089 3904 2158 3956; x_wconf 70' lang='lat' dir='ltr'><strong>Et</strong></span> <span class='ocrx_word' id='word_1_315' title='bbox 2179 3901 2560 3973; x_wconf 73' lang='lat' dir='ltr'><strong>stipulatorum.</strong></span> <span class='ocrx_word' id='word_1_316' title='bbox 2585 3904 2666 3954; x_wconf 83' lang='lat' dir='ltr'><strong>De</strong></span> <span class='ocrx_word' id='word_1_317' title='bbox 2687 3901 2780 3953; x_wconf 79' lang='lat' dir='ltr'><strong>sti-</strong></span> 
     </span>
     <span class='ocr_line' id='line_1_51' title="bbox 1770 3979 2782 4054; baseline -0.003 -21"><span class='ocrx_word' id='word_1_318' title='bbox 1770 3981 2068 4054; x_wconf 75' lang='lat' dir='ltr'><strong>putatione,</strong></span> <span class='ocrx_word' id='word_1_319' title='bbox 2104 4000 2216 4054; x_wconf 76' lang='lat' dir='ltr'><strong>quae</strong></span> <span class='ocrx_word' id='word_1_320' title='bbox 2244 3979 2492 4033; x_wconf 86' lang='lat' dir='ltr'><strong>omnibus</strong></span> <span class='ocrx_word' id='word_1_321' title='bbox 2525 3982 2699 4051; x_wconf 81' lang='lat' dir='ltr'><strong>pactis</strong></span> <span class='ocrx_word' id='word_1_322' title='bbox 2727 3993 2782 4032; x_wconf 87' lang='lat' dir='ltr'><strong>et</strong></span> 
     </span>
     <span class='ocr_line' id='line_1_52' title="bbox 1778 4059 2782 4132; baseline -0.001 -20"><span class='ocrx_word' id='word_1_323' title='bbox 1778 4062 2138 4116; x_wconf 85' lang='lat' dir='ltr'><strong>contractibus</strong></span> <span class='ocrx_word' id='word_1_324' title='bbox 2163 4100 2180 4129; x_wconf 90' lang='lat'>‚</span> <span class='ocrx_word' id='word_1_325' title='bbox 2223 4061 2468 4132; x_wconf 78' lang='lat' dir='ltr'><strong>adeoque</strong></span> <span class='ocrx_word' id='word_1_326' title='bbox 2507 4061 2668 4112; x_wconf 76' lang='lat' dir='ltr'><strong>etiam</strong></span> <span class='ocrx_word' id='word_1_327' title='bbox 2713 4059 2782 4111; x_wconf 88' lang='lat' dir='ltr'><strong>de</strong></span> 
     </span>
     <span class='ocr_line' id='line_1_53' title="bbox 1777 4139 2788 4212; baseline -0.002 -17"><span class='ocrx_word' id='word_1_328' title='bbox 1777 4145 2006 4212; x_wconf 83' lang='lat' dir='ltr'><strong>pecunia</strong></span> <span class='ocrx_word' id='word_1_329' title='bbox 2031 4155 2218 4195; x_wconf 85' lang='lat' dir='ltr'><strong>mutuo</strong></span> <span class='ocrx_word' id='word_1_330' title='bbox 2247 4141 2400 4204; x_wconf 81' lang='lat' dir='ltr'><strong>data,</strong></span> <span class='ocrx_word' id='word_1_331' title='bbox 2429 4139 2618 4210; x_wconf 82' lang='lat' dir='ltr'><strong>subjici</strong></span> <span class='ocrx_word' id='word_1_332' title='bbox 2648 4141 2788 4193; x_wconf 88' lang='lat' dir='ltr'><strong>sole·</strong></span> 
     </span>
    </p>
   </div>
   <div class='ocr_carea' id='block_1_9' title="bbox 684 4216 2787 4290">
    <p class='ocr_par' dir='ltr' id='par_1_14' title="bbox 684 4216 2787 4290">
     <span class='ocr_line' id='line_1_54' title="bbox 684 4216 2787 4290; baseline -0 -18"><span class='ocrx_word' id='word_1_333' title='bbox 684 4216 820 4272; x_wconf 82' lang='lat' dir='ltr'><strong>vide</strong></span> <span class='ocrx_word' id='word_1_334' title='bbox 843 4217 1155 4289; x_wconf 82' lang='lat' dir='ltr'><strong>interpretes</strong></span> <span class='ocrx_word' id='word_1_335' title='bbox 1179 4219 1247 4274; x_wconf 84' lang='lat' dir='ltr'><strong>ad</strong></span> <span class='ocrx_word' id='word_1_336' title='bbox 1264 4220 1387 4274; x_wconf 86' lang='lat' dir='ltr'><strong>loca</strong></span> <span class='ocrx_word' id='word_1_337' title='bbox 1411 4221 1590 4274; x_wconf 83' lang='lat' dir='ltr'><strong>citata.</strong></span> <span class='ocrx_word' id='word_1_338' title='bbox 1611 4223 1690 4274; x_wconf 88' lang='lat' dir='ltr'><strong>De</strong></span> <span class='ocrx_word' id='word_1_339' title='bbox 1781 4221 1904 4290; x_wconf 84' lang='lat' dir='ltr'><strong>bat,</strong></span> <span class='ocrx_word' id='word_1_340' title='bbox 1945 4223 2062 4277; x_wconf 77' lang='lat' dir='ltr'><strong>vide</strong></span> <span class='ocrx_word' id='word_1_341' title='bbox 2099 4225 2329 4277; x_wconf 80' lang='lat' dir='ltr'><strong>Brissou.</strong></span> <span class='ocrx_word' id='word_1_342' title='bbox 2366 4219 2434 4273; x_wconf 89' lang='lat' dir='ltr'><strong>de</strong></span> <span class='ocrx_word' id='word_1_343' title='bbox 2469 4222 2646 4274; x_wconf 78' lang='lat' dir='ltr'><strong>Form.</strong></span> <span class='ocrx_word' id='word_1_344' title='bbox 2681 4221 2787 4288; x_wconf 78' lang='lat' dir='ltr'><strong>vl,</strong></span> 
     </span>
    </p>
   </div>
  </div>
 </body>
</html>
