3050 5004
1205 503 1484 570 NERO.

2262 506 2393 571 213

309 632 647 699 flammata
687 632 846 714 sint,
885 628 1068 723 quod
1108 652 1311 697 saxeo
1346 625 1563 699 muro'
1582 645 1968 699 constructa
2010 647 2220 699 erant.
2268 636 2393 698 Per

303 766 417 810 sex
441 739 588 808 dies
621 756 1016 834 septemque
1037 737 1304 807 noctes⁶
1333 764 1414 807 ea
1441 738 1633 809 clade
1661 744 1969 809 saevitum
1992 758 2118 825 est,
2143 741 2229 810 ad
2256 764 2397 809 mo-

299 866 784 920 numentorum
809 850 1300 946 bustorumque
1331 848 1719 919 deversoria
1750 850 1949 943 plebe
1984 850 2392 944 ⁷compulsa.

299 966 518 1043 Tunc,
560 976 810 1053 praeter
849 962 1256 1029 immensum
1301 983 1664 1029 numerum
1705 960 2106 1044 insularum,
2148 960 2395 1055 domus

299 1074 683 1165 priscorum
719 1069 973 1137 ducum
1001 1087 1339 1153 arserunt,
1377 1068 1735 1138 hostilibus
1762 1070 1988 1138 adhuc
2018 1071 2249 1165 spoliis
2277 1070 2395 1139 ad-

301 1198 587 1265 ornatae,
617 1186 1048 1273 Deos-umque
1071 1178 1250 1247 aedes
1267 1232 1285 1263 ,
1313 1178 1399 1246 ab
1425 1180 1726 1273 regibus,
1754 1206 1843 1257 ac.
1862 1179 2105 1249 deinde
2130 1184 2397 1249 Punicis

303 1308 368 1361 et
391 1292 667 1361 Gallicis
691 1290 884 1359 bellis
909 1308 1082 1359 votae
1105 1289 1564 1385 dedicataeque
1578 1344 1595 1374 ‚
1614 1306 1683 1359 et
1700 1292 2023 1387 quicquid
2041 1292 2395 1361 visendum

301 1418 503 1497 atque
531 1400 967 1469 memorabile
995 1425 1076 1468 ex
1101 1403 1500 1495 antiquitate
1538 1399 1958 1469 duraverat⁸.
1992 1406 2137 1469 Hoc
2166 1404 2394 1469 incen-

302 1510 490 1580 dium
512 1536 550 1579 e
575 1527 762 1579 turre
783 1513 1305 1581 Maecenatiaua9
1326 1526 1787 1605 prospectam,
1805 1510 2135 1608 laetusque
2174 1544 2199 1573 a
2217 1512 2399 1581 flam-

305 1740 484 1793 civitas
503 1741 682 1812 regios
699 1742 848 1813 pavit
876 1752 1136 1812 aspectus.
1165 1742 1306 1795 Hor-

303 1836 388 1871 rea
408 1817 619 1890 quadro.
635 1832 834 1872 structa
857 1819 1060 1891 lapide,
1083 1838 1305 1890 magnae-

305 1918 404 1971 que
421 1898 524 1951 illae
543 1912 780 1952 veterum
807 1899 1019 1967 insulae,
1045 1919 1178 1973 quas
1200 1899 1302 1952 dis-

305 1997 521 2033 currens
541 1980 690 2033 udire
707 1980 918 2033 fluruma
937 2000 1046 2033 uon
1065 1994 1306 2053 poterat,

304 2061 508 2131 magnis
527 2061 813 2126 machinis,
839 2060 1108 2132 quondam
1135 2060 1202 2113 ad
1221 2081 1307 2114 exv

303 2152 454 2192 ternu
475 2137 614 2191 bella
634 2141 969 2211 praeparatis,
984 2138 1308 2192 labefactatae

303 2231 462 2289 atque
487 2218 817 2269 inflammatae
840 2230 962 2270 sunt
977 2256 1008 2283 ‚.
1023 2218 1307 2271 admonu-

302 2310 602 2349 menturum
613 2296 998 2369 bustorumque
1007 2296 1308 2351 deversoria

305 2375 503 2427 infelici
526 2374 684 2447 plebe
711 2375 1005 2448 compulsa.
1033 2400 1055 2424 ι

373 2456 425 2509 6.
467 2454 574 2507 Per
584 2472 672 2509 sex
682 2455 790 2509 dies
804 2465 1095 2528 septemque
1109 2466 1304 2522 noctes,

307 2545 408 2584 etc.
431 2534 604 2586 Tacit.
631 2534 816 2586 Annal.
839 2533 956 2600 XV,
981 2534 1080 2601 4ο,
1114 2557 1136 2581 ι
1151 2535 1308 2588 Sexto

308 2609 524 2664 demum
565 2614 651 2666 die
687 2613 830 2687 apud
875 2615 1006 2668 imas
1047 2601 1310 2686 Esquilias

309 2692 425 2746 finis
443 2692 694 2745 incendio
715 2695 919 2757 factus,
933 2716 955 2740 ι
980 2693 1070 2746 ιὼὶ
1096 2713 1310 2766 compa-

308 2787 390 2826 rat
422 2775 634 2846 Lipsius
657 2775 934 2847 antiquum
964 2772 1228 2847 lapidem,
1256 2775 1311 2826 in

310 2873 445 2925 quo,
471 2853 686 2926 quando
717 2855 844 2907 Urbs
871 2873 968 2926 per
997 2873 1181 2908 novem
1208 2855 1312 2907 dies

311 2935 432 2987 arsit
443 2933 765 2988 Neronianis
777 2935 1106 3006 temporibus,
1122 2948 1172 2987 et
1184 2955 1313 2987 con-

313 3013 456 3065 ciliat
479 3033 601 3066 cum
621 3015 836 3079 Tacito,
858 3015 1001 3086 quod
1023 3013 1110 3068 hic
1134 3017 1313 3086 proxi-

311 3111 394 3145 me
416 3115 440 3140 α
461 3091 701 3144 nondum
721 3095 898 3165 posito
918 3107 1060 3145 metu
1075 3133 1092 3162 ,
1111 3095 1315 3147 rediisse

313 3173 486 3246 ignem
513 3196 535 3221 ιι
576 3171 740 3226 addit.
781 3173 978 3246 Xiphil.
1019 3175 1187 3242 LXII,
1231 3192 1312 3245 17,

315 3265 518 3304 tantum
565 3251 644 3304 e'ae}
683 3251 868 3310 πλιὶους
909 3251 988 3304 καὶ
1028 3252 1199 3321 {pipat-
1234 3253 1317 3306 καὶ

316 3330 479 3388 rainae
507 3331 814 3386 Incendium
839 3332 1058 3386 durasse
1085 3333 1229 3386 dicit.

385 3429 437 3481 7.
476 3411 660 3464 ΛΑΜ..
688 3412 966 3464 deversoria
995 3411 1147 3483 plebe
1176 3431 1316 3464 com-

315 3489 482 3560 pulsa.
505 3489 676 3541 Tacit.
698 3509 746 3541 c.
775 3491 870 3560 39,
903 3512 926 3536 α
941 3487 1191 3541 Solatium
1211 3509 1316 3561 po·

319 3569 444 3640 pulo
466 3568 744 3620 exturbato
761 3584 808 3620 et
826 3569 1054 3640 profugo
1069 3587 1320 3640 campum

317 3649 499 3701 Martis
541 3667 606 3700 ac
657 3662 1000 3700 monumenta
1042 3651 1285 3720 Agrippa.²
1301 3685 1319 3714 ‚

319 3725 502 3780 hortos
533 3728 661 3799 quin
691 3729 844 3778 etiam
876 3747 1001 3780 suos
1039 3727 1319 3798 patefecit,

319 3822 372 3858 et
386 3807 638 3860 subitaria
663 3805 881 3859 aedificia
904 3808 1180 3872 exstruxit,
1207 3825 1320 3879 quae

271 3909 278 3914 ·
319 3885 707 3939 multitudinem
747 3888 960 3958 inopem
989 3889 1320 3958 acciperent,

320 3965 680 4036 subvectaque
713 3964 958 4017 utensilia
994 3965 1062 4016 ab
1091 3967 1238 4018 Ostia
1271 3976 1322 4015 et

319 4047 635 4116 propinquis
653 4045 966 4116 municipiis;
985 4046 1323 4116 pretiumque

321 4123 568 4174 frumenti
587 4124 850 4175 minutum
871 4141 1041 4196 usquc
1059 4122 1128 4176 ud
1148 4135 1325 4174 ternos

323 4221 582 4256 nummos.
605 4227 627 4250 ιι

1445 1743 1494 1795 8.
1511 1742 1714 1795 Tunc...
1726 1752 2013 1796 arserunt...
2024 1740 2397 1814 etquidquid...

1393 1821 1680 1875 duraverat.
1705 1820 1873 1873 Tacit.
1898 1839 1945 1872 c.
1971 1821 2058 1888 41,
2090 1843 2112 1867 ι
2127 1820 2395 1872 Domuum

1393 1910 1448 1951 et
1481 1898 1777 1951 insularum
1806 1912 1859 1949 et
1892 1897 2244 1968 templorum,
2283 1915 2399 1967 quse

1395 1981 1587 2031 amissa
1610 1993 1764 2045 sunt,
1792 1996 2072 2033 numerum
2094 1978 2227 2028 inire
2251 1976 2399 2028 baud

1391 2071 1664 2130 promtum
1698 2058 1886 2120 fuerit-3
1920 2055 2013 2109 sed
2044 2056 2399 2108 vetustissima

1395 2137 1649 2209 religione
1662 2174 1678 2203 ,
1696 2134 1841 2207 quod
1859 2136 2064 2188 Servius
2083 2133 2290 2187 Tullius
2303 2137 2403 2187 Lu-

1395 2236 1501 2282 nae,
1531 2227 1584 2268 et
1610 2234 1801 2286 magna
1824 2234 1915 2267 ara
1940 2216 2259 2285 fanumque,
2282 2230 2399 2286 quoe

1393 2296 1641 2365 praesenti
1654 2293 1871 2345 Herculi
1885 2295 2051 2344 Arcas
2067 2292 2307 2344 Evander
2320 2310 2403 2343 sa·

1395 2388 1660 2441 oraverat,
1694 2373 1937 2445 aedesque
1967 2372 2192 2425 Statoris
2226 2374 2398 2437 Jovis‚

1395 2466 1520 2508 vota
1557 2454 1815 2522 Romulo,
1844 2456 2138 2525 Numaeque
2168 2454 2311 2524 regia
2350 2464 2402 2506 et

1397 2534 1683 2588 delubrum
1695 2537 1864 2586 Vestae
1876 2551 1995 2584 cum
2007 2532 2289 2584 Penatibus
2304 2551 2400 2602 po-

1397 2613 1512 2686 puli
1551 2615 1701 2665 Rom.
1742 2624 1941 2670 exusta.
1971 2612 2089 2662 Jam
2128 2628 2287 2680 opes,
2321 2623 2403 2664 tot

1397 2694 1633 2746 victoriis
1655 2693 1912 2764 quaesitae,
1937 2704 1989 2742 et
2001 2691 2301 2742 Graecarum
2323 2707 2403 2742 ar·

1397 2774 1532 2824 tium
1557 2770 1780 2839 decora,
1806 2772 1925 2822 exin
1958 2781 2301 2822 monumenta
2322 2770 2403 2820 in-

1398 2854 1675 2922 geniorum
1713 2852 1929 2921 antiqua
1968 2861 2021 2900 et
2060 2851 2402 2920 incorrupta;

1402 2933 1641 3004 quamvis
1662 2933 1715 2983 in
1735 2943 1884 2982 tanta
1904 2930 2223 3000 resurgentis
2246 2928 2403 2982 Urbis
2485 2935 2499 2948 '

1399 3009 1795 3084 pulchritudine
1811 3049 1828 3078 ‚
1849 3009 2017 3062 multa
2045 3011 2280 3062 seniores
2300 3029 2405 3062 me—

1401 3093 1674 3157 minerint,
1691 3111 1805 3164 quae
1819 3092 2054 3162 reparari
2070 3089 2409 3162 nequibant.»

1473 3189 1524 3242 9.
1564 3175 1613 3224 E
1634 3183 1769 3224 tum
1787 3170 2171 3224 Maecenatiana
2179 3193 2197 3231 ;
2214 3169 2281 3222 de
2299 3191 2409 3242 qua

1401 3249 1520 3302 vide
1561 3251 1835 3303 Meibomii
1880 3252 2101 3302 Maecen.
2146 3269 2267 3320 pag.
2312 3249 2407 3319 175

1403 3349 1537 3401 seq.;
1562 3333 1755 3383 Donat.
1776 3328 1840 3382 de
1860 3330 2005 3382 Urbe
2026 3331 2177 3381 Rom.
2193 3330 2294 3396 ΙΙΙ,
2314 3329 2409 3392 23;

1403 3408 1629 3461 Nau-din.
1645 3411 1794 3461 Rom.
1815 3410 1934 3460 Vct.
1952 3409 2041 3473 IV,
2058 3425 2106 3458 α.
2126 3409 2413 3479 Exscripsit

1403 3507 1555 3540 more
1584 3505 1681 3540 suo
1707 3487 2017 3538 Suetonium
2045 3487 2296 3552 Orosius,
2322 3490 2413 3558 qui

1405 3565 1441 3618 l.
1472 3585 1520 3619 c.
1559 3588 1581 3612 ι
1600 3563 1761 3633 Quod
1793 3567 1906 3636 ipse
1944 3585 2005 3616 ex
2040 3563 2290 3617 altissima
2324 3565 2410 3618 ina

1405 3645 1784 3698 Moecenatiana
1803 3657 1944 3695 turre
1957 3656 2321 3717 prospectans,
2334 3644 2417 3696 lae-

1411 3739 1601 3798 tusque
1621 3725 1840 3777 flammae
1854 3764 1871 3792 ‚
1886 3739 1945 3777 ut
1963 3724 2139 3778 aiebat
2150 3764 2166 3791 ,
2181 3724 2415 3797 pulchri-

1409 3806 1594 3858 tudine
1608 3842 1625 3873 ,
1652 3807 1853 3876 tragico
1874 3804 2063 3857 habitu
2087 3805 2305 3857 Iliadem
2326 3805 2417 3856 de-

1410 3883 1726 3950 cantabut‚·
1779 3883 2003 3936 Iliadem
2046 3901 2142 3954 per
2184 3901 2416 3936 errorem
2482 3921 2485 3926 -
2562 3897 2567 3900 '

1413 3964 1595 4018 dicens
1619 3985 1717 4036 pro
1744 3963 1954 4016 diverso
1974 3967 2221 4016 carmine.
2250 3965 2417 4036 Prope

1414 4045 1618 4098 accedit
1629 4043 1827 4116 Xiphil.
1845 4045 1984 4096 an
1999 4083 2016 4110 ,
2041 4045 2118 4096 18.
2140 4044 2419 4096 Difficilius

1415 4124 1669 4176 concilies
1696 4143 1818 4176 cum
1848 4122 1932 4175 his
1958 4125 2228 4189 Τειοίωιη,
2254 4126 2340 4196 qui
2372 4143 2419 4175 c.

1417 4204 1513 4272 39,
1553 4205 1662 4254 “Eo
1700 4205 1750 4254 in
1786 4218 2027 4276 tempore
2069 4206 2243 4270 Nero,
2281 4205 2421 4256 Antii
