3050 5004
545 474 665 539 ¹:7²

1290 453 1359 517 C.
1408 452 1877 519 SUETONII

629 578 839 643 XVII.
890 573 1230 681 Adversus
1268 574 1574 643 falsarios
1605 592 1770 643 tunc
1800 580 2095 670 primum
2132 596 2478 673 repertum
2497 636 2514 666 ,
2549 608 2640 651 ne

536 686 815 754 tabulae²
839 740 856 770 ,
885 689 1014 755 nisi
1044 704 1341 781 pertusae
1360 741 1377 771 ,
1411 712 1490 755 ac
1522 704 1629 755 ter
1655 688 1796 756 lino
1819 714 1942 783 per
1969 692 2298 759 foramina
2321 689 2598 785 trajecto
2619 748 2639 776 ‚

538 796 1077 889 obsignarentur.
1128 802 1413 865 Cautum
1442 848 1459 879 ,
1505 816 1584 864 ut
1631 800 1700 865 in
1747 803 2160 867 testamentis
2201 804 2435 893 primae
2484 802 2641 870 duae

538 930 710 974 cerae
729 958 745 989 ,
788 920 1185 975 testatorum
1220 907 1425 975 modo
1460 912 1736 976 nomine
1767 910 2090 1002 inscripto
2109 962 2126 992 ,
2158 932 2390 977 vacuae
2417 914 2643 1003 signa-

538 1021 705 1085 turis
724 1018 1307 1102 ostenderentur²;
1334 1044 1413 1087 ac
1438 1044 1523 1087 ne
1549 1024 1700 1115 quis
1724 1020 1924 1087 alieni
1952 1024 2330 1089 testamenti
2351 1024 2645 1115 scriptor

539 1127 833 1219 legatum
863 1129 987 1198 sibi
1012 1130 1451 1215 ascriberet33
1480 1134 1674 1212 item,
1705 1146 1784 1197 ut
1804 1129 2167 1222 litigatores
2197 1156 2323 1224 pro
2348 1133 2643 1222 patroci-

537 1242 669 1307 niis
710 1258 960 1309 certam
1002 1240 1393 1336 justamque
1436 1240 1889 1325 mercedem„
1937 1265 2061 1334 pro
2107 1241 2443 1309 subsellii-s
2489 1242 2644 1309 nul-

604 1462 769 1514 xvn.
804 1482 850 1516 ι.
882 1464 1125 1527 Tabu1oe;
1154 1478 1542 1519 contractuum.

537 1540 620 1590 Cf.
656 1542 864 1593 Ernest.
900 1544 966 1595 ad
998 1544 1052 1595 h.
1087 1546 1121 1596 Ι.
1158 1558 1209 1597 et
1246 1545 1542 1615 Schulting.

535 1621 565 1670 J
570 1620 834 1691 urisprud.
850 1624 1193 1676 Ante-justin.
1213 1626 1280 1675 ad
1294 1626 1405 1676 haec
1420 1628 1544 1676 Pau-

534 1698 571 1749 li
610 1698 845 1753 Sentent.
880 1705 944 1766 V,
985 1704 1087 1769 25,
1128 1702 1542 1775 «Amplissimus

536 1778 671 1828 ordo
714 1780 974 1846 decrevit,
1018 1800 1105 1831 eas
1148 1782 1388 1845 tabulas,
1427 1801 1542 1853 quae

534 1857 736 1928 publici
762 1859 845 1911 vel
871 1863 1059 1931 privati
1084 1874 1386 1912 contractus
1410 1862 1543 1912 scri-

532 1951 743 2011 pturam
778 1944 1076 2005 continent,
1114 1940 1363 1993 adhibitis
1398 1943 1544 1993 testi-

534 2018 636 2070 bus
663 2022 733 2071 ita
756 2024 980 2091 signari,
1007 2036 1066 2073 ut
1094 2014 1148 2073 in
1172 2040 1377 2072 summa
1404 2040 1543 2072 mar-

534 2100 697 2168 ginis,
728 2098 796 2151 ad
820 2100 1047 2151 mediam
1071 2115 1276 2171 partem
1298 2102 1543 2173 perfora-

535 2190 627 2245 tas,
646 2178 841 2251 triplici
862 2178 971 2231 lino
992 2183 1441 2251 constringantur,
1462 2193 1542 2232 at-

537 2275 640 2327 que
677 2260 985 2330 impositum
1022 2278 1183 2332 supra
1220 2258 1381 2310 linum
1412 2276 1543 2309 certe

536 2341 681 2407 sigua
724 2342 1123 2411 imprimantur,
1160 2352 1219 2391 ut
1258 2341 1541 2391 exteriores

536 2420 805 2490 scriptum
843 2417 1000 2471 fldem
1040 2419 1275 2470 interiori
1313 2430 1540 2469 servent.

534 2497 701 2551 Aliter
736 2497 953 2570 prolata?
981 2495 1111 2550 nihil
1148 2499 1405 2550 momenti
1438 2494 1540 2550 ha-

536 2575 724 2628 bont.»

608 2674 655 2707 2.
700 2661 947 2723 Cannam,
980 2672 1039 2711 ut
1064 2659 1119 2710 in
1150 2660 1539 2712 testamentis...-

536 2734 923 2788 ostenderentur
930 2757 949 2796 ‚·
974 2735 1027 2786 h.
1054 2755 1100 2789 e.
1126 2739 1303 2806 primae
1330 2737 1445 2787 duze
1469 2749 1544 2788 te-

535 2816 780 2866 stamenti
818 2814 1008 2865 tabula:
1050 2833 1078 2864 a
1126 2827 1402 2880 testatore,
1440 2831 1541 2865 suo

534 2892 699 2944 modo
728 2895 951 2944 nomine
974 2894 1231 2964 inscripto
1248 2931 1264 2959 ,
1290 2905 1351 2944 ut
1381 2904 1542 2945 testa-

533 2975 665 3024 toris
696 2971 902 3025 tabulas
938 2991 1059 3024 vere
1090 2989 1205 3024 esse
1234 2985 1501 3026 constaret
1520 3011 1537 3039 ‚

532 3053 841 3125 siqnatun's,
880 3051 933 3102 h.
970 3072 1015 3103 e.
1058 3053 1315 3118 testibus,
1350 3055 1442 3122 qui
1471 3053 1543 3103 si-

532 3135 745 3205 gnaturi
763 3147 967 3200 essent,
988 3153 1163 3185 vacua·
1178 3133 1431 3186 heredum
1448 3153 1541 3185 no-

534 3212 766 3263 minibus
794 3212 1227 3278 ostenderentur,
1254 3231 1386 3284 quos
1415 3231 1540 3265 nos-

534 3311 620 3359 se,
642 3293 857 3354 testium
892 3313 1001 3344 non
1034 3295 1303 3344 intererat.
1328 3293 1388 3343 ld
1417 3311 1542 3344 cau-

535 3385 677 3435 tum,
718 3389 785 3422 ne
822 3385 1013 3436 testes,
1053 3375 1097 3424 si
1127 3375 1539 3443 comperissent,

536 3455 628 3524 qui
650 3451 871 3504 heredes
896 3455 1081 3524 scripti
1107 3467 1281 3506 essent
1298 3491 1313 3518 ‚
1340 3453 1406 3504 de
1437 3452 1542 3504 alio

533 3534 749 3584 nomine
772 3531 1054 3583 inserendo
1076 3533 1384 3601 cogitarent.
1406 3530 1542 3583 Vide

534 3608 751 3662 Salmas.
770 3610 839 3661 de
852 3609 1257 3663 Subscribendis
1272 3622 1321 3662 ct
1334 3612 1544 3679 signan-

535 3689 615 3741 dis
624 3691 779 3742 Testa
786 3691 992 3757 mentis,
1007 3689 1174 3761 Lugd.
1188 3692 1364 3742 Batav.
1386 3707 1403 3741 ι
1414 3691 1479 3759 64
1486 3692 1536 3752 83

534 3766 692 3820 Bach.
728 3773 924 3822 Hister.
963 3773 1187 3841 Jurispr.
1225 3772 1379 3822 Rom.
1412 3789 1535 3841 pag.

534 3847 671 3915 358,
705 3847 789 3900 ed.
826 3848 1164 3901 Stockrnann.

602 3927 656 3978 3.
695 3928 774 3979 Ac
814 3947 881 3980 ne
916 3929 1049 4002 quis.
1072 3969 1082 3979 .
1104 3969 1115 3979 .
1138 3967 1150 3979 .
1177 3927 1405 4002 leyatum
1444 3931 1540 3982 sibi

534 4007 795 4060 ascriberet
804 4030 823 4070 ;
845 4009 987 4080 quod
1009 4027 1039 4060 a
1060 4007 1285 4061 Claudio
1300 4009 1537 4079 Impera-

534 4101 651 4138 tore
672 4085 847 4138 edicto
868 4101 921 4138 et
944 4088 1405 4141 senatusconsulto
1422 4106 1542 4140 san-

537 4167 697 4216 citum
712 4203 729 4232 ‚
747 4179 805 4218 ut
819 4167 1103 4236 juriscons.
1124 4170 1179 4219 in
1194 4163 1421 4239 Digestis
1444 4167 1544 4219 do-

1634 1479 1783 1530 cent,
1814 1466 2097 1537 repetitum
2119 1464 2330 1517 videtur
2351 1482 2382 1516 a
2404 1464 2640 1517 Nerone.

1633 1545 1882 1614 Disputat
1918 1547 1990 1596 ita
2025 1544 2092 1596 de
2129 1542 2235 1595 hoc
2272 1542 2396 1595 loco
2429 1544 2639 1595 Ernest.

1635 1623 1886 1693 singulari
1913 1624 2147 1676 Excursu
2176 1636 2359 1674 contra
2391 1642 2514 1687 eos,
2549 1626 2644 1695 qui

1631 1705 1894 1755 memorie
1927 1704 2134 1775 lapsum
2167 1716 2362 1755 temere
2385 1704 2643 1755 Suetonio

1631 1783 1912 1853 imputant.

1701 1861 1754 1927 4.
1793 1864 1956 1926 Item,
1980 1873 2040 1913 ut
2062 1861 2419 1935 litigatores...
2445 1872 2638 1912 certam

1623 1941 1920 2011 justamque
1973 1937 2260 1993 mercedem
2276 1976 2294 2005 ,
2353 1954 2454 1991 etc.
2499 1940 2642 2009 Lege

1636 2019 1840 2086 Cincin,
1871 2018 1938 2070 de
1971 2038 2077 2091 qua
2102 2033 2290 2091 praeter
2316 2017 2640 2089 singularem

1632 2100 2072 2150 commentarium
2110 2100 2399 2150 Brummeri
2421 2136 2438 2163 ‚
2475 2100 2638 2151 Paris.

1640 2174 1804 2242 1668,
1841 2178 1960 2231 vide
1999 2180 2250 2231 Heinecc.
2294 2182 2418 2231 Ant.-
2457 2180 2537 2244 11,
2578 2196 2638 2249 7,

1635 2252 1662 2324 §
1705 2272 1767 2309 ιο
1797 2274 1908 2327 seq.
1943 2270 1997 2308 et
2026 2256 2184 2309 Baeh.
2213 2276 2336 2329 pag.
2378 2257 2503 2323 146,
2533 2258 2642 2309 lata

1633 2352 1752 2385 ann.
1788 2334 1894 2388 550
1917 2354 1946 2387 a
1971 2338 2045 2387 M.
2079 2336 2262 2389 Cincio
2291 2336 2434 2389 'rs-iba
2465 2336 2638 2409 pleb.‚

1631 2428 1846 2465 cautum
1865 2416 2063 2481 fuerat,
2087 2436 2154 2468 ne
2175 2418 2310 2489 quis,
2344 2418 2406 2469 ob
2429 2436 2642 2489 causan!

1631 2495 1881 2548 orandam
1895 2535 1912 2564 ‚
1927 2496 2124 2549 donum
2139 2515 2390 2549 munusve
2403 2510 2638 2568 caperet,

1633 2574 1796 2647 idque
1847 2578 2214 2628 confirmatum
2273 2577 2340 2628 ab
2395 2579 2637 2646 Augusto

1633 2673 1756 2706 ann.
1781 2657 1913 2726 737,
1939 2670 2156 2708 auctore
2176 2658 2376 2720 Dione,
2395 2657 2526 2720 LIV,
2555 2657 2634 2707 18.

1632 2737 1816 2787 Postea
1830 2774 1848 2801 .‚
1873 2754 2033 2807 quum
2055 2737 2299 2786 renovari
2321 2752 2436 2786 eam
2457 2735 2640 2786 Patres

1631 2813 1956 2884 flagitassent
1977 2851 1994 2880 ,
2044 2818 2366 2883 imperatore
2411 2812 2640 2867 Claudio

1630 2894 1831 2965 (Tacit.
1868 2891 2061 2945 Annal.
2096 2895 2199 2959 xl,
2237 2893 2332 2962 5),
2375 2892 2462 2945 hic
2505 2911 2641 2944 aea-

1629 2973 1839 3046 piendis
1877 2975 2118 3046 pecuniis
2159 2975 2341 3045 posuit
2379 2973 2596 3025 modum
2617 3013 2640 3040 ,

1631 3073 1800 3125 usque
1853 3053 1918 3104 ad
1970 3054 2108 3104 dena
2153 3053 2432 3118 Sestertia.‚
2479 3071 2638 3124 quem

1632 3135 1826 3205 egressi
1871 3132 2280 3206 repetundarum
2331 3143 2642 3186 tenerentur

1631 3212 1830 3282 (idem,
1851 3231 1968 3284 cap.
1991 3213 2068 3283 7).
2087 3213 2289 3264 »Initio
2309 3211 2517 3281 imperii
2536 3210 2642 3261 Ne·

1631 3293 1802 3356 renis,
1829 3292 2058 3344 Senatus
2079 3290 2354 3342 constituit
2384 3311 2405 3334 ιι
2425 3308 2493 3340 ne
2517 3291 2640 3359 quis

1632 3371 1701 3422 ad
1729 3391 1946 3423 causam
1981 3370 2236 3422 orandam
2269 3369 2512 3422 mercede
2545 3381 2640 3420 aut

1633 3451 1787 3502 donis
1812 3462 2078 3502 emeretur
2097 3451 2298 3520 (Tacit.
2325 3451 2462 3500 Ann.
2489 3449 2640 3517 xm,

1635 3527 1723 3600 5),
1743 3551 1764 3576 ιι
1802 3531 2022 3601 pristina
2049 3530 2102 3578 vi
2129 3528 2232 3598 legi
2262 3527 2501 3589 reddita3
2534 3547 2644 3599 po-

1633 3621 1742 3660 stea
1776 3609 2048 3659 Neronem
2087 3607 2154 3659 ad
2185 3605 2394 3658 Claudii
2431 3621 2642 3659 senten-

1633 3689 1758 3738 tiam
1783 3686 2027 3752 rediisse,
2059 3699 2141 3753 et,
2169 3699 2330 3758 quum
2356 3683 2442 3738 ille
2463 3688 2614 3738 termi
2631 3719 2642 3727 -

1629 3783 1758 3817 num
1780 3764 2038 3816 mercedis
2065 3766 2453 3828 constituisset,
2481 3783 2642 3836 quem

1630 3844 1810 3914 egredi
1839 3843 1986 3896 haud
2018 3842 2230 3909 liceret,
2261 3861 2360 3913 pro
2393 3861 2644 3914 unoquo-

1631 3943 1734 3996 que
1771 3943 1963 3994 genere
1999 3941 2170 3975 causae
2201 3934 2401 3973 certam
2433 3939 2643 3972 merce-

1629 4004 1748 4056 dem
1772 4005 2066 4072 deflniisse‚
2091 4023 2152 4056 ex
2176 4003 2298 4055 loeo
2323 4017 2463 4056 nost.
2491 4001 2642 4053 eolli-

1629 4089 1706 4156 git
1728 4090 1964 4151 Ernest.‚
2001 4089 2093 4156 qui
2117 4103 2297 4137 rursus
2323 4084 2391 4136 ab
2424 4103 2637 4149 errore,

1633 4183 1790 4238 quem
1807 4167 2068 4236 objiciunt
2082 4163 2450 4235 jurisconsulti
2465 4177 2516 4216 et
2531 4163 2642 4214 edi—
