3050 5004
1041 462 1684 531 DOMI'PIANUS.

2285 467 2406 545 401

313 600 387 665 in
416 593 537 664 his·
550 593 811 689 aliquot
836 590 1226 659 consulares
1244 639 1263 669 ,
1290 590 1634 656 interemit
1647 589 1705 653 ⁵:
1741 610 1822 654 ex
1851 584 2096 680 quibus
2121 590 2424 657 Civicum

313 702 687 774 Cerialem⁶
728 705 801 770 in
840 705 989 795 ipso
1025 697 1199 768 Asiae
1239 694 1766 791 proconsulatu;
1811 692 2264 763 Salvidienum
2304 700 2422 766 Or-

314 818 583 899 fitum7,
618 814 905 883 Acilium
940 808 1416 881 Glabrionem⁸
1448 808 1521 875 in
1551 807 1818 891 exsilio,
1855 807 2049 901 quasi
2079 807 2424 878 molitores

316 952 653 997 novarum
694 950 959 995 rerum:
1004 938 1265 992 ceteros
1310 921 1646 989 levissima
1689 942 2030 1013 quemque
2066 917 2152 985 de
2189 942 2423 989 causa:

318 1040 567 1108 AElium
595 1040 897 1107 Lamiam
910 1047 962 1119 9,
993 1034 1079 1102 ob
1111 1035 1515 1126 suspiciosos
1546 1027 1821 1125 quidem
1842 1079 1860 1111 ,
1889 1054 2128 1097 verum
2151 1045 2220 1097 et
2245 1049 2427 1101 vete-

318 1148 534 1219 res'et
565 1152 874 1217 innoxios
908 1145 1138 1239 jocos;
1175 1142 1360 1240 quod
1392 1157 1548 1235 post
1573 1140 1936 1208 abductam
1967 1166 2252 1211 uxorem
2283 1142 2428 1212 lau-

321 1262 512 1331 danti
543 1284 780 1329 vocem
818 1284 1012 1327 suam
1031 1311 1049 1342 ,
1086 1274 1312 1331 ιύτακτῶ
1350 1254 1642 1335 dixerat;
1683 1250 2003 1347 quodque
2041 1256 2197 1322 Tito
2215 1308 2233 1340 ,
2271 1255 2430 1324 hor..

322 1375 495 1441 tanti
538 1396 609 1439 se
645 1368 733 1439 ad
769 1370 1062 1438 alteium
1094 1366 1600 1436 matrimonium
1618 1416 1635 1447 ,
1668 1361 2114 1457 responderat
2130 1418 2147 1447 ,
2189 1376 2316 1459 ’0μὴ
2345 1386 2432 1439 aaz

324 1628 575 1681 honesto.
596 1626 769 1698 Impie
788 1626 985 1679 locutm
1007 1638 1084 1679 est
1104 1626 1197 1697 qui
1216 1640 1335 1675 ver-

324 1708 408 1761 bis
456 1707 585 1759 lesit
624 1703 998 1759 verecundiam
1014 1742 1029 1771 ,
1074 1702 1337 1776 majestati

324 1788 585 1859 Principis
629 1786 881 1839 debitam.
924 1786 1007 1837 Cf.
1048 1784 1115 1837 ad
1161 1781 1335 1835 Vitell.

323 1867 389 1935 3,
418 1879 471 1918 et
491 1868 715 1937 interpr.
738 1863 809 1917 ad
830 1863 960 1916 Plin.
988 1867 1241 1935 panegyr.
1275 1879 1294 1914 ι
1312 1878 1329 1912 ι

322 1958 383 1999 ot
401 1946 471 1999 33
486 1984 503 2012 ,
525 1944 645 2013 ubi,
674 1967 696 1991 α
712 1948 832 1998 ,Iam
856 1962 1017 2016 quam
1036 1942 1199 1995 libera
1219 1960 1339 2013 spe·

324 2027 586 2077 <stantium
609 2022 810 2089 studia,
838 2040 999 2093 quam
1018 2038 1239 2075 securus
1262 2022 1341 2072 fa-

322 2109 451 2158 vor!
482 2104 694 2157 Nemini
723 2104 987 2175 impletas,
1019 2116 1079 2155 ut
1102 2100 1336 2167 solebat,

325 2184 545 2257 objecta,
562 2180 711 2255 quod
724 2182 921 2235 odisset
929 2182 1103 2255 gladia
1109 2194 1295 2233 torem.
1304 2218 1315 2231 .
1324 2221 1335 2233 .

326 2262 561 2313 Demens
584 2260 701 2326 ine,
721 2262 937 2331 verique
956 2259 1176 2311 honoris
1195 2261 1341 2332 igna-

326 2358 453 2407 rus,
478 2338 574 2413 qui
596 2340 819 2391 crimina
843 2338 1126 2409 majestatis
1153 2337 1210 2389 in
1233 2355 1341 2388 are-

328 2438 403 2471 na
440 2417 747 2490 colliqebat,
778 2434 856 2467 ac.
874 2454 914 2468 ..
932 2454 944 2466 .
974 2416 1068 2468 sibi
1096 2414 1340 2468 maledici

328 2498 387 2548 t'n
417 2495 527 2550 iuis
555 2494 963 2568 (gladiatoribus
995 2496 1161 2566 suis),
1192 2513 1339 2549 suam

326 2577 684 2643 divinitatem,
708 2595 859 2628 suum
891 2593 1087 2627 numen
1121 2573 1339 2638 violari,

328 2653 805 2728 interpretabatur-3
818 2672 981 2725 quum
990 2673 1041 2707 se
1050 2653 1187 2706 idem
1202 2652 1346 2725 quod

328 2735 497 2801 Deos,
519 2731 661 2786 idem
677 2731 995 2804 gladiatores
1010 2730 1154 2805 quod
1174 2751 1229 2784 se
1252 2750 1344 2802 pu-

326 2813 501 2866 tabat.
523 2835 547 2860 ιι

408 2893 463 2946 5.
485 2891 787 2963 Complures
802 2888 1134 2945 Senatores...
1157 2893 1209 2943 ἰη
1218 2903 1345 2943 tere-

332 2975 453 3027 mit.
495 2974 576 3027 Cf.
618 2972 818 3044 Xiphil.
861 2973 1047 3024 vall
1060 3009 1078 3037 ‚
1121 2971 1181 3038 3.,
1225 2973 1342 3044 qui,

336 3072 385 3106 c.
416 3071 435 3106 1
452 3069 472 3108 t
489 3089 507 3116 ,
530 3052 749 3104 Antonii
773 3050 973 3104 bellum
1001 3051 1152 3104 civile
1182 3050 1347 3122 pluri-

336 3135 438 3186 mis
452 3129 685 3184 caedibus
704 3132 1041 3183 occasionem
1056 3148 1345 3202 ausamque

336 3213 550 3267 dedisse
565 3223 763 3263 narrat.
774 3208 1033 3262 Eumdem
1042 3209 1178 3275 vide,
1195 3229 1245 3261 c.
1264 3228 1283 3262 1
1297 3229 1345 3262 2.

374 3333 379 3340 .
412 3293 463 3345 6.
514 3289 749 3343 Civicum
790 3289 1063 3344 Cerialem.
1101 3291 1183 3342 Ita
1218 3291 1347 3343 scri-

338 3371 546 3444 psimus
562 3407 579 3436 ‚
612 3382 832 3422 auctore
856 3370 1015 3421 etiam
1038 3371 1347 3435 Torrentio‚

338 3469 438 3525 pro
453 3449 599 3522 vulg.
622 3450 849 3502 Ciuicam
868 3446 1149 3512 Cerealem.
1176 3451 1350 3503 Ceria-

341 3531 408 3584 lis
434 3542 487 3584 et
509 3532 565 3581 in
588 3530 765 3582 numis
780 3567 799 3596 ‚
826 3542 879 3581 et
900 3531 957 3580 in
980 3529 1149 3580 Taciti
1172 3528 1347 3595 libris,

338 3611 438 3663 ubi
465 3610 953 3681 frequentissimum
985 3607 1090 3660 hoc
1122 3627 1316 3660 nomen
1333 3648 1349 3675 ‚

340 3692 609 3747 scribitur.
629 3690 859 3744 Ciuicam
878 3703 1055 3742 autem
1074 3689 1223 3741 nullo
1242 3707 1352 3741 mo-

246 3831 253 3838 ,
341 3771 415 3824 do
435 3789 771 3844 concoquere
791 3772 973 3843 potui,
998 3787 1319 3841 quamquam
1334 3808 1351 3836 ,

344 3851 676 3913 substantiva
699 3869 801 3920 pro
822 3849 1125 3901 nominibus
1146 3848 1351 3915 addita,

346 3932 599 3982 evincunt
626 3947 655 3980 e
674 3926 853 3980 Vitell.
885 3925 977 3991 15,
1003 3926 1097 3977 ubi
1115 3926 1354 3978 Vitellius

349 4007 647 4061 Concordioe
664 4025 967 4078 cognomen
992 4007 1255 4076 recepisse
1272 4004 1356 4057 di-

348 4090 505 4142 citur.
534 4087 615 4140 Ibi
641 4091 781 4140 enim
805 4106 889 4140 res
911 4085 1187 4157 singularis
1206 4104 1358 4137 vere-

350 4187 459 4240 que
473 4166 693 4235 ridiqula
705 4181 791 4236 ,·et
811 4167 941 4219 alias
963 4166 1287 4220 substantiva
1303 4168 1357 4218 in

538 4259 633 4323 ΙΙ.

1424 1622 1701 1672 nominum
1731 1618 1959 1672 formam
1991 1618 2336 1687 flectebatur,
2375 1634 2435 1675 ut

1428 1700 1623 1765 Cicero,
1637 1700 1801 1765 Naso,
1817 1698 2098 1766 Lentulus,
2114 1712 2216 1751 etc.
2231 1700 2436 1771 Regnat
2466 1734 2472 1741 ·

1426 1792 1605 1832 tamen
1643 1780 1820 1832 Civica
1855 1797 2154 1850 cognomen
2191 1784 2348 1834 etiam
2380 1784 2436 1833 in

1426 1862 1635 1926 Tacito,
1655 1860 1748 1931 qui
1767 1861 1942 1930 Agric.
1959 1860 2048 1927 42,
2075 1882 2096 1908 ι
2111 1859 2312 1915 Aderat
2322 1865 2438 1934 jam

1428 1958 1628 2006 annus,
1649 1958 1756 2011 quo
1774 1940 2212 2011 proconsulatum
2232 1944 2367 1995 Asiae
2387 1957 2440 1997 et

1426 2021 1618 2072 Africae
1650 2021 1957 2089 sortiretur,
1989 2034 2041 2073 et
2067 2022 2230 2076 occiso
2260 2023 2437 2076 Civica

1428 2118 1612 2174 nuper,
1637 2118 1738 2152 nec
1761 2099 2019 2172 Agricolae
2044 2102 2326 2157 consilium
2352 2105 2440 2157 de·

1428 2193 1570 2243 erat,
1597 2198 1696 2230 nec
1714 2178 2020 2231 Domitiano
2039 2181 2354 2253 exemplum.
2373 2206 2397 2231 ιι

1512 2277 1561 2329 7.
1608 2257 1970 2310 Salvidienum
2018 2259 2260 2332 Orfitum.
2302 2261 2436 2314 Vide

1426 2336 1729 2389 Philostrat.
1742 2336 1920 2426 Apoll.
1934 2338 2048 2401 vn,
2069 2341 2130 2407 14
2147 2377 2165 2405 ,
2176 2353 2226 2391 et
2238 2342 2372 2405 VIII,
2384 2343 2434 2395 3.

1500 2420 1552 2471 8.
1577 2416 1812 2471 Acilium
1835 2417 2168 2471 Glabrionem
2179 2441 2199 2482 ;
2224 2420 2438 2473 Consu-

1430 2496 1537 2548 lem
1573 2515 1696 2550 aun.
1737 2496 1872 2564 844,
1911 2515 2035 2549 cum
2065 2499 2315 2568 Trajano.
2355 2500 2436 2552 Cf.

1429 2577 1631 2648 Xiphil.
1659 2578 1872 2644 LXVII,
1903 2594 1962 2628 12
1989 2591 2042 2629 et
2072 2578 2151 2644 14.
2177 2579 2274 2630 Illo
2303 2592 2442 2633 tem·

1430 2676 1563 2728 pore
1577 2659 1631 2708 in
1649 2657 1888 2709 exsilium
1903 2670 2100 2723 actum,
2121 2667 2174 2710 et
2192 2677 2317 2712 ann.
2336 2661 2442 2727 848

1431 2739 1770 2791 interfectum
1783 2775 1801 2804 ,
1829 2749 1984 2810 putat
2005 2739 2233 2791 Reimar.

1504 2839 1556 2891 9.
1583 2820 1786 2873 AE'lt‘um
1808 2820 2065 2872 Lamiam.
2086 2819 2221 2872 Vide
2245 2839 2365 2894 cap.
2395 2841 2440 2887 ις

1432 2899 1676 2952 Juvenal.
1700 2899 1807 2952 Sat.
1829 2900 1922 2966 IV,
1949 2899 2064 2965 154.
2079 2899 2205 2952 Mox
2226 2899 2448 2956 ιῠσωὸ

1436 2999 1465 3031 e
1490 2993 1748 3050 corrupto
1773 2977 1874 3030 heu
1899 2989 2068 3044 taceo,
2096 2974 2242 3051 quod
2266 2995 2444 3034 ortum

1437 3073 1550 3110 erat
1574 3078 1602 3110 e
1624 3058 1809 3110 Graeco
1833 3057 2032 3112 Latinis
2055 3059 2220 3111 literis
2239 3062 2441 3133 scripto

1434 3149 1666 3206 eutacto,
1691 3137 2006 3210 nullumque
2024 3139 2135 3210 joci
2162 3141 2444 3210 vestigium

1435 3216 1738 3284 exhibebat,
1754 3230 1962 3270 eruerat
1971 3219 2082 3287 jam
2095 3254 2114 3282 ‚
2127 3217 2298 3270 altero
2309 3218 2440 3272 Cod.

1438 3296 1678 3368 adjutus.,
1711 3296 1946 3366 Scaliger
1973 3295 2125 3364 (vide
2158 3295 2448 3368 Casaub.).,

1436 3376 1532 3429 sed
1554 3380 1611 3430 in
1627 3395 1787 3429 sensu
1808 3389 2074 3430 erraverat
2089 3412 2105 3442 ‚
2136 3395 2296 3447 quem
2318 3377 2448 3429 vidit

1434 3458 1671 3510 Gronov.
1697 3455 1904 3510 collatis
1929 3456 2120 3509 AElian.
2137 3459 2288 3510 Varr.
2311 3461 2446 3513 nist.

1436 3541 1533 3603 111,
1553 3539 1651 3602 30,
1673 3550 1725 3589 et
1741 3538 1964 3601 Nostro,
1985 3539 2109 3590 Ner.
2132 3556 2228 3602 20,
2251 3539 2446 3610 quibus

1438 3616 1587 3668 addit
1604 3614 1851 3670 Oudend.
1877 3617 2047 3687 Epict.
2071 3617 2157 3670 35.
2181 3617 2448 3670 Diceban-

1438 3709 1527 3748 tur
1538 3698 1678 3748 enim
1693 3695 1950 3762 εὐτακτεῖν,
1968 3699 2058 3766 qui
2073 3698 2448 3750 conservande

1439 3777 1587 3828 vocis
1612 3793 1776 3828 causa
1804 3776 1949 3826 omni
1972 3773 2194 3827 libidine
2220 3775 2451 3830 abstine-

1440 3853 1603 3920 bant,
1637 3852 1692 3904 id
1721 3851 1898 3922 quod,
1927 3871 1984 3903 se
2014 3871 2226 3925 quoque
2245 3855 2450 3921 faeere,

1442 3951 1542 4003 per
1558 3935 1743 4003 jocum
1767 3934 1948 3984 Lamia
1971 3931 2208 3998 dicebat,
2233 3937 2320 3986 cui
2343 3937 2450 3986 Do·

1446 4014 1694 4066 mitianus
1716 4011 1894 4064 uxoris
1918 4029 2070 4064 usum
2097 4013 2395 4084 eripuisset.

1527 4103 1604 4140 ιο.
1637 4085 1716 4138 Μιί
1737 4087 1816 4138 καὶ
1840 4087 1897 4138 οὐ
1916 4089 2136 4154 yegui-'eeu
2159 4089 2346 4158 θὸλιιςς
2369 4095 2453 4144 in-

1449 4179 1768 4236 terpretatur
1789 4167 2090 4221 Marcilius:
2122 4191 2144 4215 ιι
2165 4171 2304 4222 Num
2325 4184 2376 4222 et
2396 4184 2456 4223 tu

2094 4259 2178 4324 26
