3050 5004
928 728 1313 857 CAII
1416 731 1994 854 PLINII
2093 731 2562 857 VITA.

1556 1063 1923 1100 *-

700 1315 1007 1438 Punms
1036 1362 1412 1439 Ssscuuous,
1448 1360 1974 1424 Novocomensis
1987 1367 2006 1395 ⁸
2023 1409 2044 1441 ,
2081 1360 2506 1452 equestribus
2539 1361 2790 1433 militiis

694 1465 1025 1546 industrie
1044 1469 1317 1536 functas
1332 1519 1349 1550 ,
1370 1467 1876 1559 procurationes
1894 1491 2165 1562 quoque
2183 1468 2788 1561 splendidissimas,

695 1595 899 1684 atque
922 1583 1276 1652 continuas
1297 1632 1317 1662 ,
1350 1601 1616 1646 summa
1649 1581 2026 1670 integritate
2053 1579 2542 1650 administravit
2559 1636 2578 1666 ,
2609 1601 2680 1651 et
2699 1601 2794 1652 ta-

695 1713 859 1770 men
882 1689 1291 1776 ⁴liberalibus
1344 1688 1580 1771 studiis
1628 1704 1886 1756 tantam
1931 1711 2208 1781 operam
2251 1689 2474 1775 dedit,
2526 1709 2606 1759 ut
2651 1717 2790 1762 non

696 1787 951 1882 temere
982 1800 1134 1893 quis
1162 1797 1361 1890 plura
1392 1799 1464 1864 in
1496 1799 1634 1864 otio
1666 1799 2028 1890 scripserit.
2057 1804 2292 1893 ltaque
2319 1798 2498 1868 bella
2527 1805 2789 1884 omnia,

696 1935 850 2008 quae
872 1935 1179 2005 unquam
1199 1933 1357 1977 cum
1380 1912 1732 1976 Germanis
1757 1926 1942 2002 gesta
1967 1927 2154 1992 suut,
2181 1914 2414 2004 viginti
2436 1912 2790 1981 volumini-

694 2020 825 2090 bus
854 2017 1390 2112 ·comprehendit.
1438 2025 1608 2088 Item
1648 2018 1983 2088 Naturalis
2027 2021 2336 2090 Historiae
2379 2023 2649 2115 triginta
2689 2046 2788 2091 se-

696 2145 882 2226 ptem
916 2128 1121 2197 libros
1156 2127 1460 2196 absolvit.
1492 2132 1698 2196 Periit
1728 2127 1920 2196 clade
1945 2135 2346 2224 Campaniae.
2383 2138 2553 2200 Nam
2578 2157 2787 2228 quum

698 2237 1066 2311 Misenensi
1098 2237 1295 2308 classi
1330 2256 1685 2332 praeesset,
1718 2233 2139 2332 etJflagrante
2173 2246 2430 2310 Vesevo
2452 2239 2541 2310 ad
2565 2240 2786 2335 explo-

696 2350 943 2420 randas
967 2352 1245 2443 propius
1262 2371 1509 2418 causas
1541 2347 1900 2423 Liburnica
1919 2349 2404 2440 pertendisset‚
2435 2375 2658 2445 neque
2679 2350 2788 2418 ad-

698 2463 1121 2533 versantibus
1144 2465 1361 2530 ventis
1398 2484 1698 2530 remeare
1731 2477 1988 2553 posset,
2019 2465 2084 2529 vi
2113 2460 2410 2554 pulveris
2439 2487 2522 2532 ac
2549 2461 2786 2531 favillae

698 2598 1064 2670 oppressus
1102 2591 1239 2657 est;
1284 2572 1427 2655 vel,
1471 2590 1548 2641 ut
1584 2569 1862 2667 quidam
1897 2575 2313 2657 existimant,
2356 2600 2399 2641 a
2433 2598 2630 2643 servo
2665 2598 2784 2643 suo

700 2692 961 2757 occisus
981 2740 1000 2770 ,
1028 2710 1234 2780 quem
1250 2740 1269 2770 ‚
1296 2682 1616 2753 deficiens
1639 2700 1810 2763 aestu
1825 2734 1843 2766 ,
1872 2700 1952 2752 ut
1971 2706 2207 2754 necem
2229 2684 2355 2753 sihi
2385 2702 2778 2767 maturaret,

700 2814 1013 2868 oraverit.

776 3039 799 3089 ,ι
811 3059 825 3072 .
836 3020 1045 3075 Plinius
1056 3020 1334 3086 Secundus,
1343 3022 1704 3074 Novocomen-
1790 3022 2140 3087 mecinensis,
2151 3034 2202 3073 et
2211 3021 2360 3090 cujus
2371 3019 2658 3073 avunculus
2668 3018 2776 3069 fuit.

701 3101 791 3167 sis,
811 3112 912 3151 etc.
932 3102 1098 3151 Immo
1121 3100 1437 3153 Veronensis.
1468 3100 1706 3150 Confun-
1789 3097 1936 3150 Idem
1963 3117 2112 3151 error
2135 3112 2216 3150 est
2237 3100 2568 3173 Hieronymi,
2593 3096 2772 3153 chron.

703 3179 849 3233 ditur
875 3198 997 3232 cum
1010 3180 1227 3250 juniore
1250 3180 1449 3245 Plinio,
1474 3181 1569 3239 uui
1590 3182 1704 3232 No-
1789 3176 1984 3229 Euseb.
2009 3176 2101 3228 N‘.
2128 3174 2282 3231 2125.
