3050 5004
1072 524 1576 590 CLAUDIUS.
2252 550 2369 593 ιοι

271 666 566 734 retenta,
603 650 946 720 interdum
977 650 1153 745 pede
1183 649 1643 746 apprehenso,
1676 650 2140 721 detinerent¹².
2168 659 2265 721 Ac
2290 670 2378 722 ne

269 765 380 829 cui
405 760 556 830 haec
586 764 760 829 mira
793 764 962 845 sint,
995 762 1308 853 litigatori
1339 760 1651 831 Groeculo
1682 786 1814 830 vox
1842 764 1909 831 in
1946 758 2379 832 alfei-catione

269 874 550 956 excidit,
589 888 680 944 καὶ
717 888 784 945 σὺ
817 890 974 966 qipa-a
1009 882 1054 945 αἲ
1073 928 1090 961 ,
1133 888 1221 948 καὶ
1253 888 1435 967 pupae.
1474 876 1788 970 Equitem
1824 874 2097 969 quidem
2134 880 2379 951 Roma—

269 1006 438 1051 num
453 1036 472 1065 ‚
499 980 960 1051 obscoenitatis
981 984 1055 1049 in
1077 982 1366 1049 feminas
1389 1002 1584 1051 reum
1598 1036 1617 1067 ,
1644 982 1764 1052 sed
1784 984 1957 1052 fiilso
1980 1002 2047 1053 et
2068 984 2156 1053 ab
2178 988 2385 1079 impo-

269 1094 574 1163 tentibus
615 1094 904 1161 inimicie
939 1090 1225 1163 conficto
1267 1095 1580 1178 crimine,
1622 1098 1781 1163 satis
1824 1111 2089 1163 constat
2107 1148 2124 1178 ,
2164 1118 2381 1191 quum

267 1222 496 1273 scorta
517 1204 864 1271 meritoria
887 1206 1076 1271 citari
1097 1201 1424 1272 adversus
1458 1228 1563 1289 se,
1592 1220 1663 1272 et
1686 1204 1905 1273 audiri
1932 1230 2059 1300 pro
2088 1208 2386 1274 testimo-

267 1320 386 1384 nio
402 1314 694 1399 videret,
717 1312 1078 1409 graphium
1097 1328 1166 1383 et
1181 1314 1446 1385 libellos
1461 1370 1479 1400 ‚
1499 1340 1675 1413 quos
1694 1317 1967 1387 tenebat
1984 1321 2054 1386 in
2078 1316 2349 1387 ¹³manu
2365 1371 2381 1402 ,
2466 1364 2476 1370 -

267 1432 361 1497 ita
389 1454 553 1497 cum
584 1452 834 1522 mag-na
862 1426 1162 1497 stultitiae
1195 1444 1264 1497 et
1289 1432 1561 1500 saevitiae
1598 1430 2113 1523 exprobratione
2143 1428 2384 1524 jecisse

269 1543 340 1607 in
365 1540 611 1607 faciem
637 1538 786 1632 ejus
805 1591 823 1622 ,
847 1556 926 1608 ut
949 1562 1190 1631 genam
1210 1564 1350 1609 non
1373 1539 1613 1611 leviter
1636 1544 2123 1635 perstrinxerit.

363 1654 542 1737 XVI.
591 1652 817 1719 Gessit
844 1664 913 1717 et
937 1662 1326 1719 censuram·
1347 1705 1366 1736 ,
1393 1650 1848 1721 intermissam
1873 1652 1991 1721 diu
2015 1668 2171 1746 post
2194 1653 2384 1721 Plan-

267 1786 434 1831 cum
459 1761 888 1857 Paulumque
909 1766 1314 1831 Censores-²⁴.
1351 1762 1472 1832 sed
1507 1764 1686 1833 hanc
1715 1788 1991 1862 quoque
2020 1764 2387 1859 inaequabi—

267 1873 499 1957 limen-³,
537 1878 862 1968 varioque
899 1890 968 1941 et
1003 1877 1232 1943 animo
1262 1892 1331 1943 et
1365 1894 1632 1945 eventu.
1673 1879 2150 1971 Recognitione
2178 1878 2385 1971 Equi-

269 2003 422 2053 tum
446 1984 776 2080 juvenem
804 1984 1038 2078 probri
1060 1986 1372 2080 plenum,
1405 1988 1527 2056 sed
1551 2012 1756 2085 quem
1782 2004 1975 2082 pater
2001 1987 2387 2081 probatissi-

270 2121 470 2165 mum
507 2097 636 2165 sibi
672 2096 1084 2181 affirmabat,
1123 2100 1270 2167 sine
1299 2102 1669 2192 ignominia
1704 2099 1985 2181 dimisit,
2026 2132 2053 2161 κ
2074 2098 2325 2168 babere
2348 2130 2373 2159 »ι

269 2206 512 2275 dicens
545 2238 575 2267 ι
596 2212 964 2276 Censorem
987 2232 1210 2276 suum.
1238 2241 1267 2270 n
1300 2210 1522 2279 Alium
1542 2265 1559 2294 ,
1584 2209 1985 2305 corruptelis
2006 2209 2388 2279 adulteriis-

271 2342 412 2414 que
434 2318 774 2387 famosum
793 2370 811 2399 ,
841 2317 1331 2412 nihil-amplius
1361 2342 1568 2415 quam
1590 2324 1888 2403 monuit,
1928 2352 1955 2382 α
1976 2338 2053 2389 ut
2077 2330 2197 2389 aut
2228 2344 2384 2413 par-

271 2434 422 2499 cius
447 2427 743 2504 aetatulae
771 2428 1184 2524 indulgeret,
1213 2446 1340 2499 aut
1358 2448 1541 2501 certe
1572 2436 1871 2501 cautius:
1898 2464 1937 2493 n·
1956 2432 2383 2527 addiditque:

281 2573 314 2602 σι
334 2548 566 2629 Quare
587 2544 770 2609 enim
793 2561 920 2634 ego
937 2545 1076 2610 scio
1091 2593 1110 2624 ,
1130 2566 1338 2636 quam
1353 2548 1641 2612 amicam
1660 2543 1949 2611 habeas?
1972 2575 2001 2605 w
2034 2547 2119 2609 Et
2137 2565 2349 2637 quum
2366 2595 2383 2624 ,

271 2653 632 2721 orantibus
659 2652 1134 2736 &miliat-ibus,
1173 2647 1529 2724 demsisset
1556 2655 1823 2722 cuidam
1853 2656 2233 2747 appositam
2262 2679 2383 2722 no-

273 2781 418 2832 tam
434 2817 454 2848 ,
491 2793 524 2824 a
545 2767 780 2831 Litura
803 2780 1063 2849 tamen,
1088 2796 1124 2827 a
1153 2767 1404 2861 inquit,
1445 2797 1471 2826 a
1493 2783 1732 2836 exstet.
1760 2797 1787 2828 ν
1824 2764 2268 2860 Splendidam
2295 2769 2389 2833 vi-

275 2900 433 2943 rum
449 2927 468 2957 ,
513 2877 928 2971 Graeciaeque
972 2875 1398 2969 provinciae4-
1421 2881 1798 2972 principem
1817 2931 1835 2962 ,
1884 2903 2122 2947 verum
2166 2880 2401 2944 Latini.

357 3141 438 3176 n.
475 3123 816 3183 Detinmnt3
844 3120 957 3175 scil.
987 3121 1058 3174 ab
1085 3121 1292 3174 abeun-

277 3205 370 3257 do.
397 3205 509 3275 Qui
527 3203 694 3256 multa
715 3205 863 3276 cupit
883 3202 1031 3255 haud
1051 3221 1293 3258 necessa-

279 3285 357 3338 ria
372 3321 390 3350 ‚
415 3284 570 3338 nde-c
592 3285 768 3336 Bur-m.
794 3283 877 3336 Al.
904 3285 1200 3338 retinerem.

357 3363 441 3417 13.
468 3365 540 3415 In
560 3381 742 3414 manu.
766 3361 1293 3436 Defendit·proeposi·

282 3445 484 3496 tionem
503 3440 760 3514 exemplis
775 3441 1125 3515 Oudendorp.

353 3523 492 3574 XVI.
523 3537 568 3574 ι.
595 3521 760 3574 Gessit
775 3534 827 3575 et
843 3539 1114 3574 censuram
1126 3544 1145 3584 ,-
1165 3541 1288 3575 ann.

283 3603 390 3656 800
405 3639 424 3666 ,
455 3601 660 3654 Consul
684 3621 806 3654 cum
833 3603 893 3654 L.
917 3603 1152 3654 vitellio.
1187 3605 1295 3658 Ta·

284 3687 372 3737 eit.
397 3685 473 3737 XI
491 3723 510 3750 ‚
539 3683 639 3747 13,
671 3705 694 3730 ι
715 3679 996 3736 Claudius.
1013 3723 1025 3735 .
1043 3721 1054 3735 .
1071 3721 1082 3734 .
1112 3687 1292 3736 munia

284 3765 540 3818 Censoria
561 3781 844 3834 usurpans.
866 3787 892 3812 1·
919 3765 1000 3816 cf.
1022 3763 1152 3828 Dio,
1173 3763 1292 3831 Lx,

289 3861 381 3915 29,
405 3843 606 3896 etPlin.
622 3845 687 3895 Η.
703 3843 771 3896 Ν.
787 3845 865 3910 X,
883 3861 910 3894 2
925 3881 944 3909 ,
964 3846 1056 3918 qui
1071 3841 1291 3912 diserte,

291 3944 316 3968 ιι
331 3919 543 3976 01ωάὶί
572 3922 834 3992 Principis
855 3937 1114 3988 centurn,
1147 3937 1294 3973 anno

289 4001 442 4053 Urbis
455 3999 656 4053 DCCC.
673 4023 698 4048 a·
712 3999 902 4052 Eumd.
917 3999 1036 4054 vide
1045 3999 1294 4066 XXXIII,

297 4098 314 4131 ι
336 4081 450 4152 (7).
479 4079 566 4132 Ad
577 4099 696 4134 eam
711 4081 872 4133 refert
885 4080 1136 4151 Scaliger,
1149 4080 1296 4152 quod

290 4161 479 4213 Euteb.
497 4163 552 4213 in
568 4159 767 4214 Cbron.
785 4161 856 4213 ad
873 4179 1020 4214 num.
1035 4161 1295 4226 ΜΜΒΧΙ,

297 4261 320 4284 ιι
351 4240 720 4313 Descriptione
774 4241 954 4294 Rom
1006 4241 1156 4294 facta·
1195 4237 1295 4294 snb

1381 3123 1607 3181 Claudio
1628 3127 1843 3179 inventa
1867 3139 1990 3180 sunt
2014 3127 2205 3176 civium
2230 3127 2386 3176 Rom.

1379 3201 1590 3258 vam
1632 3219 1896 3272 centena,
1937 3206 2099 3258 XLIV
2146 3203 2327 3256 millia.
2360 3228 2382 3250 κ

1381 3283 1464 3336 Cf.
1491 3285 1641 3355 Pigh.
1672 3299 1801 3338 tom.
1828 3287 1925 3348 111,
1952 3303 2005 3354 p.
2035 3283 2157 3354 577.

1456 3379 1506 3416 2.
1543 3365 1957 3417 Intermissum...
1985 3373 2105 3436 post
2124 3361 2412 3414 Plancum-

1381 3442 1719 3515 Paulumque
1734 3443 1998 3503 cmm-es,-
2017 3459 2142 3493 ann.
2162 3441 2285 3510 7³²·
2306 3441 2387 3493 cf.

1381 3521 1544 3575 Dion.
1564 3525 1697 3591 LIV,
1722 3541 1751 3575 2
1772 3543 1784 3572 :
1803 3521 1937 3576 vell.
1964 3523 2041 3586 Π,
2066 3520 2153 3592 95.
2178 3521 2257 3572 De
2275 3521 2387 3571 Au—

1379 3605 1520 3674 gusti
1552 3613 1603 3656 et
1631 3604 1849 3655 omnino
1878 3602 2181 3673 Principum
2210 3617 2395 3652 censu-

1382 3699 1475 3746 ra,
1517 3678 1601 3731 vel
1637 3682 1937 3752 magisterio
1974 3697 2187 3730 morum
2206 3715 2223 3745 ‚
2271 3677 2390 3730 vide

1383 3779 1498 3834 quo
1524 3761 1835 3834 collegimus
1858 3757 1927 3812 ad
1950 3761 2173 3831 August.
2202 3773 2289 3828 ²7·

1456 3842 1507 3894 3.
1556 3840 1965 3914 Inoequabilt'ter.
2008 3842 2087 3891 Ita
2130 3837 2390 3890 edidimus

1385 3938 1508 3971 cum
1546 3919 1827 3988 Oudend.‚
1864 3917 1998 3973 Cod.
2036 3917 2256 3970 Scimus.
2300 3931 2392 3968 au·

1384 3999 1663 4065 ctoritate,
1707 4011 1761 4050 et
1797 3997 1869 4050 ob
1905 3996 2081 4048 locum
2124 3992 2281 4046 Galb.
2326 4011 2391 4063 9,

1385 4080 1477 4131 ubi
1519 4080 1645 4131 item
1664 4119 1680 4142 ‚
1723 4078 1869 4132 varie
1904 4089 1956 4130 et
1995 4074 2389 4148 inaequabiliter.

1383 4157 1561 4229 Vulgo
1576 4195 1593 4222 .,
1616 4156 1961 4228 {aequalitem

1457 4238 1506 4304 4.
1553 4237 1865 4310 Groecioeque
1885 4233 2211 4310 provincioe3
2247 4231 2301 4284 h.
2344 4253 2391 4283 e.
