3050 5004
1011 485 1362 555 cALIGn
1382 487 1520 551 LA.
2232 510 2318 578 27

207 637 480 709 quorum
515 634 826 707 operum
853 636 900 679 a
940 635 1329 681 successore
1366 610 1514 707 ejus
1540 610 1824 681 Claudio
1850 612 2138 682 alterum
2166 637 2325 708 per-

213 744 422 795 actum
439 778 458 809 ,
495 728 846 793 omissum
883 723 1178 793 alterum
1213 722 1380 793 est3.
1421 726 1767 817 Syracusis
1804 723 2102 818 collapsa
2138 742 2325 793 vetu-

216 856 372 905 state
401 840 652 905 moenia
678 890 698 917 ,
737 840 1180 930 Deorumque
1213 834 1396 904 aedes
1437 835 1727 903 refectae.
1764 838 2230 904 Destinaverat
2257 852 2325 902 et

213 951 382 1017 Sami
421 944 838 1040 Polycratis‘*
879 948 1136 1036 regiam
1175 948 1531 1015 restituere
1552 998 1569 1027 ,
1616 933 1830 1020 Milet'i
1872 942 2323 1038 ⁵Didymeum
2424 966 2429 971 ·

213 1082 530 1151 peragere
547 1110 564 1137 ‚
588 1059 660 1124 in
680 1053 852 1149 jugo
871 1055 1144 1149 Alpium
1167 1056 1408 1123 urbem
1430 1054 1721 1128 condere
1738 1107 1755 1137 ,
1780 1054 1899 1123 sed
1918 1072 2073 1123 ante
2096 1055 2323 1123 omnia

215 1167 548 1237 Isthmum
577 1170 646 1234 in
677 1166 926 1233 Achaia
943 1163 1297 1259 perfodere
1312 1163 1377 1251 6;
1403 1169 1813 1261 miseratque
1834 1162 1978 1259 jam
2000 1162 2087 1232 ad
2110 1163 2324 1233 dime-

214 1279 512 1349 tiendum
539 1302 718 1371 opus
749 1276 1258 1371 primipilarem.

295 1396 453 1459 xxl
461 1394 488 1457 I
496 1442 512 1457 .
566 1396 912 1457 Hactenus
935 1392 1130 1484 quasi
1153 1388 1238 1456 de
1263 1391 1573 1483 Principe
1592 1386 1613 1456 ε’
1640 1388 1900 1484 reliqua
1924 1405 2005 1457 ut
2025 1389 2110 1458 de
2136 1412 2327 1459 mon·

213 1520 344 1571 stro
375 1501 730 1571 narranda
759 1516 940 1570 sunt.
968 1498 1446 1593 Compluribus
1481 1501 2028 1593 cognominibus¹
2068 1525 2325 1569 assum-

213 1616 290 1681 tis
325 1620 532 1699 (nam
571 1628 642 1679 et
667 1616 896 1696 PmS,
929 1626 1000 1679 et
1032 1614 1561 1681 cASTRORUM
1596 1615 1916 1695 F1L1US,
1947 1628 2014 1679 et
2044 1616 2323 1679 PATER

213 1727 800 1791 EXERCITUUM
821 1775 838 1806 ,
887 1740 955 1789 et
1000 1724 1390 1791 OPTIMUS
1432 1726 1844 1792 MAXIMUS
1886 1727 2173 1792 CAESAR
2204 1746 2323 1792 vo·

211 1834 560 1922 oebamr),
591 1858 809 1930 quum
835 1834 1102 1902 audiret
1129 1834 1306 1901 forte
1337 1858 1531 1926 reges
1552 1851 1577 1881 ²
1594 1886 1611 1917 ‚
1641 1838 1761 1929 qui
1784 1833 1986 1904 officii
2017 1858 2221 1903 causa
2253 1838 2325 1903 in

215 1947 466 2017 Urbem
495 1947 924 2016 advenerant
941 2000 958 2030 ,
988 1960 1452 2014 concertantes
1487 1945 1673 2039 apud
1710 1972 1783 2017 se
1822 1971 2030 2040 super
2064 1971 2323 2017 coenam

215 2058 290 2127 de
319 2059 682 2129 nobilitate
709 2059 975 2151 generis
995 2110 1013 2141 ,
1043 2056 1441 2125 exclamavit
1459 2109 1477 2140 ,
1507 2069 1599 2139 Εἷς
1629 2066 1891 2153 κοίρανος3
1926 2071 2088 2147 ἔστω,
2128 2070 2198 2139 εἷς
2226 2076 2323 2153 βα-

215 2193 393 2257 σιλεύς.
433 2180 584 2243 Nec
611 2172 907 2242 multum
929 2172 1144 2240 abfuit
1161 2224 1178 2254 ,
1219 2172 1381 2266 quin
1409 2175 1633 2239 statim
1656 2170 1965 2241 diadema
1989 2188 2288 2241 sumeret
2305 2223 2323 2254 ,

216 2288 649 2379 speciemque
689 2278 1150 2377 principatus‘*
1187 2282 1259 2347 in
1305 2284 1494 2373 regni
1542 2282 1834 2350 formam
1878 2297 2319 2351 converteret.

213 2537 356 2592 dium
363 2540 550 2610 operis
563 2537 804 2590 inchoati
821 2557 850 2590 a
862 2538 991 2590 Caio
1001 2538 1221 2605 Caesare,

211 2619 478 2689 etpcracti
495 2637 528 2669 a
543 2617 791 2670 Claudio.
807 2619 1023 2690 Quippe
1039 2638 1068 2671 a
1083 2616 1221 2689 lapi-

209 2696 278 2748 de
293 2695 710 2768 quadragesimo
728 2696 798 2748 ad
819 2716 936 2749 eam
957 2696 1224 2750 excelsita-

211 2790 312 2828 tem
328 2815 349 2842 ‚
377 2790 436 2828 nt
454 2779 514 2828 in
536 2794 724 2829 omues
747 2775 908 2828 Urbis
927 2791 1134 2829 montes
1153 2775 1226 2829 le·

211 2869 460 2908 urentur
478 2894 497 2921 ,
537 2854 796 2907 influxere
824 2857 1036 2908 Curtius
1063 2870 1224 2929 atque

213 2933 474 2988 (letalem
519 2935 713 2986 fontes.
751 2935 1040 3005 Erogatum
1076 2937 1132 2988 in
1169 2937 1223 2989 id

213 3031 342 3085 opus
363 3013 466 3066 HS.
487 3013 598 3064 Lv.
615 3015 681 3066 D.
699 3037 722 3061 ιι
745 3015 829 3068 cf.
847 3015 915 3067 ad
931 3016 1116 3068 Claud.
1135 3034 1218 3068 20.

275 3095 328 3146 3.
357 3095 630 3148 omissum
653 3093 876 3146 alterum
902 3105 974 3148 est
985 3117 1005 3157 ‚-
1029 3113 1224 3168 nempe

211 3171 698 3246 Amphitheatrum.
775 3174 1028 3228 Claudius
1083 3178 1222 3229 enim

211 3271 374 3324 opera
429 3253 618 3323 potius
671 3255 972 3307 necessaria
993 3293 1010 3322 ‚
1061 3273 1223 3327 quam

211 3333 372 3386 multa
404 3334 652 3405 perfecit.
681 3335 868 3388 Claud.
898 3353 982 3386 20.

271 3411 326 3480 4.
371 3413 709 3484 Ροζγσναείες
737 3413 804 3466 de
833 3433 944 3487 quo
973 3412 1091 3466 vide
1117 3415 1224 3467 He-

207 3491 386 3543 roden.
415 3493 492 3543 III
508 3531 526 3558 ‚
555 3491 626 3560 39
649 3511 760 3565 seq.

275 3573 330 3625 5.
389 3570 580 3624 Mileti
617 3573 935 3643 Didymeum
956 3594 976 3634 ‚·
1016 3569 1071 3624 id
1107 3584 1223 3640 est,

207 3647 476 3721 Apollinis
517 3649 762 3722 Didymei
805 3648 1036 3723 (Apollo
1081 3652 1224 3704 Διδυ-

203 3721 342 3784 μιῖος
379 3739 450 3773 an
489 3719 720 3786 Διθυμοῦς
753 3725 952 3776 rectius
983 3722 1223 3792 dicatur,

209 3799 324 3852 vide
349 3799 716 3871 disputantem
745 3803 950 3854 Ernest.
982 3802 1050 3854 ad
1079 3801 1223 3856 hunc

207 3877 423 3941 loe-:zu
459 3879 516 3931 id
539 3893 744 3932 certum
765 3920 783 3949 ‚
811 3880 1066 3953 templum
1096 3884 1224 3933 scri-

211 3957 448 4012 bendum
489 3961 811 4031 Didymeum
828 3999 846 4028 ,
899 3981 1009 4013 non
1055 3963 1224 4032 Didy-

211 4055 400 4091 meum
416 4078 437 4105 ‚
467 4051 528 4090 ut
551 4036 880 4093 Mausoleum
895 4078 913 4107 ,
946 4040 1188 4094 Museum
1203 4079 1220 4106 ,

217 4118 454 4185 (Mam,
495 4119 632 4188 etc.)
671 4119 962 4190 templum,
1002 4119 1225 4171 oraculo

213 4197 438 4252 celebre.
469 4199 550 4252 Cf.
579 4198 926 4272 Stephanum.
959 4199 1223 4254 Describit

1313 2535 1571 2606 templum
1598 2536 1819 2604 Strabo,
1846 2537 1995 2603 XIV,
2026 2555 2044 2588 ι
2064 2574 2079 2602 ,
2112 2536 2172 2601 5,
2202 2536 2327 2604 ubi,

1310 2610 1504 2679 &tipum
1525 2615 1576 2668 si
1592 2613 1733 2683 χωρὶς
1753 2614 1913 2684 ὄροφῗὶς
1932 2613 2015 2667 διαὶ
2030 2612 2084 2667 ‘ri
2098 2614 2327 2684 μίγιθος,

1313 2695 1457 2747 unde
1489 2715 1739 2770 peragere
1770 2695 1903 2749 illud
1932 2695 2103 2749 voluit
2134 2697 2327 2764 Caius,

1313 2773 1406 2828 sed
1446 2775 1655 2828 honore
1690 2775 1816 2829 aedis
1852 2778 1906 2828 in
1942 2795 2000 2831 se
2032 2775 2322 2829 translatez

1315 2855 1459 2908 conf.
1491 2857 1680 2908 Dionis
1704 2855 1916 2923 locum,
1947 2877 2105 2930 quem
2131 2875 2193 2908 ex
2218 2857 2327 2908 Ex-

1314 2947 1481 3006 cerpt.
1503 2937 1728 2989 Peiresc.
1750 2935 1889 2990 libro
1908 2939 2024 2990 LIX
2039 2977 2055 3004 ‚
2078 2957 2199 3009 cap.
2228 2937 2325 3003 28,

1313 3015 1547 3065 restituit
1569 3017 1965 3068 recentissimus
1988 3016 2180 3069 editor.

1385 3093 1436 3146 6.
1459 3093 1800 3148 Isthmum....
1822 3096 2097 3169 perfodere
2110 3117 2130 3157 ‚-
2155 3112 2326 3146 exem·

1312 3171 1404 3244 plo
1425 3173 1663 3226 Caesaris.
1689 3175 1846 3226 Conf.
1869 3172 1937 3227 ad
1953 3175 2142 3226 Caesar.
2164 3173 2250 3240 44.

1383 3259 1547 3310 XXII.
1594 3277 1637 3312 t.
1673 3260 2029 3335 Compluribus
2052 3260 2323 3332 cognomi-

1314 3339 1492 3406 nibus,
1522 3351 1622 3390 etc.
1653 3340 1809 3392 Conf.
1838 3341 1969 3406 Dio,
1993 3341 2139 3402 LIX,
2163 3339 2214 3392 3.

1388 3435 1436 3469 2.
1475 3419 1666 3490 Re9e55
1694 3421 1979 3492 Agrippam
2005 3417 2246 3472 Judaeum
2274 3432 2327 3472 et

1313 3495 1636 3548 Antiochum
1677 3499 2095 3570 Commagenum
2128 3497 2325 3551 intelli-

1312 3576 1389 3646 δὴ
1413 3575 1643 3627 Casaub.
1670 3589 1829 3648 atque
1852 3597 1945 3631 eos
1977 3577 2195 3630 affuisse
2224 3577 2327 3629 Ca-

1312 3651 1517 3724 IIgulae,
1557 3651 1707 3724 ὅπερ
1742 3653 1871 3714 τινὰ·
1901 3653 2328 3726 συριννοδὶδὶισιᾶ-

1312 3747 1448 3800 κους,
1477 3745 1703 3788 testatur
1729 3738 1861 3803 Dio,
1886 3737 2034 3804 LIX,
2061 3736 2145 3803 24.

1385 3819 1440 3871 3.
1463 3813 1539 3877 Εἷς
1558 3823 1757 3892 κοίρανος
1772 3862 1788 3891 ‚
1812 3840 1912 3878 etc.
1934 3827 2147 3877 Homer.
2174 3823 2325 3878 Iliad.

1311 3899 1393 3966 11,
1420 3899 1554 3966 204:

1311 3974 1420 4024 Οὔκ
1440 3973 1641 4060 forasti!
1667 3978 2002 4046 πολυκοιρανίη·
2039 3969 2098 4032 οἱ·
2128 3981 2327 4044 κοίρανος

1437 4063 1584 4108 οπο,

1315 4107 1389 4169 Εἷς
1406 4119 1645 4178 βασιλεύς.

1388 4201 1439 4268 4.
1478 4205 1709 4274 Speciem
1742 4201 2101 4274 principuus,-
2140 4203 2325 4274 splen-
