3050 5004
1190 504 1469 572 NERO.

2259 508 2383 573 183

290 636 461 703 muri
484 646 501 675 ¹
528 686 547 717 ,
584 651 667 702 ut
699 655 845 701 mos
883 632 1382 701 hieronicarum
1422 647 1547 700 est.
1585 630 1794 700 Simili
1825 630 2032 699 modo
2069 633 2381 716 Antium,

286 746 439 815 inde
466 745 839 829 Albanum,
864 743 1023 813 inde
1062 746 1366 811 Romam.
1407 740 1538 811 Sed
1575 759 1645 809 et
1685 746 1966 809 Romam
2013 765 2094 809 eo
2135 767 2380 827 curru,
2437 794 2466 805 s

287 882 420 953 quo
446 865 794 950 Augustus
819 855 981 924 olim
1002 854 1566 948 triumphaverat,
1593 857 1752 923 etin
1773 870 1960 921 veste
1981 863 2386 948 'pur-pure&

286 970 737 1064 distinemque
767 967 975 1037 stellis
1003 970 1227 1035 >aureis
1256 966 1614 1059 chlamyde
1631 1018 1650 1049 ‚
1685 990 2141 1060 coronamque
2173 969 2390 1058 capite

286 1102 527 1171 gerens
562 1078 1031 1172 Olympiacam
1052 1130 1069 1161 ,
1108 1077 1343 1145 dextra
1370 1094 1581 1143 manu
1616 1076 1926 1169 Pythiam
1947 1074 2006 1159 ³,
2041 1094 2390 1169 praeeunte

286 1212 539 1283 pompa
582 1187 1008 1258 ceterarum4
1044 1212 1205 1255 cum
1242 1187 1485 1271 titulis,
1533 1186 1740 1269 «uhi,
1767 1218 1795 1249 n
1846 1202 1914 1253 et
1952 1208 2208 1281 e·quoS‚
2251 1210 2389 1281 quo

287 1303 676 1369 cantionum
704 1354 722 1384 ‚
798 1322 1019 1395 quove
1076 1298 1461 1367 fabularum
1535 1315 1938 1391 argumento
1999 1300 2312 1381 vicisset3
2352 1330 2384 1360 κ

288 1412 726 1508 sequentibus
782 1434 1058 1480 currum
1100 1413 1449 1479 ovantium
1496 1413 1634 1477 ritu
1687 1409 2116 1503 plausoribus
2137 1462 2155 1491 ,
2203 1440 2232 1471 ει
2257 1415 2390 1477 Au-

290 1525 636 1614 gustianos
658 1576 675 1605 ,
722 1521 1103 1616 militesque
1154 1544 1227 1588 se
1277 1522 1606 1613 triumphi
1653 1518 1836 1613 ejuS,
1863 1551 1888 1581 υ
1947 1520 2390 1599 ⁵clamitanti-

290 1632 437 1701 bus.
486 1632 787 1715 Dehine,
826 1630 1053 1699 diruto
1081 1632 1255 1699 Circi
1290 1634 1564 1701 maximi
1599 1628 1837 1713 arcu⁶,
1869 1652 1995 1723 per
2025 1628 2394 1697 Velabrum

352 1824 520 1879 XXV.
545 1842 565 1877 1
580 1866 591 1877 .
608 1826 834 1897 Disiecta
844 1838 999 1899 parte
1012 1826 1170 1891 muri,
1190 1838 1292 1878 etc.

290 1905 367 1957 cf.
387 1903 593 1975 xiphil.
614 1906 800 1969 LXIII,
822 1922 911 1957 πο.
933 1908 1165 1977 Agones,
1182 1908 1296 1976 qui-

291 1981 386 2036 bus
420 1983 509 2035 hic
555 1983 889 2036 tribuebatur
926 1984 1127 2051 honor,
1165 1984 1298 2035 dicti

290 2062 408 2116 inde
444 2062 707 2117 iselastici.
743 2063 881 2117 Vide
913 2065 1187 2135 Bulenger.
1228 2062 1297 2116 de

290 2143 471 2208 Circo,
500 2162 619 2215 carp.
658 2143 755 2211 55,
790 2158 841 2197 et
868 2144 1023 2198 Febr.
1055 2146 1296 2217 Agonist.

290 2223 361 2290 11,
394 2238 478 2274 ιο.

359 2319 409 2353 2.
449 2300 526 2352 Et
542 2302 601 2352 in
624 2312 759 2354 veste
767 2319 1053 2374 pamm-ea.
1073 2304 1197 2355 Non
1212 2301 1300 2355 de-

292 2379 503 2433 leu‘dnm
519 2379 705 2450 judico
722 2398 844 2433 voc.
862 2394 995 2435 veste
1009 2398 1129 2433 cum
1146 2384 1294 2453 Lips.

292 2458 357 2510 ad
376 2458 551 2510 Tacit.
576 2458 770 2510 Annnl.
792 2458 940 2525 XIV,
972 2474 1059 2526 21,
1084 2470 1135 2510 et
1148 2460 1295 2527 ‘Tor-

292 2538 474 2589 tentio.
503 2537 667 2590 Vestis
693 2551 771 2590 est
797 2535 945 2602 χιτάν
979 2537 1127 2608 (Itali
1157 2537 1298 2589 dico·

292 2630 405 2670 rent
424 2617 477 2669 Ia
502 2616 826 2688 sottoveste),
844 2619 931 2670 cui
956 2616 1301 2688 superindue·

292 2693 451 2749 batur
475 2693 671 2762 χΑιμὺς
696 2695 784 2766 (Ia
812 2695 1143 2768 suprave-ste).
1166 2695 1299 2748 vide.

296 2795 407 2848 quse
430 2777 501 2829 de
531 2775 829 2830 Commodo
848 2775 1050 2847 xiphil.
1080 2775 1299 2840 LXXII,

302 2873 377 2928 17.
404 2855 565 2910 Haud
600 2870 743 2908 recte
775 2855 1040 2909 Waltber.
1078 2856 1300 2908 Observ.

296 2955 345 3008 p.
360 2935 443 3003 25,
455 2949 655 2990 vestem
666 2935 886 3006 intelligi
898 2954 1005 2988 non
1018 2953 1175 3006 posse
1186 2953 1304 2986 cen·

297 3029 397 3082 set,
424 3017 529 3068 nisi
564 3017 621 3067 in
650 3016 983 3080 universum,
1010 3015 1096 3066 cni
1126 3027 1302 3066 tamen

298 3097 553 3151 assentior
569 3131 588 3159 ,
607 3113 798 3165 quum,
814 3092 1144 3166 chlamydem
1162 3112 1302 3164 quo-

296 3191 399 3244 que
424 3191 755 3246 purpuream
788 3173 981 3240 fuisse,
1020 3174 1299 3225 existimat.

362 3255 415 3308 3.
458 3258 821 3328 coronamque
825 3293 968 3307 .....
1014 3253 1301 3324 Pythiam

294 3333 661 3407 Olympiacam
700 3332 1025 3405 oleaginum,
1060 3333 1301 3405 Pythiam

292 3409 527 3465 lauream
544 3429 754 3482 gerens.
774 3413 855 3463 lta
880 3410 1074 3463 diserte
1096 3410 1299 3482 Xiphil.

292 3493 483 3557 LXIII,
510 3507 597 3543 πο.

364 3570 414 3637 4.
458 3571 733 3622 Proeeunte
763 3587 963 3642 pompa
997 3579 1299 3620 ceterarum.

294 3648 430 3701 Male
450 3647 518 3701 al.
546 3659 859 3712 ceter-omna,
888 3661 941 3700 et
964 3649 1113 3719 pejor
1133 3660 1305 3701 trans-

296 3730 492 3798 positio
509 3727 817 3792 Burmanni,
842 3749 863 3772 a
878 3740 1149 3799 praeeunte
1162 3745 1305 3798 pom-

298 3826 362 3877 pa
398 3825 525 3858 cum
564 3819 865 3858 ceterarum
908 3806 1100 3871 titulis,
1124 3829 1145 3851 a
1190 3823 1304 3877 quae

300 3885 589 3936 orationem
620 3883 869 3936 claudam
900 3883 1077 3935 reddit
1096 3897 1149 3935 et
1170 3903 1201 3935 a
1225 3903 1305 3937 ne·

298 3962 612 4033 queuntibus,
643 3979 761 4033 qnae
784 3975 1155 4032 argumentum
1177 3965 1305 4014 titu-

298 4039 469 4093 lorum
504 4042 873 4112 subjungunt,
907 4039 1303 4094 abhorrentem.

302 4121 595 4174 Ceterarum
643 4119 813 4173 intell.
859 4138 1202 4188 coronarum,
1248 4133 1309 4172 ut

298 4217 491 4274 pompa
515 4217 827 4256 coronarum
854 4203 919 4253 sit
939 4219 1137 4273 pompa
1161 4218 1310 4252 eoro-

1380 1844 1480 1878 nas
1498 1828 1849 1896 gestantium,
1869 1835 2024 1875 sueto
2045 1840 2172 1889 usu,
2195 1823 2262 1876 de
2283 1844 2392 1896 quo

1384 1904 1505 1957 vide
1518 1904 1768 1958 Oudend.
1787 1906 1865 1957 De
1884 1922 1942 1955 re
1961 1902 2160 1973 xiphil.
2183 1903 2283 1956 loc.
2302 1908 2394 1959 cit.

1458 1985 1507 2037 5.
1547 1984 1942 2057 Sequentibus...
1983 1982 2390 2039 clamitantibus.

1386 2062 1467 2114 Cf.
1491 2062 1689 2134 xiphil.
1709 2062 1745 2114 l.
1763 2082 1812 2114 c.
1829 2064 1910 2114 De
1923 2060 2261 2133 Augustianis
2273 2062 2394 2115 vide

1382 2140 1565 2195 locum
1583 2141 1786 2213 Xipltil.
1807 2141 1922 2192 Lx!
1935 2180 1952 2208 ,
1980 2158 2072 2203 πο,
2095 2140 2394 2193 *iudicatum

1386 2240 1550 2291 supra
1580 2242 1626 2274 c.
1666 2240 1759 2288 20,
1793 2221 1862 2273 ad
1889 2220 2003 2272 haec
2043 2222 2311 2285 Suetonii,
2345 2234 2399 2273 et

1382 2302 1616 2373 quinque
1637 2300 1865 2371 amplius
1887 2298 2062 2351 millia
2074 2338 2091 2365 ‚
2118 2314 2219 2351 etc.
2241 2299 2396 2352 Adde

1383 2382 1554 2433 Tacit.
1570 2380 1717 2446 xw,
1743 2378 1832 2444 15,
1853 2403 1875 2426 ι
1889 2380 2150 2449 Tuncque
2163 2380 2396 2449 primum

1387 2460 1674 2530 conscripti
1723 2471 1846 2510 sunt
1875 2460 2094 2530 Equites
2139 2458 2365 2510 Romani
2380 2496 2395 2525 ‚

1386 2553 1745 2610 cognomento
1764 2538 2222 2610 Auymtanomm,
2245 2549 2396 2591 aetate

1389 2641 1451 2674 ac
1476 2619 1672 2673 robore
1695 2619 1999 2690 conspicui,
2023 2632 2077 2670 et
2105 2637 2225 2690 pars
2245 2621 2398 2689 inge-

1388 2703 1479 2752 nio
1498 2716 1782 2772 prot-aceti,
1807 2698 1896 2749 alii
1915 2699 1972 2749 in
2002 2715 2095 2768 spe
2124 2700 2394 2768 potentiae.

1390 2783 1457 2834 Hi
1485 2781 1599 2833 dies
1625 2799 1688 2831 ac
1709 2794 1894 2831 noctes
1917 2777 2196 2850 plausibus
2219 2795 2400 2848 perso-

1385 2879 1548 2924 nare,
1572 2859 1798 2910 formam
1821 2858 2076 2929 Principis
2103 2876 2400 2930 vocemque

1391 2941 1562 2992 Deum
1579 2937 1855 2992 vocabulis
1871 2936 2199 3009 appellantes
2219 2942 2402 3009 :quasi

1384 3037 1490 3091 per
1541 3021 1791 3072 virtutem
1851 3019 1986 3071 clari
2041 3017 2398 3090 honoratique

1392 3115 1563 3169 agere.
1588 3121 1611 3147 n

1462 3178 1512 3229 6.
1555 3179 1740 3230 Dii-nto
1797 3178 1934 3231 Circi
1975 3177 2198 3229 maximi
2236 3195 2364 3228 arcu
2379 3201 2398 3239 ,-

1392 3273 1501 3326 quo
1541 3255 1700 3307 latior
1733 3255 2084 3328 triumphanti
2115 3253 2399 3306 hieronicm

1390 3337 1477 3386 via
1498 3345 1707 3406 pateret
1721 3371 1738 3398 ,
1763 3352 1871 3385 non
1889 3371 1906 3398 ,
1934 3351 2046 3405 qum
2067 3333 2255 3384 Graevii
2281 3350 2400 3409 sen:

1390 3411 1556 3462 tentia
1573 3424 1678 3474 est,
1699 3409 1926 3480 probata
1949 3409 2018 3462 ab
2043 3411 2316 3476 Ernestio,
2339 3425 2402 3462 nt

1394 3507 1546 3540 arens
1583 3487 1704 3540 loco
1741 3489 1880 3538 muri
1915 3487 2242 3554 dirueretur,
2279 3489 2400 3550 cui,

1392 3583 1453 3619 ut
1480 3585 1633 3619 sacro
1651 3603 1666 3630 ,
1697 3583 1917 3636 parcere
1947 3565 2123 3618 vellet.
2155 3567 2279 3616 Non
2305 3583 2402 3635 pe-

1392 3647 1625 3719 percisse
1649 3647 1812 3697 muris
1825 3683 1842 3712 ,
1861 3646 2054 3724 diserte
2077 3657 2298 3697 testatur
2316 3646 2405 3696 xi-

1394 3726 1630 3798 philinus
1657 3724 1780 3776 loco
1820 3743 1980 3796 supra
2012 3725 2202 3789 citato,
2227 3741 2402 3794 neque

1394 3823 1590 3874 negare
1623 3804 1836 3856 videtur
1863 3807 2060 3857 Noster
2083 3803 2286 3869 verbis,
2317 3805 2404 3857 Si-

1394 3883 1517 3935 mica·
1557 3883 1712 3934 modo
1735 3921 1748 3945 ,
1791 3897 1916 3949 etc.,
1953 3895 2012 3934 ut
2051 3883 2256 3934 monuit
2291 3885 2403 3951 jam

1396 3962 1643 4016 Oudend.
1687 3965 1766 4015 De
1816 3963 1964 4015 Circo
2007 3962 2240 4013 maximo
2285 3959 2404 4013 vide
2495 3985 2500 3992 ·

1392 4039 1618 4094 Nat-din.
1645 4041 1794 4092 Rom.
1819 4043 1938 4092 Vet.
1966 4041 2086 4108 Vll,
2113 4055 2132 4090 t
2168 4053 2221 4091 et
2251 4057 2298 4092 2.
2325 4041 2404 4090 De

1402 4120 1626 4175 Velabro
1665 4119 1866 4172 dictum
1903 4119 1970 4174 ad
1999 4119 2125 4172 Caes.
2162 4119 2248 4190 37.
2278 4119 2406 4170 Mox

1396 4198 1705 4272 Apollinem
1742 4203 1924 4253 nescio
1961 4219 2058 4251 cur
2090 4201 2408 4252 Ernest.⁸in-
