3050 5004
992 522 1656 599 VESPASlANUS.
2243 528 2376 596 353

284 653 372 717 ris
391 702 408 731 ,
446 652 605 716 item
642 646 900 717 Colossi
914 654 938 685 ⁸
974 646 1373 716 refectorem
1392 700 1410 730 ,
1452 648 1701 740 insigni
1736 652 2079 742 congiario
2113 674 2388 745 magna-

281 782 412 855 que
430 758 741 827 mercede
760 758 1069 827 donavit:
1086 758 1479 827 mechanico
1498 744 1776 855 quoque
1791 810 1809 843 ,
1826 759 2116 853 grandes
2133 764 2389 836 colum-

280 894 399 939 nas
416 872 655 961 exigua
674 874 981 963 impensa
998 868 1491 962 perducturum
1504 872 1576 936 in
1589 870 1995 963 Capitolium
2007 859 2356 967 pollicenti
2367 930 2388 961 ‚

281 985 641 1075 praemium
672 1006 797 1075 pro
834 997 1219 1051 commento
1250 1005 1389 1051 non
1422 978 1764 1051 mediocre
1797 983 2073 1069 obtulit;
2109 1009 2391 1081 operam

282 1099 537 1165 remisit
554 1149 573 1179 ,
602 1096 961 1189 praefatus;
1000 1126 1029 1156 α
1048 1097 1445 1179 ὃίηετεῐ,,εε
1476 1094 1901 1189 plebeculam
1934 1120 2212 1189 pascere
2227 1100 2280 1167 3.
2307 1131 2336 1163 a

372 1213 550 1276 XIX.
602 1207 811 1276 Ludis
826 1262 845 1291 ‚
872 1232 999 1301 per
1022 1230 1195 1303 quos
1220 1232 1427 1276 scena
1451 1207 1872 1277 Marcelliani
1893 1207 2138 1279 theatri
2156 1221 2172 1249 ¹
2201 1216 2395 1281 resti-

280 1336 421 1387 tuta
458 1316 897 1387 dedicabatur
912 1371 930 1401 ,
956 1334 1189 1387 vetera
1216 1342 1491 1413 quoque
1529 1334 1913 1387 acroamata
1939 1340 2393 1392 revocaverat.

280 1427 653 1523 Apollinari
693 1426 994 1521 tragoedo
1011 1443 1037 1475 ²
1076 1427 1572 1521 quadringenta
1591 1482 1608 1512 ,
1652 1432 1930 1521 Terpno
1965 1428 2400 1529 Diodoroque

281 1534 699 1607 citharoedis-»³
719 1537 983 1607 ducena
997 1589 1015 1622 ,
1031 1537 1381 1606 nonnullis
1400 1555 1686 1607 centena
1702 1589 1720 1622 ,
1736 1539 1986 1635 quibus
2007 1544 2364 1612 minimum
2381 1597 2398 1628 ,

280 1648 717 1744 quadragena
731 1652 1039 1717 sestertia
1054 1672 1263 1741 super
1279 1647 1611 1742 plurimas
1631 1672 1918 1717 coronas
1935 1674 2175 1719 aureas
2195 1652 2400 1723 dedit.

280 1762 407 1831 Sed
436 1778 509 1829 et
533 1760 1015 1829 convivabatur
1040 1758 1355 1831 assidue‘*
1370 1814 1387 1845 ,
1417 1785 1497 1829 ac
1527 1764 1776 1857 saepius
1801 1779 1987 1831 recta
2007 1780 2077 1831 et
2102 1763 2362 1859 dapsile
2380 1816 2406 1847 ,

280 1889 357 1939 ut
393 1868 819 1939 macellarios
855 1869 1230 1964 adjuvaret.
1274 1870 1495 1939 Dabat
1531 1872 1709 1939 sicut
1743 1872 2216 1943 Saturnalibus
2241 1877 2404 1945 viris

280 1980 775 2076 apophoreta⁵,
806 1984 899 2050 ita
924 2006 1050 2076 per
1077 1980 1417 2049 Kalendas
1445 1984 1726 2051 Martias
1747 1982 2016 2052 feminis
2044 2000 2155 2052 :et
2177 2002 2404 2056 tamen

280 2116 367 2159 ne
391 2095 493 2159 sic
520 2089 798 2185 quidem
820 2094 1124 2184 pristinae
1146 2092 1534 2185 cupiditatis
1563 2093 1839 2161 infamia
1865 2096 2102 2162 caruit.
2123 2095 2409 2167 Alexan-

282 2198 501 2271 drini⁶
539 2203 956 2294 Cybiosacten
996 2226 1157 2270 eum
1192 2227 1439 2273 vocare
1474 2222 2084 2297 perseveraverunt
2102 2256 2119 2287 ,
2157 2231 2405 2302 cogno·

282 2412 333 2451 et
357 2397 572 2451 Colossi
598 2398 917 2451 refectorem
943 2399 1107 2451 fnisse
1138 2416 1294 2469 nego.

278 2478 357 2531 Ita
368 2480 515 2532 enim
528 2480 825 2551 scripsisset
844 2491 1035 2532 auctor
1042 2477 1301 2532 eumdem-

280 2577 395 2631 que.
431 2557 585 2612 Alias
620 2561 960 2628 conjecturas
994 2557 1115 2612 vide
1153 2556 1301 2630 apud

280 2637 568 2690 Burmann.
592 2651 649 2690 et
670 2637 1023 2710 Oudendorp.

352 2734 401 2770 a.
439 2717 583 2770 Item
616 2715 811 2772 Colossi
823 2739 844 2780 ,-
878 2736 1037 2790 quem
1066 2719 1212 2770 Nero
1246 2718 1303 2769 in

278 2795 545 2850 vestibulo
572 2795 763 2849 domus
788 2797 979 2850 Aureae
1004 2797 1299 2848 constitue-

282 2886 390 2937 rat;
422 2873 548 2926 vide
572 2875 774 2926 Neron.
806 2875 895 2928 32.
922 2875 1005 2927 De
1031 2893 1089 2926 re
1113 2887 1302 2927 nostra

280 2954 485 3028 Xiphil.
509 2956 700 3023 LXVI,
734 2955 798 3008 15
813 2991 831 3022 ,
856 2955 952 3008 ubi
973 2955 1043 3007 cf.
1068 2957 1298 3009 Reimar.

350 3039 403 3090 3.
420 3036 649 3102 Sinera,
662 3055 715 3090 se
727 3035 1058 3109 plebeculam
1073 3055 1299 3109 pascere.

280 3119 525 3170 Iuventio
548 3117 689 3185 enim
711 3115 1079 3170 machinarum
1099 3119 1301 3170 >victum

278 3198 437 3268 eripit
458 3197 746 3267 operariis,
769 3193 917 3266 quod
938 3195 1095 3248 multi
1118 3198 1301 3268 patria·

281 3277 443 3328 etiam
475 3288 671 3328 nostrae
702 3274 891 3327 incolae
920 3275 1063 3328 sunt'
1079 3277 1297 3349 experti.

278 3355 361 3406 Al.
393 3353 535 3406 male
560 3353 765 3408 addunt
786 3373 945 3426 pane.

350 3436 495 3488 XIX.
540 3452 583 3488 1.
613 3433 956 3488 Marcelliani
978 3434 1183 3487 theam-i.
1214 3433 1297 3488 cf.

282 3513 350 3566 ad
364 3517 589 3586 August.
610 3531 696 3583 29.
711 3513 1031 3566 Acroamata
1045 3526 1170 3566 sunt
1184 3532 1301 3567 sce-

281 3597 387 3662 pici
405 3608 465 3647 et
486 3594 693 3646 musici.
714 3591 852 3645 Vide
872 3591 941 3644 ad
959 3594 1187 3664 August.
1210 3593 1297 3664 74.

355 3694 405 3728 2.
446 3673 753 3748 Apollinari
782 3673 1042 3747 ιναςωάο,
1080 3686 1181 3726 etc.
1212 3673 1297 3726 ΔΙ.

280 3754 543 3829 Apella-i,
558 3753 703 3806 unde
718 3753 893 3820 fuere,
910 3757 1001 3826 qui
1015 3752 1299 3807 suaderent

280 3835 491 3908 Apelli,
514 3853 578 3886 ex
595 3834 761 3905 Calig.
788 3833 1060 3888 332‘Hunc
1081 3835 1165 3884 vix
1183 3851 1298 3886 cre-

282 3913 377 3967 das
396 3916 710 3986 Vespasiani
732 3925 972 3985 tempore
992 3911 1170 3965 adhuc
1190 3912 1303 3986 pla-

284 3997 475 4047 cuisse.
497 3993 913 4069 Quadringenta,
929 4006 983 4046 et
1000 4011 1123 4045 mox
1145 3992 1301 4045 duce-

284 4093 357 4128 na
380 4087 435 4126 et
455 4085 673 4128 centena
694 4072 977 4144 legendum
1001 4091 1119 4126 esse
1146 4072 1302 4143 (con-

282 4155 587 4209 funduntur
600 4156 743 4208 enim
755 4174 819 4208 ea
838 4155 892 4206 in
910 4153 1093 4224 libris)
1118 4151 1301 4205 docuit

282 4237 585 4304 Ernestius,
612 4238 867 4307 quoniam
886 4236 1036 4308 prius
1064 4232 1132 4288 de
1155 4251 1265 4287 uno
1281 4271 1299 4303 ‚

474 4329 573 4392 II.

1389 2418 1513 2452 mox
1532 2398 1602 2453 de
1615 2398 1828 2453 duobus
1843 2398 2193 2473 pluribusque
2212 2420 2404 2455 sermo.

1390 2478 1547 2531 Conf.
1578 2476 1929 2549 Oudendorp.

1460 2557 1513 2609 3.
1556 2558 1764 2630 Terpno
1798 2555 2138 2630 Diodoroque
2177 2556 2411 2612 cithare-

1388 2636 1483 2690 dis.
1503 2634 1640 2688 Vide
1659 2637 1859 2688 Neron.
1883 2653 1982 2698 203
2001 2633 2202 2708 xiphil.
2220 2637 2406 2703 mli,

1392 2714 1425 2766 8
1450 2727 1504 2767 et
1533 2731 1618 2766 ao.

1460 2792 1515 2860 4.
1553 2793 1660 2846 Sed
1691 2803 1745 2845 et
1771 2793 2149 2846 convivabatur
2173 2794 2406 2858 assidue,-

1390 2873 1691 2944 saepissime.
1709 2872 1868 2925 Gonf.
1889 2871 2090 2945 xiphil.
2106 2873 2294 2942 LXVI,
2323 2891 2409 2928 10.

1388 2953 1467 3004 De
1488 2964 1624 3004 recta
1638 2969 1790 3005 coena
1807 2950 1900 3023 (al.
1915 2951 1973 3005 h.
1989 2953 2026 3005 1.
2043 2964 2178 3007 recte
2193 2955 2411 3028 vitiose)

1388 3031 1510 3086 vide
1531 3033 1757 3105 August.
1787 3031 1873 3103 74.
1894 3036 1976 3087 De
1999 3035 2254 3090 adverbio
2279 3039 2412 3111 dap-

1386 3112 1482 3168 sile
1508 3115 1654 3168 conf.
1683 3115 1919 3168 Perizon.
1955 3115 2020 3168 ad
2051 3117 2248 3171 sanctii
2271 3119 2408 3172 Min.

1388 3196 1465 3262 11,
1496 3211 1525 3264 7
1542 3230 1561 3261 ‚
1587 3195 1642 3248 6.
2164 3253 2166 3256 ,

1462 3271 1513 3326 5.
1537 3274 1895 3346 Apophoreta.
1911 3273 2050 3328 Vide
2065 3273 2410 3349 Calig.'55.--

1386 3353 1646 3408 Kalendis
1675 3355 1886 3408 Martiis
1913 3357 2234 3410 Matronalia
2266 3358 2411 3412 cele-

1388 3433 1708 3486 brabantur.
1737 3435 1818 3486 Cf.
1852 3437 2030 3489 Pitisc.
2060 3437 2132 3489 ad
2157 3437 2215 3489 h.
2240 3437 2275 3488 l.
2301 3441 2406 3492 Ro-

1390 3514 1490 3564 sin.
1506 3515 1630 3565 Ant.
1649 3514 1804 3564 Rom.
1825 3515 1916 3580 IV,
1949 3532 1978 3584 7
1992 3553 2009 3581 ,
2029 3533 2154 3588 pag.
2177 3514 2298 3586 257.

1461 3593 1513 3645 6.
1534 3591 1912 3656 Alexandrini,
1935 3605 2036 3646 etc.
2059 3595 2138 3646 De
2151 3597 2407 3648 conviciis

1389 3691 1579 3726 eorum
1615 3675 1668 3724 in
1716 3673 2108 3744 Vespasianum
2144 3673 2264 3728 vide
2303 3677 2407 3729 xi-

1389 3751 1520 3824 phil.
1545 3752 1734 3818 LXVI,
1758 3753 1811 3805 8.
1837 3751 1991 3804 Plura
2014 3752 2090 3805 ibi
2113 3753 2182 3805 de
2203 3753 2407 3808 dicaci-

1388 3845 1499 3886 tate
1520 3833 1914 3905 AEgyptiorum‚
1939 3835 2162 3886 maxime
2181 3835 2408 3888 Alexan-

1393 3913 1664 3965 drinorum
1682 3951 1700 3981 ,
1743 3913 2036 3966 Reimarus.
2062 3943 2134 3954 —
2159 3914 2406 3986 Cybiosa-

1391 4005 1507 4047 cten
1516 4016 1537 4056 ,-
1549 3989 1914 4062 eapexipaeopor‚
1928 3991 2186 4046 salsamen
2192 3994 2402 4046 tarium.

1389 4071 1524 4124 Vide
1539 4071 1768 4124 casaub.
1785 4071 1856 4124 ad
1868 4070 1925 4122 h.
1945 4070 1978 4122 Ι.
1997 4084 2051 4124 et
2068 4070 2138 4122 ad
2155 4071 2401 4125 Strabon.

1388 4151 1558 4218 XVII,
1595 4167 1616 4203 1
1636 4189 1654 4218 ‚
1683 4167 1704 4203 1
1720 4166 1740 4200 1
1757 4189 1775 4218 ‚
1804 4147 1900 4201 ubi
1922 4147 1987 4202 de
2011 4167 2136 4222 rege
2163 4149 2404 4221 ejusdem

1390 4231 1726 4302 cognominis
1747 4231 2046 4303 exponitur.
2077 4229 2405 4303 Turpissima

2035 4319 2118 4385 23
