3050 5004
635 442 718 507 38
1382 442 1452 503 C.
1506 441 1969 507 SUETOMI

723 569 995 635 XXVII.
1047 566 1376 633 Saevitiam
1422 565 1672 655 ingenii
1714 588 1836 655 per
1881 562 2029 633 haec
2074 566 2363 631 maxime
2408 564 2731 632 ostendit.

630 684 860 763 Quum
884 677 974 746 ad
1001 679 1300 769 saginam
1327 676 1621 743 ferarum
1642 728 1660 758 ,
1703 678 1969 743 muneri
2008 692 2539 769 praeparatarum
2557 728 2577 759 ,
2620 700 2739 745 ca-

631 792 772 859 rius
805 789 1100 883 pecudes
1129 801 1705 881 compararentur,
1731 810 1814 855 ex
1840 789 2057 857 noxiis
2080 786 2433 857 laniandos
2457 806 2741 857 annota-

629 906 757 985 vit3
789 919 858 969 et
875 954 892 985 ,
917 901 1380 969 custodiarum
1407 903 1651 969 seriem
1676 922 2165 991 recognoscens
2185 953 2203 982 ‚
2236 900 2491 969 nullius
2512 903 2739 994 inspe-

633 1028 742 1079 cto
767 1010 1014 1104 elogio¹
1034 1066 1052 1096 ‚
1079 1030 1264 1081 stans
1287 1010 1757 1081 tantummodo
1778 1014 1957 1099 intre
1981 1015 2319 1105 porticum
2341 1012 2633 1079 mediam
2648 1064 2667 1094 ,
2691 1036 2741 1081 ει

631 1122 821 1191 calvo
853 1123 942 1190 ad
971 1122 1280 1192 calvum²
1319 1121 1476 1191 duci
1513 1126 1885 1217 imperavit.
1922 1128 2171 1193 Votum
2208 1124 2467 1216 exegit—⁷⁸
2495 1124 2581 1191 ab
2610 1145 2735 1206 ee,

631 1238 750 1328 qui
777 1259 904 1327 pro
937 1234 1150 1302 salute
1177 1258 1303 1302 sua
1326 1234 1791 1327 gladiatoriam
1814 1260 2091 1328 operam
2122 1238 2559 1329 promiserat,
2588 1256 2741 1327 spe—

631 1347 968 1438 ctavitque
995 1344 1174 1411 ferro
1208 1343 1675 1429 dimicantem3
1718 1368 1845 1412 nec
1876 1344 2162 1430 dimisit,
2202 1348 2331 1413 nisi
2364 1348 2689 1413 victorem
2716 1396 2737 1424 ,

633 1471 704 1520 et
733 1471 888 1546 post
917 1452 1166 1521 multas
1203 1476 1458 1545 preces.
1500 1396 1841 1537 Alteium,
1881 1458 1997 1549 qui
2036 1478 2107 1521 se
2138 1458 2513 1547 periturum
2544 1476 2622 1520 ea
2646 1452 2739 1521 de

631 1590 834 1634 causa
863 1582 1138 1635 voverat
1156 1620 1172 1651 ,
1212 1582 1645 1635 cunctantem
1679 1570 1908 1661 pueris
1946 1566 2251 1651 tradidit3
2287 1562 2739 1635 verbenatum

631 1674 1168 1773 infulatumque4
1188 1731 1205 1760 ‚
1245 1694 1478 1746 votum
1517 1696 1949 1771 reposcentes
1969 1729 1986 1760 ,
2030 1702 2155 1771 per
2192 1680 2379 1746 vicos
2416 1690 2695 1769 agerent
2714 1728 2737 1757 ‚

1728 1939 1886 1993 quam
1912 1920 2177 1975 Florealia
2204 1922 2275 1973 ad
2294 1919 2621 1973 irridendum
2642 1920 2747 1971 'ri-

1725 1999 1930 2053 bei-ium
1960 2000 2231 2053 calvorum
2266 1999 2561 2051 ministerio
2594 1995 2743 2051 cele-

1725 2081 1988 2135 braverat.
2054 2084 2139 2134 lta
2200 2082 2359 2135 Ceius
2420 2080 2745 2149 Sejsnorum.

632 1936 839 1989 essent,
871 1922 966 1976 sed
993 1922 1496 1996 patresfizmiliamm
1511 1962 1531 1992 ‚
1561 1926 1639 1977 ci-

627 2022 720 2055 ves
739 2005 902 2073 igitur
917 2002 1185 2055 Romanos
1197 2038 1216 2069 ,
1239 2022 1442 2075 eosque
1461 2015 1637 2069 notos,

628 2102 742 2135 nou
771 2084 958 2137 iufimae
985 2088 1144 2138 sortis
1170 2084 1414 2138 homines
1437 2084 1529 2155 (in
1548 2086 1639 2137 bo-

632 2182 756 2215 nam
770 2174 977 2234 partem
996 2163 1142 2217 addit
1161 2166 1376 2217 Memm.
1393 2182 1421 2216 e
1439 2162 1638 2235 glossa,

597 2261 700 2293 ,ne
739 2244 856 2312 quis
897 2254 1046 2297 notos
1079 2242 1135 2296 h.
1173 2243 1209 2295 l.
1256 2244 1480 2315 infames
1521 2260 1637 2296 esse

629 2322 839 2393 putet),
867 2322 968 2377 bos
997 2326 1146 2395 ipsos
1179 2338 1358 2383 tamen
1391 2322 1641 2377 debilita-

631 2414 748 2467 tos,
777 2400 1144 2472 ποπκραμὶνους.
1183 2404 1428 2455 Ceterum
1445 2439 1461 2468 ,
1489 2422 1641 2454 com-

629 2494 827 2551 parant
881 2483 1199 2554 interpretes
1250 2481 1429 2536 locum
1477 2484 1639 2534 Dion.

631 2565 749 2616 mx
765 2601 782 2622 ,
819 2582 914 2632 ιο,
944 2566 1034 2635 qui
1060 2563 1166 2616 huc
1191 2565 1368 2617 minus
1389 2567 1639 2636 pertinet.

703 2643 914 2696 xxvu.
953 2661 996 2695 ι.
1029 2642 1246 2696 Nullt'us
1274 2643 1502 2716 inspecto
1524 2643 1639 2696 elo-

629 2724 753 2797 92'03
771 2725 806 2774 i.
831 2741 878 2773 e.
898 2721 1078 2774 tabula
1095 2760 1112 2789 ‚
1133 2723 1188 2772 in
1214 2741 1318 2792 qua
1343 2721 1506 2792 culpa
1528 2735 1642 2774 erat

631 2801 960 2871 perscripta,
997 2799 1068 2849 ob
1106 2817 1266 2869 quem
1301 2802 1356 2850 in
1393 2797 1645 2850 custodia

633 2878 962 2931 servabatur.

707 2976 760 3010 2.
796 2956 848 3008 A
873 2953 1022 3007 calvo
1053 2954 1123 3006 ad
1158 2954 1396 3021 calvum,
1425 2968 1531 3006 etc.
1560 2956 1642 3008 Cf.

633 3039 768 3102 Dio,
790 3036 936 3101 LIX,
963 3053 1046 3088 υ.
1071 3035 1305 3106 Nempe,
1331 3053 1496 3108 quum
1520 3055 1644 3107 por·

635 3118 801 3168 ticum
828 3115 1126 3184 ingressus,
1149 3126 1318 3166 totam
1352 3131 1647 3184 congrega·-

637 3207 810 3245 torum
855 3194 910 3242 in
959 3190 1204 3242 custodia
1247 3192 1645 3244 multitudinem

637 3273 805 3326 oculis
823 3272 1221 3342 perlustrasset,
1241 3275 1294 3323 in
1316 3287 1548 3343 utroque
1566 3273 1641 3324 la-

637 3367 745 3404 tere
771 3365 1003 3404 extremo
1041 3349 1202 3402 calvis
1237 3352 1380 3402 forte
1416 3369 1645 3422 conspe-

635 3431 766 3495 ctis,
794 3443 960 3482 totam
985 3431 1175 3482 seriem
1201 3431 1316 3482 sine
1341 3428 1641 3482 discrimine

635 3510 706 3562 ab
735 3527 844 3562 uno
883 3508 1032 3560 calvo
1069 3509 1138 3561 ad
1176 3508 1400 3562 alterum
1427 3511 1549 3563 daci
1572 3509 1645 3562 sd

635 3591 958 3662 supplicium
976 3593 1166 3660 jussit;
1194 3609 1310 3662 qum
1332 3610 1417 3644 res
1442 3595 1496 3644 in
1519 3611 1647 3663 pro·

629 3669 872 3722 vei-bium
895 3667 1042 3719 abiit.
1062 3667 1262 3735 Aliam,
1287 3689 1510 3742 eamque
1534 3689 1646 3724 non

633 3749 812 3800 minus
849 3744 1182 3818 probabilem
1197 3781 1219 3812 ,
1241 3749 1643 3821 interpretatio-

632 3845 756 3879 nem
783 3826 878 3880 ‹lat
909 3827 1184 3879 Reiuesius
1213 3827 1284 3879 ad
1309 3847 1474 3900 marg.
1511 3827 1639 3882 edit.

590 3912 597 3919 '
634 3905 867 3960 Casuub.
891 3925 958 3958 ex
977 3907 1144 3960 Dione
1161 3908 1350 3975 Lvm,
1377 3925 1469 3978 19,
1493 3909 1585 3961 ubi
1610 3927 1643 3962 a

637 3989 690 4040 L.
721 3987 914 4056 Sejano
936 3989 1162 4038 Praetore
1193 4005 1375 4040 omnes
1399 3989 1536 4040 calvi
1560 3991 1645 4042 Se·

631 4065 744 4133 jani
762 4063 900 4133 (uon
913 4103 933 4131 ,
951 4077 1012 4118 ut
1029 4066 1332 4132 Reinesius‚
1351 4058 1537 4120 omnes
1556 4068 1644 4122 Se-

625 4143 740 4212 jani
755 4143 915 4210 calvi)
934 4143 1190 4215 appellati
1204 4143 1472 4210 dicuntur,
1493 4161 1643 4217 post-

1728 2164 1911 2219 odium
1934 2163 2016 2219 his
2036 2164 2211 2216 verbis
2232 2162 2570 2235 prodidisset.
2590 2162 2747 2213 Dixit

1727 2259 1907 2297 autem
1920 2240 2108 2296 auctoi·
2118 2256 2259 2295 stane
2273 2240 2635 2296 tantummodo
2656 2242 2745 2292 in·-

1728 2335 1809 2375 tra
1826 2323 2085 2394 porticum
2111 2322 2339 2373 mediam
2352 2360 2373 2389 ,
2396 2334 2459 2372 ut
2480 2318 2747 2391 significu-

1727 2416 1836 2469 ret‚
1862 2422 1973 2453 nou
1992 2401 2294 2454 consedisse
2319 2403 2375 2451 in
2395 2398 2645 2452 tribunali
2666 2399 2747 2451 td.

1727 2482 2058 2556 dispicienda
2082 2483 2337 2550 crimina,
2360 2480 2458 2534 sed
2472 2478 2622 2533 brevi
2639 2478 2745 2532 ob-

1727 2575 1848 2617 tutu
1874 2561 2203 2616 defunctum.

1801 2642 1851 2694 3.
1896 2642 1953 2696 V
1946 2651 2089 2694 otum
2126 2640 2323 2714 exeqit‚
2350 2652 2453 2691 etc.
2482 2638 2563 2690 Cf.
2600 2585 2749 2706 Dio,

1802 2805 1851 2868 4.
1878 2803 1933 2856 V
1926 2804 2225 2854 erbenatum
2243 2799 2660 2873 insulamque5
2680 2813 2749 2852 ut

1731 2882 2003 2952 publicam
2040 2880 2287 2933 hostiam.
2324 2881 2559 2932 Auctore
2594 2881 2745 2930 enim

1729 2959 2013 3026 Turneb0‚
2034 2959 2253 3012 Advers.
2272 2959 2417 3010 xxss
2433 2997 2450 3024 .‚
2474 2957 2571 3024 30,
2596 2961 2752 3011 resti-

1734 3053 1906 3091 tutum
1934 3041 2265 3113 uerbenatum
2286 3057 2385 3109 pro
2408 3040 2595 3110 inepto
2621 3054 2745 3089 uera

1733 3121 1985 3173 berctum.
2018 3121 2307 3191 Compar-at
2326 3116 2589 3172 Oudend.
2618 3119 2749 3171 Ser·-

1732 3202 1873 3251 vium
1895 3199 1961 3250 ad
1982 3201 2127 3269 Vin-g.
2148 3197 2353 3251 AEneid.
2374 3200 2445 3249 ΙΙΙ
2460 3235 2476 3263 ,
2498 3197 2585 3267 57,
2610 3198 2707 3268 qui
2726 3221 2741 3248 :

1737 3302 1760 3327 ι
1788 3277 2146 3331 Massilienses
2189 3281 2393 3350 quoties
2436 3275 2749 3350 pestilentia

1730 3357 2049 3410 laborabant
2062 3397 2077 3424 ,
2096 3375 2237 3410 unus
2256 3377 2313 3410 se
2333 3375 2395 3410 ex
2410 3357 2749 3429 pauperibus

1733 3437 1999 3489 offerebat
2044 3436 2295 3490 alendum
2340 3453 2481 3490 anno
2532 3440 2744 3508 integro

1730 3515 1961 3588 publicis
2000 3531 2052 3569 et
2094 3515 2399 3587 purioribus
2440 3515 2589 3568 cibis.
2638 3517 2743 3568 uic

1731 3608 1921 3666 postea
1948 3605 2159 3647 ornatus
2192 3594 2422 3646 verbenis
2444 3605 2497 3646 et
2526 3593 2747 3649 vestibus

1730 3676 1909 3741 sacris,
1936 3673 2435 3727 circumducebatur
2454 3691 2549 3744 per
2571 3686 2743 3726 totam

1732 3757 1995 3808 civitaten
2023 3771 2147 3806 cum
2174 3753 2623 3807 exsecrationibus
2637 3792 2655 3820 ‚
2676 3768 2749 3806 ut

1732 3837 1787 3888 in
1808 3838 1983 3908 ipsum
2000 3834 2299 3888 reciderent
2322 3833 2462 3886 mala
2482 3837 2645 3886 totius
2666 3835 2743 3886 ci·

1730 3917 1903 3968 vitetis
1918 3955 1937 3983 ,
1963 3926 2017 3968 et
2038 3917 2111 3968 sic
2129 3914 2497 3989 projiciebatur
2521 3911 2543 3983 (
2553 3915 2745 3984 proeci-

1730 3993 2077 4066 piabatur).
2090 3994 2345 4068 Aggerem
2358 4007 2557 4059 autem,
2572 4011 2743 4064 quum

1730 4089 1843 4123 non
1872 4070 2136 4124 addiderit
2162 4071 2343 4143 aliquo
2362 4107 2379 4134 ,
2416 4087 2527 4122 nou
2560 4071 2743 4122 incer-

1734 4163 1845 4203 tum
1858 4149 2113 4202 intellexit
2128 4164 2334 4216 auctor,
2352 4149 2446 4202 sed
2464 4149 2747 4222 suppliciis
