3050 5004
638 478 781 543 «388

1393 478 1464 541 C.
1519 478 1984 547 SUETONII

638 632 798 676 sum
834 624 1012 676 esset
1032 662 1047 689 ,
1084 605 1509 675 ordinatione
1546 611 1854 699 proxima
1891 614 2178 702 AEgypto
2213 612 2555 703 praeficere
2593 618 2770 682 Mas·-

633 723 824 788 cium
868 720 1203 786 Rufum.»
1262 717 1488 784 Edidit
1538 718 1810 787 navales
1861 745 2128 813 pugnas
2174 746 2367 815 paene
2405 720 2743 816 justarum

628 830 994 909 classium,
1029 827 1276 894 effosso
1311 844 1377 893 et
1408 830 1924 897 circumstructo
1958 828 2152 923 juxta
2182 832 2484 901 Tiberim
2514 830 2739 901 ⁸lacu:

640 955 845 1034 utque
870 941 1047 1006 inter
1068 939 1401 1003 maximos
1420 938 1679 1006 imbres
1703 943 2212 1031 perspectavit9.
2247 944 2428 1009 Fecit
2451 958 2518 1010 et
2547 942 2742 1011 ludos
2808 954 2822 961 “

643 1048 979 1117 seculares
999 1058 1071 1131 ¹⁰,
1106 1060 1493 1139 computata
1530 1051 1790 1116 ratione
1823 1064 2206 1141 temporum
2244 1051 2330 1119 ab
2362 1076 2574 1136 anno,
2605 1077 2742 1120 non

642 1183 777 1253 quo
804 1156 1124 1225 Claudius
1155 1158 1490 1249 proxime,
1527 1156 1644 1224 sed
1679 1181 1815 1251 quo
1850 1157 2008 1225 olim
2042 1167 2384 1251 Augustus
2418 1159 2739 1232 ediderat.

644 1274 718 1335 ln
745 1265 880 1350 his,
905 1270 1325 1335 Circensium
1354 1265 1497 1349 die,
1536 1291 1671 1361 quo
1695 1266 1954 1334 facilius
1983 1285 2254 1335 centum
2287 1273 2533 1338 missus
2555 1282 2598 1309 '¹
2631 1298 2745 1365 pe-

640 1394 1065 1471 ragerentur,
1114 1376 1418 1468 singulos
1461 1402 1501 1443 a
1541 1379 1838 1469 septenis
1882 1382 2112 1471 spatiis
2159 1378 2247 1453 ad
2291 1384 2498 1475 quina
2541 1386 2743 1451 corri-

639 1493 881 1583 puit¹².
922 1491 1224 1557 Instituit
1262 1507 1329 1555 et
1368 1486 1873 1583 quinquennale
1903 1483 2321 1559 certamen¹³
2363 1492 2739 1585 Capitolino

638 1735 789 1775 esset.
812 1746 835 1769 ιο
863 1752 933 1762 --
961 1722 1234 1776 Ordinatio
1262 1736 1341 1775 est
1373 1721 1561 1777 electio
1587 1737 1641 1777 et

634 1805 943 1855 constitutio
955 1802 1143 1875 praesid
1152 1824 1235 1855 um
1246 1807 1641 1877 provinciarum

636 1882 721 1953 (Ia
754 1883 1077 1935 distribution
1106 1882 1191 1935 des
1220 1884 1475 1957 charyes).
1506 1885 1640 1938 Vide

640 1962 860 2033 vespas.
890 1980 1009 2032 cap.
1045 1964 1128 2014 23.

685 2039 1083 2111 ·8.·Effosso....
1120 2038 1254 2091 lacu.
1292 2040 1493 2111 Xiphil.
1524 2042 1558 2092 l.
1592 2060 1638 2093 c.

636 2118 691 2169 in
721 2136 856 2171 novo
887 2117 999 2171 Ioco
1032 2118 1405 2170 naumachiam
1434 2118 1641 2171 exhibi-

634 2212 743 2249 tam
784 2196 928 2248 dicit.
970 2198 1173 2269 Nempe
1215 2200 1444 2270 opponit
1486 2200 1644 2251 veteri

636 2275 993 2336 naumachia»,
1010 2275 1087 2328 ‘de
1114 2294 1217 2348 qua
1243 2276 1363 2329 vide
1386 2279 1491 2329 Tit.
1518 2294 1566 2345 7.

707 2373 759 2425 9.
776 2356 1003 2427 Atque...
1016 2358 1382 2429 perspectauit;
1398 2356 1467 2408 ad
1482 2358 1645 2409 finem

634 2453 804 2506 usque
844 2448 1087 2506 spectare
1135 2437 1501 2506 perseveravit.
1544 2436 1644 2486 lm-

634 2515 755 2567 bres
798 2527 1061 2568 memorat
1098 2513 1255 2566 etiam
1296 2513 1553 2584 xiphilin.
1592 2527 1644 2566 et

634 2594 832 2646 multos
856 2612 920 2646 ex
945 2596 1006 2646 iis
1038 2594 1284 2646 morbum
1316 2597 1644 2646 contraxisse

632 2675 792 2740 dicit,
824 2673 1083 2746 quosdam
1110 2687 1163 2724 et
1186 2687 1439 2724 mortuos.
1466 2673 1646 2724 Prohi-

633 2752 825 2806 buerat
854 2755 991 2805 enim
1022 2755 1393 2818 Domitianus,
1422 2772 1491 2805 ne
1520 2754 1643 2822 quis

633 2831 933 2897 secederet,
952 2845 1113 2904 atque
1127 2834 1283 2883 etiam
1300 2831 1551 2882 excubias
1571 2830 1641 2882 ad

638 2913 803 2962 imum
820 2909 1013 2962 theatri
1027 2925 1300 2981 posuerat,
1318 2929 1383 2961 ne
1397 2912 1511 2982 quis
1521 2929 1644 2982 pos·

637 3003 718 3042 set
744 2992 913 3055 exire,
944 2991 1058 3061 ipse
1093 3001 1269 3040 autem
1302 2988 1528 3040 subinde
1554 3009 1642 3040 ve-

635 3083 769 3121 stem
799 3067 1055 3119 mutabat.

716 3146 981 3201 10.·Fecit
1000 3157 1049 3198 et
1074 3144 1509 3212 indumentum,
1537 3160 1637 3198 etc.

633 3229 905 3300 Augustus
939 3245 1029 3278 eos
1066 3225 1271 3277 *fecerat
1305 3226 1367 3276 A.
1398 3226 1462 3276 U.
1503 3226 1639 3296 7373

635 3305 918 3370 Claudius,
954 3324 1078 3357 ann.
1118 3305 1221 3358 800
1253 3303 1407 3373 (vide
1435 3303 1504 3355 ad
1531 3309 1642 3364 Au-

632 3400 772 3459 gust.
804 3387 863 3439 31
883 3425 899 3452 ‚
924 3399 978 3439 et
1004 3383 1188 3436 Claud.
1229 3385 1351 3455 21);
1381 3384 1644 3436 Domitia-

635 3483 737 3518 nus
764 3463 955 3530 edidit,
982 3475 1195 3516 auctore
1222 3461 1495 3513 Censor-in.
1519 3479 1639 3531 cap.

642 3563 727 3615 17,
764 3563 925 3617 quum
968 3545 1081 3614 ipse
1112 3540 1315 3593 Consul
1352 3552 1489 3592 esset
1518 3539 1643 3590 xlv

635 3643 759 3676 cum
798 3624 856 3674 L.
901 3623 1141 3674 Minucio
1169 3619 1345 3686 Rufo,
1380 3618 1485 3670 hoc
1525 3631 1640 3686 est,

634 3723 759 3758 ann.
784 3704 904 3772 841.
922 3705 1041 3754 Jam
1065 3719 1229 3772 quum
1254 3713 1379 3770 post
1399 3695 1640 3767 singulos

636 3797 852 3836 centum
896 3796 947 3834 et
985 3780 1171 3833 decem
1214 3796 1381 3830 annos
1418 3780 1635 3849 (Horat.

635 3865 812 3916 Carm-
846 3861 958 3916 Sec.
989 3879 1063 3912 vs.
1103 3877 1191 3928 17,
1220 3859 1451 3910 undenos
1477 3857 1640 3910 decies

632 3962 731 4016 per
754 3941 948 4012 annos)
976 3941 1143 4011 repeti
1164 3939 1422 3992 deberent
1446 3937 1503 3991 hi
1523 3936 1640 3991 ludi

635 4041 697 4075 ex
733 4025 976 4076 instituto
1012 4022 1266 4092 Augusti,
1302 4019 1638 4070 Domitianus

634 4121 723 4155 sex
738 4103 887 4155 annis
896 4101 1054 4155 edere
1064 4120 1156 4153 eos
1172 4101 1474 4161 maturavit,
1492 4098 1640 4172 quod

634 4200 731 4252 per
758 4199 953 4233 meram
978 4177 1247 4233 libidinem
1272 4179 1530 4249 Principis
1557 4177 1640 4230 fa-

1729 1734 1874 1777 c'tmn
1885 1726 2182 1780 existimant
2191 1725 2434 1795 Scaliger,
2445 1724 2512 1777 de
2523 1722 2719 1777 Emeud
2726 1765 2736 1777 .

1728 1805 1918 1876 Temp.
1946 1824 2068 1877 pag.
2096 1805 2200 1872 486
2218 1842 2234 1870 ,
2261 1816 2313 1857 et
2333 1806 2501 1856 Groev.
2528 1802 2599 1855 ad
2622 1802 2676 1855 h.
2700 1803 2736 1855 l.

1732 1882 1976 1938 Ceterum
2007 1888 2286 1951 coniferae,
2317 1902 2432 1955 quae
2461 1882 2528 1935 de
2556 1884 2740 1935 Domi-

1733 1966 1862 2015 tiani
1882 1968 2042 2017 etiam
2065 1964 2203 2017 ludis
2223 1962 2552 2015 secularibus
2566 1964 2736 2015 Tacit.

1731 2042 1922 2094 Annal.
1957 2044 2062 2108 XI,
2100 2060 2152 2093 11
2171 2081 2188 2109 ‚
2220 2042 2312 2113 qui
2344 2040 2739 2109 Quindecimvi-

1735 2140 1850 2173 rum
1869 2123 2258 2193 Praetoremque
2276 2124 2338 2174 iis
2361 2140 2416 2173 se
2435 2118 2738 2173 interfuisse

1733 2214 1932 2252 narrat.

1810 2296 1826 2329 ι
1848 2296 1889 2330 ι.
1917 2280 2132 2331 Centum
2154 2278 2357 2340 missus‚·
2375 2276 2498 2328 l1.‘e.
2523 2288 2736 2328 centum

1733 2355 1998 2409 curricula
2050 2356 2310 2428 'deinceps
2361 2372 2390 2407 e
2441 2353 2738 2407 carceribus

1733 2438 2100 2489 emitterentur
2125 2436 2195 2489 ob
2216 2449 2427 2488 centum
2455 2433 2620 2486 seculi
2641 2451 2738 2485 an-

1733 2535 1858 2581 nos,
1889 2535 2052 2588 quum
2077 2516 2263 2586 viginti
2289 2517 2521 2586 quinque
2549 2513 2736 2563 missus

1732 2594 1862 2646 alias
1884 2595 1951 2646 de
1973 2613 2119 2647 more
2139 2608 2331 2646 essent.
2355 2594 2436 2646 Cf.
2465 2591 2735 2663 Bulenger.

1733 2673 1800 2726 de
1829 2676 2014 2740 Circe,
2043 2693 2162 2746 cap.
2195 2673 2274 2726 15.

1810 2773 1827 2807 1
1842 2773 1888 2807 2.
1906 2754 2210 2828 Sinyulos...
2225 2753 2502 2824 corripuit,·
2520 2765 2578 2804 ut
2593 2751 2739 2823 quin—

1732 2836 1882 2906 quies
1903 2848 2108 2886 tantum
2129 2832 2332 2905 singula
2357 2831 2616 2883 curricula
2640 2833 2738 2882 cir-

1733 2931 1852 2964 cum
1871 2926 2062 2965 metam
2080 2926 2380 2981 agerentur,
2401 2929 2508 2962 non
2525 2913 2736 2982 septies,

1732 3009 1838 3062 quo
1864 3005 2074 3062 tempus
2098 2990 2202 3043 diei
2227 2990 2496 3042 sufficeret
2520 2986 2588 3038 ad
2617 3005 2735 3039 cen·

1729 3082 1844 3120 tum
1870 3071 2076 3121 missuS.
2103 3071 2183 3122 lta
2210 3071 2469 3140 impensas
2487 3065 2740 3138 corripuit

1728 3148 1908 3201 Tiber.
1938 3167 2056 3220 cap.
2089 3149 2176 3217 34.

1811 3219 1888 3279 13.
1907 3228 2144 3281 Instituit
2155 3239 2204 3280 et
2218 3223 2620 3301 quinquennale
2637 3245 2736 3278 cer-

1732 3316 1908 3357 tamen
1917 3323 1938 3368 3
1959 3325 2068 3357 non
2082 3309 2282 3378 primus
2300 3303 2514 3376 quidem
2525 3305 2707 3355 Romae
2720 3343 2737 3371 ‚

1733 3383 1880 3456 quod
1907 3386 2050 3436 Nero
2081 3388 2186 3454 jam
2212 3385 2416 3436 fecerat
2451 3381 2600 3454 (vide
2629 3385 2739 3435 Ne-

1732 3481 1848 3515 ron.
1887 3464 2005 3536 12),
2040 3463 2135 3516 sed
2162 3465 2361 3535 primus
2384 3461 2640 3533 (fortasse
2663 3461 2735 3512 ob

1730 3544 1890 3596 vitem
1925 3542 2053 3596 olim
2085 3545 2139 3594 iu
2165 3543 2430 3614 Capitolio
2460 3545 2589 3594 mire
2621 3560 2736 3594 ser·-

1728 3622 1934 3692 vatam)
1965 3624 2090 3675 Jovi
2123 3622 2456 3692 Capitoline,
2492 3623 2546 3672 in
2582 3623 2736 3691 cujus

1727 3700 1978 3755 laudibus
2032 3703 2392 3774 Principisque
2448 3704 2738 3754 certamina

1727 3792 2006 3850 poetarum
2019 3794 2073 3832 et
2082 3793 2354 3834 oratorum
2365 3781 2734 3847 versabantur,

1729 3859 1872 3912 unde
1897 3860 2194 3931 Capitolini*
2205 3879 2398 3934 agones
2419 3862 2526 3914 sive
2548 3847 2616 3914 eni
2641 3869 2736 3914 lta-

1727 3937 1937 3991 πιτόλια.
1953 3941 2058 3993 dici
2077 3955 2368 4013 coeperunt.
2389 3943 2617 3993 Primum
2637 3940 2736 3994 ho-

1729 4037 1844 4071 rum
1861 4039 2093 4094 agonum
2107 4023 2466 4074 Domitianum
2481 4023 2735 4075 instituis-

1731 4117 1787 4152 se
1808 4098 2131 4154 duodecimo
2153 4119 2250 4152 suo
2273 4114 2326 4153 et
2344 4101 2484 4154 Serv.
2502 4101 2748 4154 Cornelii·

1729 4180 2018 4238 Dolabella
2055 4178 2335 4234 consulatu
2370 4179 2522 4250 (aun.
2563 4180 2729 4252 839),
