3050 5004
605 410 734 491 234

1349 413 1420 475 C.
1473 408 1941 477 SUETONH

601 550 1012 627 praeceptor,
1055 556 1192 631 quo
1243 532 1494 604 diutius
1541 540 1611 605 in
1662 536 2105 605 admiratione
2150 539 2256 603 sui
2298 534 2696 605 detinerem.

605 650 840 739 Itaque
865 644 952 713 ad
983 648 1316 738 poeticam
1343 670 1604 738 pronus
1621 700 1639 729 ,
1669 650 1969 714 carmina
2001 646 2289 715 libenter
2312 671 2392 715 ac
2422 648 2567 717 sine
2599 646 2697 714 la-

600 754 764 822 bore
787 758 1166 849 composuit
1183 758 1243 823 3:
1275 780 1402 824 nec
1417 808 1434 839 ,
1460 773 1541 823 ut
1565 756 1843 851 quidam
1862 766 2133 850 putant,
2158 758 2378 825 aliena
2400 780 2529 851 pro
2556 761 2698 825 suis

603 867 827 936 edidit.
856 874 1122 937 Venere
1146 873 1215 937 in
1240 892 1480 937 manus
1510 894 1697 937 meas
1726 870 2094 963 pugillares
2122 868 2515 966 libellique4
2540 892 2701 937 cum

602 977 1004 1073 quibusdam
1037 982 1404 1049 notissimis
1435 980 1773 1063 versibus,
1813 984 2025 1075 ipsius
2061 981 2509 1075 chirographo
2542 982 2705 1048 scri-

602 1090 768 1179 ptis:
796 1104 874 1156 ut
893 1089 1086 1158 facile
1103 1107 1492 1183 appareret,
1519 1116 1660 1160 non
1686 1092 2079 1161 translatos⁵
2096 1146 2115 1175 ,
2139 1108 2261 1159 aut
2277 1090 2569 1159 dictante
2590 1089 2705 1157 ali-

601 1218 739 1293 quo
781 1218 1126 1295 exceptos,
1178 1201 1297 1269 sed
1333 1202 1537 1296 plane
1580 1206 1773 1299 quasi
1808 1230 1851 1271 a
1885 1208 2219 1297 cogitante
2264 1220 2467 1298 atque
2500 1226 2701 1293 gene·

603 1325 796 1379 rante
819 1327 1125 1380 exaratos
1145 1340 1164 1396 ;
1193 1315 1290 1380 ita
1307 1313 1522 1381 multa
1542 1332 1611 1380 et
1632 1312 1889 1399 deleta,
1915 1331 1983 1382 et
2004 1311 2320 1382 inducta⁶
2337 1366 2354 1396 ,
2379 1328 2447 1379 et
2471 1334 2707 1405 super-

605 1424 854 1515 scripta
875 1424 1162 1491 inerant.

608 1666 631 1690 ιι
652 1662 758 1697 aux
784 1646 972 1699 enfans
1000 1645 1094 1699 des
1123 1649 1231 1699 rois
1259 1664 1394 1700 ceux
1429 1649 1520 1720 qui
1556 1665 1615 1699 se

610 1747 634 1770 ιι
651 1740 1012 1796 proposeront
1039 1725 1108 1779 de
1137 1724 1216 1779 les
1243 1725 1448 1779 abrutir
1473 1745 1617 1797 pour

611 1825 634 1849 ιι
653 1802 732 1855 les
765 1824 1095 1875 gouverner:
1129 1804 1168 1856 il
1207 1819 1286 1857 est
1317 1796 1616 1877 impo‘rtant

611 1904 634 1928 ιι
653 1900 794 1953 pour
819 1902 919 1935 eux
948 1884 1103 1955 qu’ils
1133 1884 1310 1936 soient
1329 1886 1539 1939 vicieux
1561 1896 1615 1936 et

611 1985 634 2009 ι
655 1964 913 2017 faineans.
935 1964 1070 2017 Mais
1089 1964 1385 2035 Agrippine
1407 1964 1612 2035 apprit,

613 2062 636 2086 ιι
659 2058 789 2091 avec
818 2041 868 2093 le
894 2053 1055 2109 tems,
1089 2040 1249 2111 qu'on
1279 2060 1348 2093 ne
1375 2040 1613 2093 travaille

612 2142 635 2166 ι
654 2138 754 2190 pas
793 2120 1158 2191 impunement
1208 2122 1238 2170 ὲ
1281 2118 1471 2171 rendre
1513 2137 1611 2171 son

613 2222 638 2245 κ
657 2194 844 2250 maitre
876 2210 960 2251 sot
988 2211 1040 2250 et
1075 2194 1341 2249 mechant.
1371 2199 1615 2249 Puissent

611 2302 634 2326 ι
655 2278 729 2332 lea
753 2281 1044 2332 imitatem-s
1073 2278 1141 2331 de
1169 2298 1227 2331 sa
1251 2277 1513 2351 politique
1536 2296 1618 2331 re-

613 2382 636 2406 ιι
657 2360 886 2413 cevoirla
897 2364 1067 2412 meme
1081 2360 1417 2431 recompenset
1427 2359 1618 2434 qu’elle

613 2465 636 2489 ιι
657 2462 722 2495 en
749 2443 952 2495 obtint!
977 2466 1000 2490 ι

682 2543 730 2578 a.
773 2527 889 2595 Quo
930 2525 1125 2578 diutius
1166 2527 1220 2577 in
1265 2525 1617 2577 admiratione

605 2605 690 2657 sui
734 2603 994 2657 detineret.
1043 2601 1240 2675 Lepide
1285 2605 1614 2669 comicorum

606 2684 856 2755 princeps
881 2683 1226 2752 (Montana),
1525 2672 1530 2680 ἶ

606 2767 686 2810 ΝαΙ
701 2768 838 2812 n'aura
851 2767 902 2810 de
915 2765 1071 2824 l'eaprit
1081 2781 1161 2824 que
1174 2779 1279 2808 nous
1291 2774 1334 2808 et
1347 2779 1422 2808 nos
1435 2764 1553 2806 amia.

679 2841 730 2892 3.
773 2839 1123 2892 Cannium...
1163 2837 1480 2908 composuit,
1512 2849 1613 2888 etc.

607 2918 779 2972 Tacit.
797 2918 985 2972 Annal.
1003 2919 1150 2984 xm,
1173 2913 1234 2982 3,
1256 2941 1278 2964 α
1297 2915 1613 2987 aliquando,

608 3000 931 3052 carminibus
958 2995 1287 3070 pangendis,
1316 3000 1489 3049 inesse
1514 2995 1617 3049 sibi

609 3077 872 3132 elementa
924 3075 1179 3128 doctrinae
1226 3075 1559 3128 ostendebat.
1587 3099 1611 3123 n

608 3157 784 3225 Idem,
811 3158 952 3218 XIV,
987 3155 1077 3222 16,
1113 3177 1134 3202 ιι
1153 3156 1236 3208 Ne
1267 3169 1446 3207 tamen
1474 3153 1618 3208 ludi-

609 3257 711 3290 crae
734 3247 939 3289 tantum
971 3236 1313 3308 Imperatoris
1345 3247 1487 3286 artes
1515 3251 1619 3285 no·-
1646 3259 1650 3264 ·

609 3329 902 3382 tescerent,
930 3308 1223 3366 carminum
1252 3329 1469 3387 quoque
1506 3307 1619 3364 stu-¹

609 3393 756 3448 dium
773 3395 1071 3461 affectavit,
1089 3394 1402 3459 contractis,
1424 3391 1619 3462 quibus

610 3477 789 3551 aliqua
810 3473 1081 3550 pangendi
1103 3473 1346 3527 facultas.
1371 3471 1619 3524 Necdum

609 3555 831 3628 insignis
854 3555 1020 3607 aetatis
1046 3555 1160 3604 nati
1180 3576 1202 3600 n
1230 3551 1336 3622 (ita
1364 3549 1539 3605 scribo
1562 3553 1620 3603 in

611 3656 727 3689 mea
745 3637 915 3687 Tacit.
938 3633 1156 3686 edition.
1179 3647 1307 3684 tom.
1323 3627 1397 3700 11,
1413 3651 1469 3704 p.
1483 3632 1618 3694 3263

610 3717 706 3770 ubi
739 3718 897 3768 crisin
929 3714 1032 3768 loci
1061 3713 1198 3766 vide.
1232 3713 1416 3785 Enrr.)
1453 3731 1624 3765 “con-

613 3797 786 3851 sidere
815 3793 1000 3859 simul,
1034 3806 1086 3846 et
1109 3791 1300 3846 allatos
1319 3791 1404 3843 vel
1426 3789 1624 3842 ibidem

611 3889 850 3950 repertos
873 3893 1057 3928 versus
1082 3887 1430 3936 connectere,
1455 3885 1619 3942 atque

611 3959 780 4030 ipsius
802 3953 990 4019 verba,
1015 3973 1232 4026 quoquo
1257 3951 1420 4006 modo
1444 3950 1622 4023 prola·

615 4051 664 4088 ta
686 4074 702 4101 ,
745 4033 992 4105 supplere
1019 4055 1030 4084 :
1077 4031 1224 4106 quod
1267 4032 1470 4104 species
1506 4032 1623 4104 ipsa

615 4118 908 4168 carminum
948 4112 1103 4166 docet
1123 4151 1140 4179 ,
1176 4131 1286 4165 non
1328 4113 1530 4184 impetu
1570 4125 1623 4164 et

1702 1650 1983 1713 instinctu,
2002 1664 2103 1701 nec
2122 1666 2214 1701 ore
2232 1664 2343 1700 uno
2362 1644 2549 1698 fluens.
2572 1668 2597 1692 ι
2622 1644 2707 1697 cf.

1701 1726 1926 1781 Martini.
1947 1729 2125 1799 Epigr.
2140 1728 2286 1795 vm,
2307 1744 2403 1797 70,
2422 1738 2474 1778 et
2492 1725 2593 1789 lx,
2618 1742 2709 1793 27,

1703 1820 1756 1857 et
1790 1824 1923 1879 quos
1957 1807 2089 1859 alios
2122 1808 2301 1859 citavit
2328 1807 2494 1857 Reim.
2526 1802 2593 1855 ad
2622 1802 2713 1855 Xi-

1702 1884 1833 1957 phil.
1850 1886 2006 1951 LXII,
2025 1885 2216 1955 29,ubi
2230 1902 2576 1957 quecumque
2592 1883 2711 1935 fere

1704 1965 1771 2019 de
1788 1969 2016 2021 Neronis
2040 1968 2195 2039 poesi
2218 1966 2407 2019 tradita
2428 1978 2579 2031 sunt,
2602 1962 2713 2015 col-

1704 2046 1849 2118 legit.
1881 2047 2155 2113 Ceterum,
2181 2046 2389 2098 nullum
2424 2044 2513 2097 hic
2548 2042 2709 2095 video

1704 2124 1875 2176 Taciti
1903 2137 1956 2175 et
1976 2122 2215 2177 Suetonii
2242 2123 2569 2176 dissensum:
2598 2122 2715 2173 imd

1706 2217 1989 2276 utrumque
2023 2221 2147 2255 vera
2184 2220 2397 2254 narrare
2434 2200 2711 2265 existimo,

1706 2295 1758 2335 et
1772 2282 1934 2334 modo
1949 2302 2048 2335 suo
2065 2295 2271 2335 tantum
2284 2280 2495 2352 ingenio
2506 2319 2524 2347 ,
2546 2278 2713 2333 modo

1706 2360 1931 2415 aliorum
1969 2382 2132 2435 opera
2166 2362 2403 2433 adjutum
2438 2360 2713 2431 pepigisse

1704 2444 1939 2495 carmina
1948 2444 2206 2495 Neronem
2219 2464 2233 2506 ;
2246 2459 2565 2515 quamquam
2578 2439 2713 2491 alias

1702 2523 1815 2576 haec
1839 2523 1907 2576 de
1934 2537 2165 2598 utroque
2192 2525 2454 2596 scriptore
2478 2519 2609 2574 mihi
2632 2534 2713 2573 est

1704 2605 1991 2670 sententia,
2014 2605 2205 2674 saepius
2230 2603 2387 2654 etiam
2412 2599 2712 2666 declarata,

1705 2695 1763 2734 ut
1776 2684 1829 2734 in
1850 2683 2010 2735 rebus
2030 2681 2097 2734 ad
2114 2683 2285 2753 ipsam
2300 2679 2578 2732 historiam
2600 2696 2713 2749 spe·

1704 2762 1989 2829 etantibuS,
2002 2763 2188 2814 Tacito
2203 2759 2369 2832 magis
2383 2755 2711 2810 credendum

1704 2855 1886 2914 putem
1905 2880 1922 2907 ,
1956 2844 2011 2893 in
2040 2839 2381 2893 admittendis
2408 2837 2711 2890 rumoribus

1704 2921 1863 2992 longe
1895 2919 2211 2982 difficiliori;
2238 2921 2293 2972 in
2322 2920 2419 2984 iis,
2458 2937 2570 2992 quae
2602 2915 2714 2968 lite-

1704 3019 1808 3066 ras,
1824 2999 2195 3066 eruditionem,
2210 3017 2377 3070 genus
2386 2997 2503 3049 Prin
2510 2997 2709 3068 cipum,

1704 3079 1989 3145 Suetonio,
2008 3092 2069 3130 ut
2084 3077 2458 3150 grammatico,
2479 3077 2607 3127 etin
2632 3076 2710 3126 in-

1706 3158 1963 3231 dagandis
1974 3158 2234 3231 ejusmodi
2246 3157 2409 3210 rebus
2428 3159 2713 3208 accuratis-

1707 3259 1861 3293 simo.

1778 3319 1829 3386 4.
1871 3315 2165 3391 Pugillares
2202 3313 2484 3388 libellique.
2528 3315 2715 3384 Jungit

1708 3401 1867 3452 etiam
1896 3399 2025 3451 Plin.
2054 3397 2222 3470 Epist.
2258 3397 2363 3462 IX,
2396 3396 2458 3460 6,
2498 3416 2520 3442 ιι
2540 3395 2713 3448 Omne

1706 3477 1813 3530 boc
1840 3490 2047 3550 tempus
2074 3479 2210 3530 inter
2236 3473 2523 3549 pugillares
2550 3491 2615 3524 ac
2644 3471 2713 3524 li-

1708 3556 1867 3611 bellos
1899 3555 2285 3628 jucundissima
2322 3557 2504 3628 quiete
2540 3567 2715 3603 trans·-

1709 3639 1854 3705 misi,
1869 3661 1891 3686 ιι
1908 3656 1975 3689 ne
1992 3639 2109 3709 quis
2118 3635 2342 3689 alterum
2358 3631 2713 3686 adulterinum

1710 3727 1943 3770 censeat.

1783 3791 1833 3846 5.
1870 3793 1998 3845 Non
2022 3785 2325 3852 onustatos,-
2348 3785 2563 3840 aliunde
2584 3787 2717 3858 peti-

1707 3887 1791 3926 tos
1810 3909 1827 3940 ,
1871 3869 2051 3944 plagio
2100 3869 2215 3922 aliis
2256 3868 2496 3922 sublatos
2520 3889 2535 3929 ;
2574 3864 2711 3919 Gall.

1708 3950 1992 4017 transcrits,
2014 3950 2123 4022 pris
2144 3950 2177 3999 ὰ
2196 3946 2429 4000 d'autres.

1778 4032 1828 4083 6.
1852 4031 1921 4083 Et
1937 4030 2136 4096 deleta,
2164 4039 2215 4081 et
2234 4029 2463 4080 inducta.
2484 4023 2619 4077 Illud
2640 4021 2713 4074 ad

1710 4109 1917 4179 singula
1952 4108 2111 4161 verba
2133 4147 2148 4175 ,
2184 4107 2290 4159 hoc
2328 4105 2395 4159 ad
2422 4117 2561 4158 totas
2590 4121 2713 4156 sen-
2752 4135 2760 4142 -
