3050 5004
686 471 817 547 402
1437 467 1508 530 C.
1563 463 2033 532 SUETONII

682 608 747 666 σὺ
768 611 999 684 micat
1024 606 1213 676 θάλειςς
1236 587 1533 660 Salvium
1559 591 2002 658 Cocceianum
2025 598 2066 626 ¹¹
2085 639 2104 668 ,
2131 585 2314 684 quod
2337 587 2626 658 Othonis
2657 593 2792 658 Im-

680 702 1013 795 peratoris
1030 750 1047 782 ,
1070 701 1295 792 patrui
1314 701 1419 768 sui
1431 752 1450 782 ,
1470 697 1651 768 diem
1671 697 1966 778 natalem
1985 695 2474 770 celebraverat:
2499 701 2794 768 Metium

683 797 1207 905 Pomposianum
1222 818 1269 849 ¹²
1286 863 1305 892 ‚
1334 809 1519 905 quod
1543 810 1794 880 habere
1815 812 2316 904 imperatoriam
2341 813 2624 900 genesin
2647 811 2793 880 vul-

679 948 767 1018 go
802 922 1147 994 ferebatur
1166 975 1185 1004 ,
1222 937 1290 992 et
1324 922 1511 1018 quod
1551 921 1892 1016 depictum
1941 921 2177 990 orbem
2221 937 2420 990 terrae
2465 923 2538 990 in
2577 945 2792 990 mem·-

682 1035 893 1102 brana
914 1087 933 1118 ,
962 1033 1455 1127 concionesque
1483 1057 1724 1126 regum
1753 1057 1834 1104 ac
1863 1029 2118 1102 ducum
2146 1055 2230 1101 ex
2255 1035 2414 1100 Tito
2445 1033 2634 1102 Livio
2665 1035 2786 1100 cir·

684 1145 1085 1226 ‹musea-et,
1114 1141 1435 1241 quodque
1468 1147 1680 1212 servis
1707 1148 1986 1214 nomina
2011 1145 2322 1234 Magonis
2353 1159 2426 1212 et
2453 1142 2791 1212 Hanniba-

684 1254 765 1324 lis
792 1253 1179 1323 indidisset:
1221 1253 1614 1326 Sallustium
1637 1255 2034 1338 Lucullum,
2071 1255 2432 1324 Britannias
2463 1251 2786 1344 legatum,

683 1363 869 1459 quod
894 1363 1161 1434 lanceas
1192 1389 1389 1436 novae
1414 1365 1652 1436 formae
1681 1365 2010 1459 appellari
2045 1365 2385 1434 Luculleas
2415 1386 2662 1456 passus
2691 1387 2786 1432 es-

678 1489 819 1542 set:
854 1478 1134 1542 Junium
1163 1478 1518 1544 Rusticum
1538 1473 1612 1558 ¹³,
1641 1472 1828 1570 quod
1854 1477 2016 1542 Paeti
2044 1473 2366 1542 Thraseae
2399 1489 2470 1540 et
2498 1472 2786 1542 Helvidii

682 1588 887 1653 Prisci
910 1584 1147 1656 laudes
1170 1583 1523 1669 edidisset,
1553 1584 2096 1682 appellassetque
2125 1607 2238 1653 eos
2277 1613 2304 1644 a
2329 1585 2784 1652 sanctissimos

681 1698 901 1778 viros3
926 1727 952 1756 υ
1008 1692 1205 1788 cujus
1243 1698 1546 1764 criminis
1593 1698 1946 1766 occasione
1989 1693 2434 1788 philosophos
2486 1691 2784 1762 ¹4omnes

1857 1933 2784 1995 13.Juniumflusticm,·L.Jum'am

1778 2013 2074 2066 Arulenum
2097 2015 2378 2068 Rusticum.
2394 2013 2530 2066 Vide
2555 2015 2698 2088 Lips-
2716 2011 2783 2068 ad

1777 2094 1950 2146 Tacit.
1977 2093 2151 2162 Agr-ic.
2189 2110 2216 2146 a
2243 2104 2296 2146 et
2327 2092 2426 2157 453
2459 2093 2687 2144 Reimar.
2719 2089 2784 2144 ad

681 1937 841 1992 aliam
865 1953 1089 1988 uxorem
1118 1933 1317 1990 ducere
1340 1937 1451 2003 vis,
1487 1955 1553 1990 ex
1582 1953 1692 2007 qua

676 2016 841 2070 filiam
865 2016 1153 2086 suscipias,
1185 2032 1349 2086 quam
1374 2018 1538 2069 frater
1564 2029 1690 2068 tuus

679 2095 913 2148 violet?·
949 2094 1071 2150 coll.
1110 2113 1231 2167 cap.
1272 2111 1372 2164 22,
1408 2095 1692 2168 redditque

680 2173 817 2228 hanc
876 2176 1373 2246 interpretationem
1430 2176 1654 2228 Pitiscus
1672 2212 1693 2241 ,

682 2257 835 2326 quasi
865 2251 1053 2307 melior
1079 2273 1189 2306 non
1225 2267 1538 2325 superesset.
1575 2257 1688 2307 imo

681 2351 869 2386 sensus
888 2347 967 2386 est
988 2355 1001 2385 ε
1032 2357 1055 2382 ιι
1076 2334 1219 2386 Num
1238 2332 1334 2386 tibi
1360 2335 1519 2386 etiam
1543 2335 1692 2404 cupi-

680 2413 818 2466 ditas
846 2433 1067 2468 uxorem
1098 2413 1366 2467 ducendi?
1384 2437 1407 2462 n
1441 2412 1549 2470 hoc
1578 2426 1689 2480 est,

566 2495 573 2505 '
679 2497 821 2549 Num
842 2508 901 2547 tu
921 2496 1081 2547 etiam
1101 2493 1171 2547 ad
1190 2494 1586 2547 matrimonium
1607 2512 1692 2547 me

678 2572 905 2627 hortaris
916 2612 932 2641 ,
952 2586 1011 2625 ut
1024 2574 1197 2625 fratris
1214 2575 1292 2625 tui
1306 2570 1551 2645 exemplo
1568 2590 1692 2625 uxo-

680 2671 792 2705 rem
820 2652 949 2705 mihi
982 2652 1251 2705 abducas?
1278 2654 1393 2709 Nisi
1420 2650 1692 2723 praecede-

664 2738 759 2784 ‘ret
790 2732 861 2783 ad
887 2730 1112 2785 alterum
1140 2731 1570 2795 matrimonium,
1601 2750 1690 2785 ex-

678 2809 956 2883 plicarem:
985 2812 1198 2879 «Quin
1184 2830 1299 2883 ipse
1319 2810 1424 2865 duc
1440 2830 1688 2877 uxorem,

678 2904 740 2945 ut
770 2890 865 2943 filii
892 2890 989 2943 tibi
1013 2905 1323 2957 nascantur,
1358 2892 1568 2961 imperii
1596 2889 1690 2943 he-

678 2956 895 3023 redeszn
873 2969 1063 3041 „quod
1078 2988 1206 3025 sane
1219 2969 1692 3025 invidiosissimum

678 3046 869 3101 fnisset
885 3050 1209 3101 Domitiano.
1230 3049 1332 3103 Sed
1350 3048 1482 3101 illud
1495 3052 1692 3103 rectius

681 3142 790 3196 est,
814 3126 1125 3201 placuitque
1150 3131 1305 3181 etiam
1330 3128 1582 3182 Mullero.

752 3222 837 3259 u.
866 3206 1109 3261 Salvium
1133 3208 1474 3260 Cocceianum
1487 3228 1506 3269 ‚-
1525 3206 1692 3260 filium

680 3288 839 3342 Salvii
864 3289 1091 3354 Titiani,
1120 3288 1297 3341 fratris
1328 3286 1574 3341 Othonis.
1605 3288 1688 3341 Cf.

678 3367 821 3439 Lips.
844 3365 912 3419 ad
933 3368 1103 3419 Tacit.
1128 3368 1265 3419 Hist.
1290 3368 1373 3433 11,
1398 3365 1467 3433 48
1483 3403 1503 3433 ,
1524 3378 1580 3418 et
1607 3386 1694 3421 su-

678 3464 777 3519 pra
798 3444 870 3499 ad
890 3444 1089 3499 othon.
1122 3464 1241 3518 cap.
1274 3462 1353 3497 10.

758 3542 777 3577 1
790 3544 840 3577 2.
860 3526 1084 3579 Mecium
1104 3526 1533 3597 Pompusianum.
1553 3524 1692 3577 Vide

679 3606 899 3677 Vespas.
933 3603 1025 3671 14,
1057 3604 1149 3657 ubi
1177 3606 1483 3677 pepercisse
1508 3606 1557 3657 ei
1587 3607 1692 3657 Ve-

680 3684 987 3755 spasianum
1011 3682 1233 3755 legimus
1250 3721 1269 3751 ‚
1296 3684 1459 3736 citato
1485 3682 1688 3755 Xiphil.

678 3764 888 3831 LXVII,
914 3780 935 3815 1
948 3782 974 3815 2
989 3800 1009 3827 ‚
1036 3780 1199 3833 quem
1216 3760 1284 3814 de
1301 3780 1359 3815 re
1374 3776 1552 3815 nostra
1573 3782 1690 3815 rur-

678 3862 770 3899 sus
789 3844 921 3905 ibid.
938 3844 1089 3897 vide:
1113 3857 1560 3897 commemoratur
1578 3846 1690 3896 Me-

678 3924 785 3977 tius
808 3924 975 3991 infra,
1007 3942 1125 3995 cap.
1164 3941 1248 3977 20.
1285 3924 1534 3977 Ceterum
1565 3921 1688 3975 libri

678 4004 789 4057 fere
798 4002 1217 4059 membr-anusve!
1224 4004 1552 4057 membranis.
1567 4004 1690 4056 Pro-

678 4084 939 4137 miscuum
966 4096 1064 4137 est.
1088 4082 1245 4137 Conf.
1280 4096 1457 4137 tamen
1485 4080 1685 4137 Duker.

680 4162 823 4233 apud
848 4161 1197 4235 Oudendorp.

1780 2171 1982 2244 xiphil.
1997 2172 2210 2238 LXVII,
2233 2171 2455 2237 13.1ue,
2471 2189 2595 2242 cap.
2613 2189 2642 2224 2
2655 2209 2671 2238 ,
2685 2174 2780 2224 ita:

1785 2274 1810 2300 ιι
1827 2253 2100 2322 Legimus,
2129 2270 2292 2323 quum
2313 2251 2548 2306 Aruleno
2573 2253 2782 2306 Rustico

1777 2332 1945 2384 Paetus
1963 2329 2229 2399 Thrasea,
2253 2334 2524 2386 Herennio
2541 2331 2784 2386 Senecio-

1779 2412 1836 2463 ni
1854 2413 2060 2464 Priscus
2077 2411 2347 2466 Helvidius
2362 2411 2567 2466 laudati
2586 2425 2784 2476 essent,

1779 2490 2008 2563 capitale
2027 2491 2220 2555 fuisse;
2241 2510 2416 2563 neque
2434 2495 2490 2544 in
2509 2493 2658 2563 ipsos
2677 2509 2782 2545 mo-

1780 2571 1852 2624 do
1881 2585 2158 2641 auctores,
2183 2572 2278 2626 sed
2301 2576 2356 2625 in
2380 2572 2544 2626 libros
2570 2589 2782 2645 quoqne

1779 2670 1961 2707 eorum
1982 2656 2244 2720 saevitum,
2264 2652 2512 2723 delegato
2531 2652 2784 2706 Triumvi-

1778 2732 1849 2783 ris
1877 2733 2196 2799 ministerio,
2223 2744 2286 2783 ut
2304 2744 2654 2784 monumenta
2675 2731 2780 2783 ela·-

1776 2811 2106 2862 rissimorum
2125 2812 2460 2881 ingeniorum
2483 2812 2538 2862 in
2559 2810 2782 2863 Comitio

1779 2905 1842 2941 ac
1863 2890 2004 2939 Foro
2026 2904 2333 2955 urerentur,
2353 2903 2497 2942 etc-¹·
2473 2890 2678 2943 MConf
2697 2890 2781 2942 xi-

1779 2968 1911 3041 phil.
1945 2970 1984 3023 l.
2017 2991 2065 3023 c.
2099 2971 2234 3023 Plin.
2266 2972 2434 3043 Epist.
2465 2972 2566 3037 111,
2601 2988 2694 3038 ιι,
2723 2971 2782 3035 3,

1780 3048 2006 3123 aliisque
2025 3050 2176 3103 locis.

1857 3128 1938 3196 14.
1978 3129 2324 3201 Philosophus
2355 3148 2576 3183 omnes..
2599 3148 2784 3183 .sum-

1779 3210 1960 3263 movit.
1981 3208 2183 3280 xiphil.
2205 3210 2239 3262 l.
2261 3228 2310 3261 c.
2329 3212 2424 3280 qui
2443 3196 2782 3275 leucidum

1781 3279 1928 3343 ιιυθις
1941 3288 2012 3339 01)
2027 3290 2198 3341 simile
2205 3289 2519 3359 Vespasiani
2533 3287 2780 3355 edictum,

1781 3368 1848 3420 de
1869 3385 1978 3440 quo
1990 3366 2111 3421 vide
2131 3366 2202 3420 ad
2213 3369 2436 3438 vespas.
2466 3368 2546 3421 13.
2563 3367 2784 3422 Pulchre

1778 3448 1949 3500 Tacit.
1979 3447 2152 3517 Agr-ie.
2178 3466 2237 3499 2·
2225 3486 2238 3499 .
2269 3447 2524 3501 «Scilicet
2549 3448 2680 3503 illo
2665 3466 2784 3519 :gne

1777 3545 1964 3580 vocem
1981 3527 2168 3599 populi
2183 3528 2408 3580 Romani
2423 3542 2474 3581 et
2487 3526 2783 3581 libertatem

1777 3609 2002 3661 Senatus
2013 3620 2069 3660 et
2081 3610 2456 3660 conscientiam
2467 3613 2682 3680 generis
2695 3608 2784 3661 ha-

1777 3687 1922 3738 mani
1945 3684 2148 3739 aboleri
2170 3686 2586 3755 arbitrabantur,
2607 3686 2784 3761 expul-

1775 3766 1842 3818 sis
1871 3758 2080 3836 insuper
2099 3766 2376 3837 sapientie
2387 3768 2778 3861 professoribus,

1775 3845 1934 3919 atque
1959 3846 2106 3898 omni
2141 3847 2276 3899 bona
2307 3861 2422 3900 arte
2458 3850 2518 3900 in
2547 3848 2776 3901 exsilium

1775 3938 1922 3992 acta,
1946 3944 2014 3977 ne
2031 3926 2161 3998 quid
2176 3944 2390 3999 usquam
2411 3926 2682 3982 honestem
2699 3942 2776 3979 οι·-

1775 4014 2056 4057 current.-
2089 4002 2170 4056 cf.
2207 4000 2339 4057 plin.
2369 4007 2536 4077 Epist.
2569 4008 2670 4072 111,
2697 4018 2769 4065 ιι,

1778 4101 1841 4146 23
1866 4084 2120 4155 Panegyr.
2141 4083 2238 4148 47,
2257 4081 2395 4136 Gall.
2415 4084 2530 4153 XV,
2559 4082 2769 4145 113Rar

1777 4179 1908 4215 mar.
1936 4160 2006 4215 ad
2030 4160 2228 4235 Xiphil.
2253 4162 2290 4215 l.
2315 4182 2364 4217 c.
