3050 5004
618 483 752 565 470
1368 471 1442 534 c.
1494 469 1962 535 s'UEToNn

1174 695 1261 755 A.
1292 690 1568 772 Gellius,
1597 689 1706 757 lib.
1735 691 1888 771 XV,
1912 714 2047 783 cap.
2081 695 2144 773 4.

707 878 1042 947 Eumdem
1084 882 1367 945 Bassum
1402 878 1760 948 Suetonius
1796 874 2237 971 Tranquillus
2271 880 2718 971 praepositum

616 1014 765 1063 esse
786 1015 828 1057 a
853 994 949 1057 M.
976 991 1268 1056 Antonio
1291 989 1655 1080 provinciis
1678 986 2135 1055 Orientalibus
2151 1039 2168 1069 ,
2197 980 2614 1082 Parther
2643 991 2720 1056 in

614 1104 877 1197 Syriam
898 1104 1473 1193 introrumpentes
1496 1098 1717 1167 tribus
1740 1097 1826 1167 ab
1850 1122 1932 1167 eo
1957 1098 2207 1193 praeliis
2229 1099 2419 1168 fusos
2447 1099 2714 1185 scribit,

616 1236 909 1309 eumque
959 1215 1259 1304 primum
1304 1212 1612 1279 omnium
1657 1208 1746 1279 de
1796 1209 2059 1281 Parthis
2103 1208 2560 1305 triumphasse
2575 1262 2596 1293 ,
2645 1228 2722 1279 et

614 1342 836 1393 morte
863 1320 1045 1390 obita
1070 1320 1344 1416 publico
1370 1322 1612 1390 funere
1637 1320 1982 1414 sepultum
2009 1345 2178 1389 esse.

1142 1536 1395 1605 Servius
1416 1536 1504 1601 ad
1522 1536 1825 1627 Ecloqam
1847 1538 1995 1615 III,
2029 1562 2051 1601 1
2067 1535 2176 1604 05.

708 1737 901 1801 Dicta
926 1732 1085 1799 ulna
1114 1722 1281 1805 ἀπὸ
1315 1726 1457 1805 τῶν
1494 1724 1816 1817 ὧλενῶν,
1849 1729 1921 1799 id
1947 1745 2085 1815 est,
2113 1754 2156 1798 a
2177 1730 2502 1800 brachiis:
2527 1730 2718 1801 unde

614 1869 683 1923 et
711 1840 1197 1934 λευκώλενος
1225 1822 1408 1947 ᾗρη
1426 1872 1447 1893 ·
1480 1850 1637 1920 licet
1655 1852 2010 1921 Suetonius
2034 1876 2253 1919 unum
2277 1852 2585 1921 cubitum
2603 1876 2720 1921 ve-

614 1970 695 2038 lit
716 1993 864 2038 esse
886 1966 1377 2037 tantummodo.

1214 2182 1391 2248 Idem
1412 2183 1499 2247 ad
1520 2183 1804 2273 Georqic.
1830 2185 1972 2265 ΙΙΙ,
2001 2208 2111 2273 27.

706 2367 909 2454 Quod
930 2384 1160 2436 autem
1186 2371 1280 2435 ait
1296 2420 1313 2452 ,
1342 2372 1720 2462 victorisque
1739 2394 1920 2435 arma
1941 2370 2230 2460 Quirini,
2259 2392 2402 2438 non
2423 2388 2527 2443 est
2554 2395 2718 2441 oon-

512 2546 523 2556 ,
616 2480 901 2548 trarium
926 2506 942 2546 ε
967 2502 1162 2562 nam,
1194 2492 1274 2546 ut
1298 2480 1501 2549 etiam
1524 2482 1595 2548 in
1618 2482 1839 2575 primo
1861 2478 2212 2566 AEneidos,
2245 2507 2311 2550 v.
2343 2507 2477 2575 292
2497 2535 2516 2566 ,
2545 2481 2717 2552 dixi-

616 2613 775 2658 mus
792 2643 809 2674 ,
850 2591 1207 2658 Suetonius
1238 2589 1682 2685 Tranquillus
1707 2587 1842 2660 hoo
1863 2587 1950 2658 de
1975 2596 2282 2684 Augusto
2314 2615 2720 2661 commemo-

616 2718 724 2769 rat
738 2753 755 2783 ,
804 2731 833 2762 a
859 2699 1156 2797 quodam
1190 2719 1496 2795 tempore
1537 2718 1673 2769 tres
1713 2718 1940 2796 partes
1981 2701 2219 2796 populi
2257 2705 2720 2772 consentiente

618 2813 867 2882 Senatu
890 2809 1216 2880 obtulisse
1244 2812 1304 2878 ei
1336 2813 1459 2878 tria
1486 2813 1765 2879 nomina
1782 2864 1800 2896 ,
1827 2813 2129 2899 Quirini,
2159 2813 2474 2906 Augusti,
2502 2815 2721 2881 Caesa-

618 2925 734 2991 ris.
788 2921 946 3006 me,
996 2947 1083 2991 ne
1103 2974 1121 3005 ,
1164 2947 1382 2991 unum
1426 2921 1738 3016 eligendo
1757 2977 1774 3008 ,
1821 2923 1982 2991 alias
2029 2907 2411 2992 offenderet
2454 2942 2718 3017 partes,

616 3035 839 3126 primo
872 3034 1193 3120 Quirinus
1230 3048 1335 3100 est
1369 3031 1628 3102 dictus:
1670 3032 1828 3102 inde
1859 3037 2114 3103 Caesar:
2153 3049 2310 3126 post
2335 3037 2411 3102 in
2439 3036 2718 3104 nomine
2761 3085 2772 3094 -

615 3145 990 3236 permansit
1014 3143 1321 3235 Augusti.
1347 3174 1375 3203 ι

1048 3357 1367 3438 IsidoruS,
1392 3357 1570 3455 Oriq.
1601 3357 1718 3426 lib.
1743 3357 2028 3442 XVIII,
2040 3381 2176 3454 cap.
2210 3381 2275 3432 2.

709 3540 1152 3641 Tranquillus
1189 3561 1418 3611 autem
1438 3596 1454 3624 ,
1492 3541 1920 3640 triumphum
1954 3545 2190 3612 Latine
2223 3544 2453 3640 potius
2487 3543 2718 3642 appel-

614 3655 860 3762 latum,
876 3655 1071 3754 ‘quod
1094 3659 1149 3724 is
1163 3709 1181 3745 ,
1213 3659 1331 3754 qui
1356 3657 1787 3751 triumphans
1811 3655 2068 3747 Urbem
2091 3654 2582 3756 ingrederetur,
2605 3657 2718 3724 tri-

616 3769 864 3861 partito
878 3763 1136 3861 judicio
1157 3766 1628 3838 honoraretur.

774 4058 791 4078 κ
1236 3975 1445 4058 Idem,
1475 3957 1687 4042 eodem
1712 3971 1823 4041 tib.
1856 3997 1993 4068 cap.
2021 3973 2083 4041 6.
2125 3967 2134 3974 ’

710 4158 1146 4250 Tranquillus
1175 4175 1401 4230 autem
1425 4159 1622 4230 dicit:
1651 4117 1836 4230 Dutn
1859 4157 2216 4254 cujusdam
2233 4156 2623 4252 ghdhtori·
2639 4160 2714 4226 in
