3050 5004
1183 467 1460 532 NERO.

2236 476 2365 541 205

271 598 578 661 Romano
607 612 810 663 antea
841 610 1161 687 nuptam3
1197 590 1440 659 deinde
1487 592 1809 661 Statiliam
1852 603 1875 630 ²
1894 596 2327 685 Messalinam
2347 652 2365 683 ,

271 707 472 770 Tauri
504 704 610 771 bis
633 703 944 773 Consulis
967 728 1046 771 ac
1077 700 1502 793 triumphalis
1525 702 1911 795 abneptem.
1941 710 2089 790 Qua
2113 723 2191 773 ut
2212 712 2371 801 poti-

267 831 478 895 retur,
501 816 726 883 virum
744 813 916 908 ejus,
939 817 1230 881 Atticum
1245 814 1602 879 Vestinum
1618 812 2007 897 Consulem,
2028 818 2099 883 in
2113 815 2368 887 honore

268 926 410 1015 ipso
433 924 822 993 trucidavit.
849 926 1144 993 Octaviae
1165 921 1737 991 consuetudinem
1770 926 1899 991 cito
1928 943 2327 1019 aspernatus
2350 980 2367 1011 ,

267 1037 790 1129 corripientibus
809 1039 1040 1105 amicis
1055 1090 1076 1119 ,
1109 1068 1135 1097 a
1155 1034 1472 1105 sufficere
1495 1034 1595 1101 illi
1626 1034 1873 1105 debere
1888 1090 1904 1120 ,
1927 1068 1953 1097 n
1986 1038 2365 1131 respondit,

275 1177 300 1204 a
319 1150 564 1215 uxoria
595 1165 1012 1217 ornamenta.
1035 1178 1062 1209 υ
1107 1144 1408 1215 Eandem
1451 1171 1611 1215 mox
1652 1170 1833 1243 saepe
1873 1148 2125 1217 frustra
2166 1168 2372 1219 stmu-

268 1256 502 1348 gulare
539 1256 932 1343 meditatus,
971 1258 1222 1327 dimisit
1255 1272 1332 1325 ut
1363 1256 1664 1325 sterilem
1686 1254 1711 1295 ³
1739 1284 1753 1324 z
1790 1256 1911 1327 sed
1946 1260 2370 1353 improbante

269 1366 633 1437 divortium
663 1369 952 1463 populo,
991 1394 1118 1437 nec
1151 1385 1468 1463 parcente
1503 1370 1821 1437 conviciis
1841 1420 1858 1451 ,
1890 1372 2091 1438 etiam
2126 1371 2373 1464 relega·

269 1481 358 1545 vit
373 1478 424 1547 4.
463 1483 772 1575 Denique
816 1480 1058 1551 occidit
1101 1479 1228 1549 sub
1275 1482 1554 1547 crimine
1591 1478 2077 1549 adulteriorum
2098 1482 2121 1521 ⁵
2147 1535 2165 1566 ,
2194 1482 2369 1552 adeo

268 1710 330 1763 tis
353 1712 614 1779 Romani,
647 1731 710 1765 ex
737 1730 842 1787 quo
863 1710 1048 1785 filium
1075 1730 1274 1786 genue-

268 1799 367 1854 rat,
387 1788 537 1840 Otho
553 1789 787 1861 pellexit,
798 1794 1018 1861 juventa
1036 1810 1098 1843 ac
1113 1791 1240 1843 luxu
1253 1829 1270 1857 ‚

268 1880 316 1916 et
343 1869 468 1937 quia
497 1868 935 1939 flagrantissimus
964 1873 1018 1922 in
1044 1870 1271 1921 amicitia

267 1946 494 1998 Neronis
507 1946 826 2000 habebatur.
838 1950 951 1999 Nec
961 1966 1129 2013 mora,
1141 1948 1268 2020 quin

267 2022 526 2075 adulterio
579 2028 978 2079 matrimonium
1020 2030 1272 2098 jungere-

267 2116 364 2153 tur.
386 2126 410 2149 ·
451 2104 598 2157 Otho
633 2119 822 2176 postea
859 2108 1060 2158 Neroni
1093 2108 1265 2158 cessit.

265 2182 340 2233 Cf.
365 2184 542 2235 Tacit.
567 2186 623 2235 in
649 2202 759 2256 seq.
790 2199 842 2236 ot
865 2188 1041 2237 Nostr.
1069 2186 1264 2239 Othon.

269 2263 314 2313 3.
330 2261 494 2329 Quod
513 2276 688 2315 autem
705 2278 906 2335 patrem
921 2265 1122 2317 Sabina.-
1143 2266 1268 2317 Sue-

267 2344 438 2395 tonius
464 2344 800 2414 quet-storiam
819 2380 836 2407 ‚
865 2346 1079 2395 Tacitus
1105 2344 1270 2397 hono-

269 2424 400 2475 ribus
427 2424 666 2477 nondum
688 2424 940 2495 functum
965 2423 1160 2476 obiisse
1189 2423 1267 2474 di-

267 2506 361 2570 cit,
389 2505 470 2556 vel
501 2504 800 2572 dissensus,
833 2517 894 2556 ut
927 2507 1112 2576 saepius
1131 2542 1148 2571 ,
1189 2516 1269 2556 est

269 2588 580 2658 scriptorum
603 2625 620 2654 ,
656 2587 738 2638 vel
781 2585 1012 2637 honores
1052 2587 1267 2638 Tacitus

269 2668 570 2736 angustiore
601 2685 760 2720 sensu
785 2664 994 2719 curules
1018 2668 1126 2718 sive
1153 2683 1267 2718 ma-

262 2751 400 2814 jores
423 2745 574 2799 dixit.

333 2845 384 2877 2.
403 2827 608 2878 Deinde
623 2825 888 2880 Statiliam
908 2825 1264 2878 Messalinam.

267 2907 525 2956 Μεωοηῑ
543 2903 782 2956 eamdem
803 2905 1048 2971 Tacitus,
1069 2903 1260 2954 Annal.

267 2985 378 3049 ΧΥ,
401 2985 472 3037 68
497 3002 604 3054 seq.
639 2983 706 3036 ad
735 3002 860 3036 aun.
891 2985 1021 3052 819,
1045 2982 1140 3034 ubi
1167 2983 1266 3034 Ve-

269 3064 356 3114 stin
365 3083 454 3114 um
465 3061 750 3115 Consulem
759 3077 812 3115 et
822 3062 890 3114 ob
903 3077 982 3115 vet
991 3081 1050 3115 us
1063 3061 1262 3126 odium,

269 3155 316 3192 et
333 3139 406 3193 ob
429 3141 484 3193 id
505 3143 678 3212 ipsum
697 3144 1036 3194 interemtum
1057 3153 1263 3204 narrat,

273 3245 292 3266 ι
307 3222 448 3292 quod
463 3221 720 3274 Statiliam
737 3220 1070 3274 Messalinam
1085 3222 1262 3272 matri-

269 3303 440 3352 monio
456 3301 556 3352 sibi
569 3303 844 3371 junxerat,
863 3300 1008 3352 haud
1025 3301 1234 3352 nescius
1246 3337 1263 3364 ,

267 3381 398 3431 inter
419 3377 689 3432 adulteros
710 3381 823 3448 ejus
843 3392 896 3430 et
914 3379 1167 3430 Coesarem
1188 3395 1262 3428 es-

267 3476 332 3508 se.
349 3483 372 3506 a
393 3457 608 3528 Collega
626 3458 824 3508 Vestini
840 3471 950 3509 erat
966 3456 1118 3510 Silius
1135 3455 1262 3508 Ner-

265 3555 340 3588 va.
367 3568 438 3578 —
465 3537 626 3588 Tauri
653 3537 724 3590 bis
749 3535 996 3589 Consulis.
1024 3533 1260 3586 Alterum

264 3617 592 3669 consulatum
629 3615 790 3686 gessit
817 3633 940 3666 ann.
979 3615 1108 3682 728,
1137 3631 1260 3666 cum

262 3700 496 3768 Augusto
515 3698 650 3748 vm.
671 3697 850 3763 Quum
876 3695 943 3746 de
965 3695 1130 3766 priori
1149 3713 1256 3746 non

261 3788 488 3840 constet,
511 3793 634 3827 aun.
657 3791 757 3844 717
780 3773 1064 3826 suffectum
1085 3774 1141 3824 L.
1164 3775 1260 3825 Ca-

261 3855 403 3906 ninio
413 3857 676 3906 existimat
687 3853 914 3924 Pighius,
927 3851 1114 3904 Annal.
1129 3865 1254 3904 tom.

259 3934 352 3995 111,
377 3951 498 4003 pag.
520 3933 624 4002 490
639 3945 692 3984 et
709 3933 829 3986 510.
851 3930 910 3982 ld
930 3930 1115 3982 saltem
1133 3949 1260 4001 pro-

259 4009 484 4064 babilius
499 4051 512 4073 ‚
557 4029 719 4083 quatu
773 4009 919 4081 quod
964 4008 1254 4080 Glandorp.

261 4089 529 4140 Onomast.
559 4107 616 4161 p.
651 4087 784 4154 813,
823 4107 942 4140 ann.
986 4087 1087 4157 728
1117 4091 1260 4160 prio·

263 4185 392 4232 rem,
410 4181 460 4219 et
477 4185 600 4220 ann.
619 4167 750 4236 764,
773 4169 880 4220 sive
895 4169 1122 4219 triennio
1137 4180 1260 4219 ante

1361 1712 1587 1781 Augusti
1606 1711 1839 1779 obitum,
1858 1711 2081 1765 alterum
2102 1714 2215 1783 eius
2230 1732 2367 1767 cou-

1363 1790 1593 1843 sulatum
1608 1790 1889 1858 adscribit,
1910 1809 2072 1862 quum
2096 1790 2256 1861 hujus
2280 1812 2369 1845 an-

1359 1872 1417 1922 ni
1441 1872 1642 1925 Consul
1665 1872 1806 1925 illius
1822 1872 1961 1925 filius
1976 1890 2089 1925 esse
2104 1872 2367 1926 videatur.

1359 1951 1794 2022 Triumphaverat
1826 1953 2034 2005 Taurus
2072 1971 2135 2005 ex
2168 1954 2365 2006 Africa.

1357 2031 1492 2083 Vide
1523 2034 1743 2103 interpr.
1787 2032 1853 2084 ad
1886 2031 2020 2083 Vell.
2050 2034 2129 2098 n,
2166 2050 2281 2103 127,
2312 2046 2367 2086 et

1361 2130 1476 2181 quae
1507 2111 1577 2162 de
1610 2112 1798 2163 eodem
1832 2114 2129 2164 notavimus
2162 2112 2231 2165 ad
2258 2114 2368 2165 Au-

1359 2204 1498 2260 gust.
1530 2210 1647 2262 cap.
1678 2209 1759 2262 29.

1429 2270 1479 2323 3.
1522 2272 1759 2323 Eandem
1789 2288 1913 2321 mox
1916 2308 2045 2323 .....
2081 2271 2279 2325 dimisit
2308 2284 2370 2324 ut

1357 2348 1615 2412 sterilem5
1647 2369 1769 2401 ann.
1808 2350 1929 2402 816.
1964 2350 2132 2402 Tacit.
2170 2350 2363 2403 Annal.

1356 2426 1504 2491 XIV,
1552 2428 1622 2478 60
1644 2466 1660 2493 ‚
1709 2450 1730 2473 κ
1750 2425 2009 2478 Exturbat
2051 2430 2325 2479 Octaviam
2344 2466 2361 2494 ‚

1358 2505 1589 2556 sterilem
1640 2505 1903 2557 dictitans.
1955 2506 2085 2556 Exin
2131 2506 2365 2578 Poppoeae

1356 2585 1712 2653 conjungitur.
1735 2607 1757 2630 n
1776 2583 1858 2634 Cf.
1876 2583 2077 2654 Xiphil.
2094 2585 2257 2650 LXII,
2281 2588 2359 2639 13.

1426 2661 1478 2726 4.
1515 2661 1620 2712 Sed
1618 2700 1765 2712 .....
1807 2662 1964 2714 etiam
1999 2661 2263 2734 releyavit.
2302 2665 2363 2716 ln

1355 2743 1703 2812 Campaniam
1718 2743 1863 2811 prins
1881 2740 2041 2812 pulsa
2060 2756 2165 2808 est,
2184 2743 2361 2798 addita

1355 2820 1569 2872 militari
1594 2819 1837 2872 custodia
1855 2819 2023 2881 vinde
2058 2835 2361 2874 revocatam

1357 2895 1428 2948 ob
1449 2897 1637 2968 populi
1660 2911 1877 2968 questus
1896 2897 2071 2950 insula
2090 2917 2209 2950 mox
2230 2902 2361 2953 Pau-

1355 2975 1560 3028 dataria
1592 2975 1808 3052 clausit.
1854 2974 1983 3028 Vide
2024 2978 2193 3029 Tacit.
2238 2997 2357 3050 cap.

1355 3056 1585 3108 60-63,

1432 3135 1478 3186 5.
1494 3137 1598 3188 Sub
1612 3136 1829 3186 crimine
1840 3135 2240 3204 adulteriorum,
2257 3151 2356 3191 etc.

1353 3216 1519 3266 Tacit.
1548 3215 1648 3266 60:
1684 3236 1707 3260 α
1730 3217 2034 3286 Poppaeam.
2072 3216 2358 3286 quemdam

1354 3311 1417 3344 ex
1447 3294 1699 3344 ministris
1724 3295 1953 3346 Octaviae
1984 3295 2219 3364 impulit,
2246 3313 2357 3347 ser-

1353 3371 1508 3425 vilem
1538 3376 1586 3424 ei
1627 3393 1857 3424 amorem
1898 3373 2126 3443 objicere
2147 3396 2158 3424 :
2198 3374 2358 3426 desti-

1350 3465 1613 3525 naturque
1634 3469 1784 3518 reus,
1809 3465 2167 3522 cognomento
2186 3453 2357 3504 Ence-

1348 3551 1440 3583 rus
1454 3568 1471 3596 ‚
1497 3533 1713 3582 natione
1734 3529 2147 3597 Alexandrinus,
2168 3549 2356 3584 canere

1349 3610 1490 3664 tibiis
1523 3610 1729 3661 doctus.
1762 3611 1904 3662 Actae
1930 3609 2000 3660 ob
2024 3609 2079 3660 id
2105 3611 2170 3661 dc
2194 3610 2354 3662 ancil·

1351 3692 1412 3746 lis
1437 3695 1779 3763 quaestiones,
1815 3704 1865 3742 et
1892 3692 1945 3740 vi
1970 3703 2353 3742 tormentorum

1349 3773 1502 3823 victis
1534 3770 1883 3840 quibusdam,
1910 3783 1970 3822 ut
1994 3770 2125 3822 falsa
2154 3769 2351 3822 adnue-

1349 3863 1493 3916 rent,
1516 3847 1695 3921 plures
1720 3853 1993 3921 perstitere
2017 3851 2351 3916 sanctitatem

1350 3928 1573 3980 dominae
1609 3931 1759 3980 tueri.
1792 3929 1867 3979 Ex
1906 3926 2098 3999 quibus
2132 3921 2241 3978 una·
2270 3929 2351 3979 in-

1349 4011 1508 4059 stanti
1532 4007 1820 4078 Tigellino,
1850 4007 2076 4058 castiora
2101 4023 2213 4058 esse
2236 4023 2350 4056 mu-

1351 4085 1539 4138 liebria
1577 4089 1804 4140 Octaviae
1843 4084 2152 4158 respondit,
2190 4103 2351 4156 quam

1353 4186 1413 4219 os
1439 4168 1569 4236 ejus.
1592 4189 1613 4214 ι
1648 4167 1727 4218 Cf.
1760 4164 1958 4236 Xiphil.
1985 4163 2017 4214 l.
2044 4183 2091 4215 c.
