3050 5004
1086 541 1640 609 v1TELL1Us.
2287 553 2422 631 509

323 662 661 736 Othonem
706 666 1177 758 praemitteret,
1220 685 1528 759 quasque
1575 668 1723 759 ipse
1773 664 2192 759 perduceret.
2245 671 2425 737 Prae-

322 778 533 843 misso
550 778 817 869 agmine
832 774 1135 857 ³‚1aetum
1152 778 1377 845 evenit
1393 777 1766 867 auspicium
1783 797 1802 858 ς
1820 776 2158 871 siquidem
2175 801 2218 844 a
2235 793 2426 869 parto

323 883 563 965 dextra
592 900 871 977 repente
898 886 1127 979 aquila
1152 881 1560 967 advolavit4,
1591 876 2028 979 lustratisque
2055 886 2428 977 signiS‚i1i-

324 1018 599 1089 gressus
623 998 799 1065 viam
827 999 1081 1067 sensim
1103 998 1484 1067 antecessit.
1516 1003 1603 1065 At
1624 1014 1890 1080 contra,
1913 1000 2062 1090 ipso
2085 1013 2433 1079 moventet

324 1122 565 1178 statuae
606 1121 985 1201 equestres,
1024 1126 1237 1199 quum
1272 1082 1694 1199 plurifariam
1721 1109 1782 1175 ei
1820 1124 2264 1199 ponerentur,
2295 1106 2430 1175 fra-

325 1219 449 1295 ctis
470 1234 749 1311 repente
770 1218 1083 1318 cruribus
1106 1220 1362 1311 pariter
1383 1234 1826 1288 corruerunt.
1847 1234 1916 1286 et
1937 1218 2166 1286 laurea
2182 1270 2201 1301 ,
2221 1242 2429 1313 quam

325 1327 823 1421 religiosissime
844 1327 1401 1412 circumdederat,
1420 1321 1490 1397 in
1510 1328 1964 1429 profluentem
1983 1328 2247 1397 excidit.
2271 1332 2434 1398 Mox

328 1442 611 1515 Viennae
633 1464 759 1532 pro
774 1438 1093 1507 tribunali
1102 1436 1129 1533 j
1140 1464 1259 1519 ura
1279 1439 1588 1509 reddenti
1603 1439 2014 1533 gallinaceus
2030 1441 2058 1487 ⁵
2083 1464 2293 1534 supra
2309 1440 2437 1509 hu-

326 1568 634 1633 merum,
658 1569 738 1627 ac
774 1550 1017 1627 deinde
1054 1554 1123 1631 in
1162 1555 1381 1645 capite
1403 1551 1678 1621 adstitit.
1713 1552 1976 1639 Quibus
2000 1554 2282 1621 ostentis
2311 1576 2436 1643 par

328 1659 681 1753 respondit
706 1663 923 1751 exitus
954 1674 1153 1730 :nam
1185 1662 1660 1737 confirmatum
1687 1687 1812 1755 per
1833 1662 2090 1755 legatos
2118 1684 2279 1731 suos
2306 1664 2434 1731 im·-

327 1775 629 1864 periu‘m‚
658 1797 781 1865 per
812 1773 930 1841 se⁶
956 1776 1247 1841 retinere
1275 1798 1414 1843 non
1444 1777 1686 1867 potuit.

416 1888 501 1951 X.
528 1890 627 1953 De
656 1888 1058 1959 Betriacensi
1081 1888 1390 1953 victoria¹
1418 1904 1485 1954 et
1510 1884 1796 1955 Othonis
1823 1888 2008 1955 exitu
2027 1938 2044 1969 ‚
2076 1909 2290 1981 quum
2319 1880 2437 1955 ad-

330 1992 467 2063 huc
495 1997 565 2067 in
599 1994 815 2066 Gallia
841 2013 1047 2078 esset,
1074 1994 1329 2065 audiit:
1356 1995 1662 2091 nihilque
1689 2013 2080 2075 cunctatus,
2107 1995 2436 2091 quicquid

330 2108 887 2198 praetorianarum
914 2108 1293 2175 cohortium
1319 2108 1518 2191 fuit³,
1546 2126 1624 2179 ut
1645 2110 1921 2205 pessimi
1945 2108 2270 2202 exempli,
2295 2132 2436 2178 uno

332 2219 789 2284 exauctoravit
804 2215 1022 2285 edicto
1036 2272 1054 2300 ‚
1065 2215 1291 2310 jussas
1304 2220 1626 2288 Tribunis
1641 2220 1906 2287 tradere
1920 2244 2130 2288 arma.
2146 2223 2438 2287 Centum

330 2342 559 2395 autem
584 2343 789 2421 atque
818 2330 1054 2419 viginti
1070 2330 1097 2377 3
1116 2378 1134 2411 ‚
1160 2353 1454 2424 quorum
1476 2329 1736 2399 libellos
1759 2328 2013 2399 Othoni
2035 2330 2228 2398 datos
2253 2334 2440 2398 inve·-

1390 2542 1393 2544 ’
1431 2571 1634 2626 othon.
1672 2591 1724 2643 9.
1763 2572 1843 2623 no
1877 2589 1934 2622 re
1961 2571 2212 2636 Tacitus,
2237 2571 2314 2635 ιι,
2349 2571 2438 2638 57,

1439 2669 1772 2723 «paucorum
1806 2651 2012 2702 dierum
2053 2651 2152 2702 iter
2192 2667 2437 2721 progres-

406 2565 457 2618 3.
496 2569 767 2623 Proemisso
796 2570 1025 2642 agmine.
1064 2572 1142 2624 Ita
1176 2569 1343 2624 edidi-

335 2664 453 2700 mus
480 2667 509 2699 e
532 2650 746 2703 Memm.
773 2649 993 2722 aliisque
1014 2651 1223 2721 optimae
1248 2669 1345 2702 no-

336 2736 397 2774 tae
406 2724 575 2776 codd.
593 2745 690 2797 pro
705 2729 881 2800 agmin
890 2729 924 2780 i.
942 2730 1190 2799 Sequitur
1202 2729 1343 2796 enirn

337 2801 409 2852 Ac
431 2813 639 2869 contra,
670 2805 778 2878 ipso
801 2817 1069 2872 movente,
1096 2819 1197 2858 etc.

408 2881 460 2948 4.
482 2884 709 2953 Bepente
726 2884 905 2956 aquila
924 2883 1216 2948 advolavit,
1238 2897 1341 2938 etc.

337 2962 507 3014 Tacit.
536 2964 733 3015 histor.
765 2965 820 3029 1,
848 2963 915 3016 62
935 3003 953 3030 ,
982 2987 1005 3010 ι
1023 2967 1220 3017 Laetum
1250 2984 1345 3018 au-

334 3044 546 3112 gurium
560 3043 726 3094 Fabio
743 3042 951 3096 Valenti
966 3046 1341 3116 exercituique,

338 3139 499 3192 quem
528 3124 581 3174 in
604 3121 809 3174 bellum
831 3122 1048 3192 agebat,
1072 3124 1193 3196 ipso
1214 3141 1345 3196 pro-

338 3202 584 3254 tectionis
618 3202 704 3254 die
720 3241 739 3265 ‚
780 3203 953 3275 aquila
991 3203 1097 3256 leni
1136 3218 1343 3269 meatu,

339 3292 503 3350 prout
531 3299 720 3350 agmen
745 3281 1042 3350 incederet,
1074 3282 1215 3338 velut
1238 3283 1347 3336 dux

338 3359 433 3410 viae
448 3395 465 3424 ,
506 3361 843 3430 prae'volavit3
883 3360 1209 3434 longumque
1248 3381 1347 3434 per

340 3440 571 3512 spatium
586 3441 629 3491 is
640 3439 985 3510 gaudentium
1003 3439 1221 3493 militum
1240 3440 1349 3494 cla-

339 3539 479 3584 inor,
506 3539 568 3576 ea
596 3523 747 3592 quies
775 3523 1027 3574 interritae
1050 3521 1189 3576 alitis
1218 3523 1349 3588 suit,

340 3614 401 3653 ut
424 3600 568 3657 haud
589 3599 811 3660 dubium
832 3620 1036 3674 maguoe
1060 3616 1111 3654 et
1129 3621 1351 3674 prospe-

342 3700 411 3733 rae
435 3683 511 3732 rei
540 3699 697 3733 omen
726 3682 1077 3753 acciperetur.
1099 3705 1121 3730 n
1149 3711 1223 3722 —
1246 3683 1351 3734 Lu—

340 3763 509 3815 stratis
534 3761 725 3833 signis,
758 3762 1063 3814 circumitis.
1092 3761 1227 3813 Vide
1262 3761 1348 3812 Pi-

344 3841 555 3895 tiscum.

414 3918 469 3970 5.
512 3917 875 3986 Gallinaceus,
904 3933 1005 3971 etc.
1032 3920 1351 3992 Interpreta-

346 3999 545 4052 tionem
566 4002 759 4052 ostenti
778 3997 873 4050 dat
891 4015 1097 4063 auctor,
1122 4017 1239 4070 cap.
1270 3999 1347 4052 18.

414 4079 465 4131 6.
504 4079 611 4130 Per
632 4097 711 4141 ειη
744 4075 887 4134 adri:
912 4077 965 4129 «Ν
998 4077 1185 4131 iancea.
1219 4078 1351 4132 Vide

345 4159 473 4212 Caes.
502 4158 591 4214 58.

417 4242 483 4293 X.
516 4259 535 4294 ι
548 4281 559 4294 .
590 4241 902 4306 Betriacensi
923 4243 1153 4299 victoria.
1178 4241 1258 4294 cf.
1283 4241 1351 4295 ad

1431 2749 1542 2792 sus,
1560 2749 1844 2802 prosperas
1866 2729 2008 2803 apud
2025 2730 2323 2782 Betriacum
2343 2748 2446 2793 res,

1434 2829 1497 2863 ac
1531 2824 1700 2862 morte
1732 2811 1962 2864 Othonis
1993 2809 2294 2864 concidisse
2325 2807 2442 2862 bel-

1432 2889 1574 2957 lam,
1598 2892 1835 2960 accepit,
1859 2902 1960 2950 etc

1505 2987 1555 3022 2.
1598 2970 1858 3042 Quicquid
1878 2969 2314 3041 praetorianarum
2351 2984 2444 3018 co-

1435 3049 1664 3102 hortium
1690 3048 1836 3120 fuit,
1883 3061 1984 3100 etc.
2019 3050 2188 3100 Tacit.
2227 3049 2301 3114 11,
2337 3048 2440 3116 67,

1440 3130 1754 3183 «Proximus
1779 3115 1992 3182 Vitellio
2017 3147 2046 3180 e
2069 3128 2324 3199 praetoriis
2343 3145 2442 3178 co-

1433 3207 1682 3261 hortibus
1705 3223 1876 3261 metus
1912 3221 2041 3260 erat.
2069 3209 2308 3278 Separati
2329 3207 2446 3276 pri·—

1363 3329 1400 3348 f,
1434 3307 1578 3340 mum
1592 3327 1610 3356 ,
1627 3287 1844 3353 deinde,
1868 3287 2050 3340 addito
2067 3286 2299 3338 honestae
2317 3287 2446 3336 mis-

1438 3369 1601 3420 sionis
1617 3368 1925 3434 lenimento,
1941 3385 2083 3418 arma
2099 3365 2165 3418 ad
2178 3365 2451 3419 Tribunos

1438 3465 1564 3500 suos
1593 3445 1930 3507 deferebant3
1967 3445 2141 3497 donec
2174 3456 2376 3496 motum
2396 3461 2446 3518 ‘a

1440 3526 1767 3598 Vespasiano
1809 3524 2010 3578 bellum
2029 3565 2036 3572 .
2055 3523 2409 3586 crebresceret
2431 3543 2451 3586 ς

1437 3618 1582 3671 tum,
1617 3619 1848 3658 resumta
1879 3604 2090 3670 militia,
2127 3602 2297 3655 robur
2331 3602 2447 3655 Fla-
2533 3615 2538 3620 “

1436 3687 1712 3736 vianarum
1739 3686 1966 3755 partium
1991 3683 2160 3734 fuere.
2183 3703 2206 3730 a

1510 3762 1562 3814 3‘.
1604 3765 1824 3816 centum
1848 3773 2022 3817 autem
2049 3772 2208 3833 atque
2229 3761 2448 3832 viginti,

1440 3856 1540 3896 etc.
1574 3842 1744 3894 Tacit.
1781 3841 1976 3892 Hister.
2005 3843 2061 3907 1,
2091 3838 2188 3907 44,
2225 3861 2247 3886 ι
2269 3839 2447 3892 Plures

1440 3941 1602 3994 quam
1629 3923 1771 3976 CXX
1797 3920 2009 3974 libellos
2042 3923 2252 3993 praemia
2281 3939 2448 3992 expo-

1442 4004 1733 4067 scentium,
1775 4001 1846 4054 ob
1885 4001 2115 4072 aliquam
2155 3999 2448 4053 notabilem

1440 4081 1530 4132 illa
1556 4080 1642 4134 die
1661 4079 1841 4151 (caedis
1861 4080 2062 4147 Galbam.)
2087 4099 2306 4152 operam
2321 4119 2337 4148 ‚
2355 4083 2450 4132 vi-

1441 4159 1612 4222 tellius
1653 4174 1843 4232 postea
1879 4161 2076 4215 invenit
2099 4180 2113 4222 ς
2156 4177 2452 4232 omnesque

1440 4240 1685 4311 conquiri
1705 4253 1756 4292 et
1776 4239 2000 4302 interfici
2015 4240 2200 4309 jussit,
2223 4257 2334 4292 non
2353 4239 2449 4291 ho-
