<?xml version="1.0" encoding="UTF-8"?>
<!DOCTYPE html PUBLIC "-//W3C//DTD XHTML 1.0 Transitional//EN"
    "http://www.w3.org/TR/xhtml1/DTD/xhtml1-transitional.dtd">
<html xmlns="http://www.w3.org/1999/xhtml" xml:lang="en" lang="en">
 <head>
  <title>
</title>
<meta http-equiv="Content-Type" content="text/html;charset=utf-8" />
  <meta name='ocr-system' content='tesseract 3.04.00' />
  <meta name='ocr-capabilities' content='ocr_page ocr_carea ocr_par ocr_line ocrx_word'/>
</head>
<body>
  <div class='ocr_page' id='page_1' title='image "./csuetoniitranqu09suetgoog_0418.png"; bbox 0 0 3050 5004; ppageno 0'>
   <div class='ocr_carea' id='block_1_1' title="bbox 1218 476 2436 567">
    <p class='ocr_par' dir='ltr' id='par_1_1' title="bbox 1218 476 2436 567">
     <span class='ocr_line' id='line_1_1' title="bbox 1218 476 2436 567; baseline 0.004 -27"><span class='ocrx_word' id='word_1_1' title='bbox 1218 476 1540 541; x_wconf 77' lang='lat' dir='ltr'><strong>TlTUS.</strong></span> <span class='ocrx_word' id='word_1_2' title='bbox 2307 480 2436 567; x_wconf 82' lang='lat'><strong>377</strong></span> 
     </span>
    </p>
   </div>
   <div class='ocr_carea' id='block_1_2' title="bbox 228 601 2452 2480">
    <p class='ocr_par' dir='ltr' id='par_1_2' title="bbox 228 601 2452 2036">
     <span class='ocr_line' id='line_1_2' title="bbox 326 601 2444 701; baseline 0.001 -28"><span class='ocrx_word' id='word_1_3' title='bbox 326 604 586 701; x_wconf 91' lang='lat' dir='ltr'><strong>populo</strong></span> <span class='ocrx_word' id='word_1_4' title='bbox 620 626 853 673; x_wconf 89' lang='lat' dir='ltr'><strong>coram</strong></span> <span class='ocrx_word' id='word_1_5' title='bbox 889 602 1187 671; x_wconf 87' lang='lat' dir='ltr'><strong>ubertim</strong></span> <span class='ocrx_word' id='word_1_6' title='bbox 1222 601 1536 687; x_wconf 86' lang='lat' dir='ltr'><strong>fleverat,</strong></span> <span class='ocrx_word' id='word_1_7' title='bbox 1575 604 1858 700; x_wconf 76' lang='lat' dir='ltr'><strong>Sabinos</strong></span> <span class='ocrx_word' id='word_1_8' title='bbox 1891 607 2059 697; x_wconf 85' lang='lat' dir='ltr'><strong>petit</strong></span> <span class='ocrx_word' id='word_1_9' title='bbox 2093 603 2444 700; x_wconf 90' lang='lat' dir='ltr'><strong>aliquanto</strong></span> 
     </span>
     <span class='ocr_line' id='line_1_3' title="bbox 326 713 2445 811; baseline 0 -26"><span class='ocrx_word' id='word_1_10' title='bbox 326 719 605 799; x_wconf 83' lang='lat' dir='ltr'><strong>tristior,</strong></span> <span class='ocrx_word' id='word_1_11' title='bbox 630 714 817 811; x_wconf 91' lang='lat' dir='ltr'><strong>quod</strong></span> <span class='ocrx_word' id='word_1_12' title='bbox 842 715 1249 783; x_wconf 83' lang='lat' dir='ltr'><strong>sacrificanti</strong></span> <span class='ocrx_word' id='word_1_13' title='bbox 1271 713 1495 783; x_wconf 84' lang='lat' dir='ltr'><strong>hostia</strong></span> <span class='ocrx_word' id='word_1_14' title='bbox 1518 715 1873 809; x_wconf 77' lang='lat' dir='ltr'><strong>aufugerat</strong></span> <span class='ocrx_word' id='word_1_15' title='bbox 1886 768 1904 799; x_wconf 96' lang='lat'><strong>,</strong></span> <span class='ocrx_word' id='word_1_16' title='bbox 1936 714 2256 811; x_wconf 90' lang='lat' dir='ltr'><strong>quodque</strong></span> <span class='ocrx_word' id='word_1_17' title='bbox 2279 734 2445 787; x_wconf 89' lang='lat' dir='ltr'><strong>tem-</strong></span> 
     </span>
     <span class='ocr_line' id='line_1_4' title="bbox 326 826 2446 923; baseline -0 -26"><span class='ocrx_word' id='word_1_18' title='bbox 326 846 589 923; x_wconf 83' lang='lat' dir='ltr'><strong>pestate</strong></span> <span class='ocrx_word' id='word_1_19' title='bbox 623 852 865 897; x_wconf 86' lang='lat' dir='ltr'><strong>serena</strong></span> <span class='ocrx_word' id='word_1_20' title='bbox 892 842 1231 897; x_wconf 89' lang='lat' dir='ltr'><strong>tonuerat.</strong></span> <span class='ocrx_word' id='word_1_21' title='bbox 1268 826 1528 895; x_wconf 82' lang='lat' dir='ltr'><strong>Deinde</strong></span> <span class='ocrx_word' id='word_1_22' title='bbox 1560 827 1648 896; x_wconf 88' lang='lat' dir='ltr'><strong>ad</strong></span> <span class='ocrx_word' id='word_1_23' title='bbox 1683 832 1974 921; x_wconf 87' lang='lat' dir='ltr'><strong>primam</strong></span> <span class='ocrx_word' id='word_1_24' title='bbox 2001 830 2230 896; x_wconf 87' lang='lat' dir='ltr'><strong>statim</strong></span> <span class='ocrx_word' id='word_1_25' title='bbox 2261 846 2446 897; x_wconf 85' lang='lat' dir='ltr'><strong>man·</strong></span> 
     </span>
     <span class='ocr_line' id='line_1_5' title="bbox 228 936 2446 1033; baseline 0 -26"><span class='ocrx_word' id='word_1_26' title='bbox 228 1003 244 1021; x_wconf 82' lang='grc'><em>,</em></span> <span class='ocrx_word' id='word_1_27' title='bbox 326 940 590 1008; x_wconf 87' lang='lat' dir='ltr'><strong>sionem</strong></span> <span class='ocrx_word' id='word_1_28' title='bbox 606 954 631 985; x_wconf 83' lang='lat'>²</span> <span class='ocrx_word' id='word_1_29' title='bbox 660 938 903 1009; x_wconf 86' lang='lat' dir='ltr'><strong>febrim</strong></span> <span class='ocrx_word' id='word_1_30' title='bbox 926 954 1165 1007; x_wconf 85' lang='lat' dir='ltr'><strong>nactus</strong></span> <span class='ocrx_word' id='word_1_31' title='bbox 1181 936 1231 1022; x_wconf 86' lang='lat'><strong>³,</strong></span> <span class='ocrx_word' id='word_1_32' title='bbox 1264 962 1479 1033; x_wconf 88' lang='lat' dir='ltr'><strong>quum</strong></span> <span class='ocrx_word' id='word_1_33' title='bbox 1503 938 1662 1007; x_wconf 90' lang='lat' dir='ltr'><strong>inde</strong></span> <span class='ocrx_word' id='word_1_34' title='bbox 1685 938 1921 1007; x_wconf 83' lang='lat' dir='ltr'><strong>lectica</strong></span> <span class='ocrx_word' id='word_1_35' title='bbox 1943 939 2446 1023; x_wconf 85' lang='lat' dir='ltr'><strong>transferretur,</strong></span> 
     </span>
     <span class='ocr_line' id='line_1_6' title="bbox 325 1046 2447 1145; baseline 0 -27"><span class='ocrx_word' id='word_1_36' title='bbox 325 1052 713 1142; x_wconf 82' lang='lat' dir='ltr'><strong>suspexisse</strong></span> <span class='ocrx_word' id='word_1_37' title='bbox 750 1047 997 1117; x_wconf 83' lang='lat' dir='ltr'><strong>dicitur</strong></span> <span class='ocrx_word' id='word_1_38' title='bbox 1030 1046 1303 1117; x_wconf 89' lang='lat' dir='ltr'><strong>dimotis</strong></span> <span class='ocrx_word' id='word_1_39' title='bbox 1340 1046 1676 1142; x_wconf 72' lang='lat' dir='ltr'><strong>plagulis⁴</strong></span> <span class='ocrx_word' id='word_1_40' title='bbox 1709 1049 1984 1132; x_wconf 82' lang='lat' dir='ltr'><strong>caelum,</strong></span> <span class='ocrx_word' id='word_1_41' title='bbox 2017 1048 2447 1145; x_wconf 86' lang='lat' dir='ltr'><strong>multumque</strong></span> 
     </span>
     <span class='ocr_line' id='line_1_7' title="bbox 324 1160 2452 1257; baseline -0.001 -26"><span class='ocrx_word' id='word_1_42' title='bbox 324 1177 743 1257; x_wconf 77' lang='lat' dir='ltr'><strong>conquestus</strong></span> <span class='ocrx_word' id='word_1_43' title='bbox 758 1216 778 1244; x_wconf 92' lang='lat'><strong>,</strong></span> <span class='ocrx_word' id='word_1_44' title='bbox 812 1190 840 1221; x_wconf 74' lang='grc' dir='ltr'><strong><em>κ</em></strong></span> <span class='ocrx_word' id='word_1_45' title='bbox 861 1163 1033 1255; x_wconf 87' lang='lat' dir='ltr'><strong>eripi</strong></span> <span class='ocrx_word' id='word_1_46' title='bbox 1058 1161 1187 1229; x_wconf 90' lang='lat' dir='ltr'><strong>sibi</strong></span> <span class='ocrx_word' id='word_1_47' title='bbox 1208 1164 1423 1230; x_wconf 87' lang='lat' dir='ltr'><strong>vitam</strong></span> <span class='ocrx_word' id='word_1_48' title='bbox 1444 1164 1849 1230; x_wconf 83' lang='lat' dir='ltr'><strong>immerenti.</strong></span> <span class='ocrx_word' id='word_1_49' title='bbox 1877 1166 2114 1257; x_wconf 84' lang='lat' dir='ltr'><strong>Neque</strong></span> <span class='ocrx_word' id='word_1_50' title='bbox 2137 1160 2322 1229; x_wconf 87' lang='lat' dir='ltr'><strong>eni‘m</strong></span> <span class='ocrx_word' id='word_1_51' title='bbox 2345 1186 2452 1229; x_wconf 89' lang='lat' dir='ltr'><strong>ex-</strong></span> 
     </span>
     <span class='ocr_line' id='line_1_8' title="bbox 326 1271 2452 1367; baseline -0.001 -24"><span class='ocrx_word' id='word_1_52' title='bbox 326 1292 509 1343; x_wconf 86' lang='lat' dir='ltr'><strong>stare</strong></span> <span class='ocrx_word' id='word_1_53' title='bbox 532 1272 755 1343; x_wconf 90' lang='lat' dir='ltr'><strong>ullum</strong></span> <span class='ocrx_word' id='word_1_54' title='bbox 775 1298 979 1343; x_wconf 89' lang='lat' dir='ltr'><strong>suum</strong></span> <span class='ocrx_word' id='word_1_55' title='bbox 1004 1273 1259 1344; x_wconf 85' lang='lat' dir='ltr'><strong>factum</strong></span> <span class='ocrx_word' id='word_1_56' title='bbox 1282 1271 1754 1367; x_wconf 82' lang='lat' dir='ltr'><strong>poenitendum</strong></span> <span class='ocrx_word' id='word_1_57' title='bbox 1769 1326 1786 1357; x_wconf 90' lang='lat'><strong>,</strong></span> <span class='ocrx_word' id='word_1_58' title='bbox 1812 1290 2096 1365; x_wconf 81' lang='lat' dir='ltr'><strong>excepto</strong></span> <span class='ocrx_word' id='word_1_59' title='bbox 2119 1271 2452 1341; x_wconf 83' lang='lat' dir='ltr'><strong>duntaxat</strong></span> 
     </span>
     <span class='ocr_line' id='line_1_9' title="bbox 324 1380 2450 1481; baseline -0.001 -28"><span class='ocrx_word' id='word_1_60' title='bbox 324 1410 465 1453; x_wconf 91' lang='lat' dir='ltr'><strong>uno</strong></span> <span class='ocrx_word' id='word_1_61' title='bbox 485 1384 539 1454; x_wconf 81' lang='lat'><strong>⁵.</strong></span> <span class='ocrx_word' id='word_1_62' title='bbox 564 1416 591 1446; x_wconf 73' lang='lat' dir='ltr'><strong>a»</strong></span> <span class='ocrx_word' id='word_1_63' title='bbox 631 1382 707 1452; x_wconf 83' lang='lat' dir='ltr'><strong>[d</strong></span> <span class='ocrx_word' id='word_1_64' title='bbox 740 1382 941 1481; x_wconf 88' lang='lat' dir='ltr'><strong>quale</strong></span> <span class='ocrx_word' id='word_1_65' title='bbox 974 1384 1210 1465; x_wconf 88' lang='lat' dir='ltr'><strong>fuerit,</strong></span> <span class='ocrx_word' id='word_1_66' title='bbox 1240 1406 1465 1478; x_wconf 89' lang='lat' dir='ltr'><strong>neque</strong></span> <span class='ocrx_word' id='word_1_67' title='bbox 1491 1388 1640 1477; x_wconf 89' lang='lat' dir='ltr'><strong>ipse</strong></span> <span class='ocrx_word' id='word_1_68' title='bbox 1669 1400 1836 1451; x_wconf 80' lang='lat' dir='ltr'><strong>tunc</strong></span> <span class='ocrx_word' id='word_1_69' title='bbox 1865 1380 2197 1477; x_wconf 87' lang='lat' dir='ltr'><strong>prodidit,</strong></span> <span class='ocrx_word' id='word_1_70' title='bbox 2227 1407 2450 1479; x_wconf 88' lang='lat' dir='ltr'><strong>neque</strong></span> 
     </span>
     <span class='ocr_line' id='line_1_10' title="bbox 326 1492 2449 1593; baseline -0.002 -28"><span class='ocrx_word' id='word_1_71' title='bbox 326 1498 649 1593; x_wconf 90' lang='lat' dir='ltr'><strong>cuiquam</strong></span> <span class='ocrx_word' id='word_1_72' title='bbox 671 1495 867 1565; x_wconf 89' lang='lat' dir='ltr'><strong>facile</strong></span> <span class='ocrx_word' id='word_1_73' title='bbox 890 1512 1261 1564; x_wconf 87' lang='lat' dir='ltr'><strong>succurrat.</strong></span> <span class='ocrx_word' id='word_1_74' title='bbox 1286 1494 1582 1583; x_wconf 87' lang='lat' dir='ltr'><strong>Quidam</strong></span> <span class='ocrx_word' id='word_1_75' title='bbox 1605 1498 1996 1590; x_wconf 88' lang='lat' dir='ltr'><strong>opinantur,</strong></span> <span class='ocrx_word' id='word_1_76' title='bbox 2023 1492 2449 1565; x_wconf 87' lang='lat' dir='ltr'><strong>consuetudi·</strong></span> 
     </span>
     <span class='ocr_line' id='line_1_11' title="bbox 326 1606 2448 1704; baseline -0.001 -27"><span class='ocrx_word' id='word_1_77' title='bbox 326 1632 486 1677; x_wconf 88' lang='lat' dir='ltr'><strong>nem</strong></span> <span class='ocrx_word' id='word_1_78' title='bbox 517 1607 981 1690; x_wconf 87' lang='lat' dir='ltr'><strong>recordatum,</strong></span> <span class='ocrx_word' id='word_1_79' title='bbox 1018 1632 1226 1704; x_wconf 89' lang='lat' dir='ltr'><strong>quam</strong></span> <span class='ocrx_word' id='word_1_80' title='bbox 1258 1632 1413 1677; x_wconf 92' lang='lat' dir='ltr'><strong>cum</strong></span> <span class='ocrx_word' id='word_1_81' title='bbox 1448 1608 1675 1677; x_wconf 87' lang='lat' dir='ltr'><strong>fratris</strong></span> <span class='ocrx_word' id='word_1_82' title='bbox 1701 1632 1915 1676; x_wconf 83' lang='lat' dir='ltr'><strong>uxore</strong></span> <span class='ocrx_word' id='word_1_83' title='bbox 1944 1606 2276 1677; x_wconf 87' lang='lat' dir='ltr'><strong>habuerit.</strong></span> <span class='ocrx_word' id='word_1_84' title='bbox 2318 1606 2448 1675; x_wconf 89' lang='lat' dir='ltr'><strong>Sed</strong></span> 
     </span>
     <span class='ocr_line' id='line_1_12' title="bbox 325 1716 2451 1814; baseline -0 -27"><span class='ocrx_word' id='word_1_85' title='bbox 325 1718 591 1788; x_wconf 88' lang='lat' dir='ltr'><strong>nullam</strong></span> <span class='ocrx_word' id='word_1_86' title='bbox 615 1717 934 1788; x_wconf 89' lang='lat' dir='ltr'><strong>habuisse</strong></span> <span class='ocrx_word' id='word_1_87' title='bbox 953 1770 971 1803; x_wconf 98' lang='lat'><strong>,</strong></span> <span class='ocrx_word' id='word_1_88' title='bbox 996 1736 1355 1812; x_wconf 89' lang='lat' dir='ltr'><strong>persancte</strong></span> <span class='ocrx_word' id='word_1_89' title='bbox 1382 1721 1676 1788; x_wconf 89' lang='lat' dir='ltr'><strong>Domitia</strong></span> <span class='ocrx_word' id='word_1_90' title='bbox 1695 1719 2005 1814; x_wconf 87' lang='lat' dir='ltr'><strong>jurabat:</strong></span> <span class='ocrx_word' id='word_1_91' title='bbox 2034 1716 2220 1785; x_wconf 89' lang='lat' dir='ltr'><strong>haud</strong></span> <span class='ocrx_word' id='word_1_92' title='bbox 2252 1742 2451 1809; x_wconf 81' lang='lat' dir='ltr'><strong>nega-</strong></span> 
     </span>
     <span class='ocr_line' id='line_1_13' title="bbox 326 1827 2448 1925; baseline -0.002 -24"><span class='ocrx_word' id='word_1_93' title='bbox 326 1848 517 1912; x_wconf 88' lang='lat' dir='ltr'><strong>tura,</strong></span> <span class='ocrx_word' id='word_1_94' title='bbox 540 1832 599 1899; x_wconf 89' lang='lat' dir='ltr'><strong>si</strong></span> <span class='ocrx_word' id='word_1_95' title='bbox 623 1854 757 1924; x_wconf 93' lang='lat' dir='ltr'><strong>qua</strong></span> <span class='ocrx_word' id='word_1_96' title='bbox 777 1832 1058 1897; x_wconf 90' lang='lat' dir='ltr'><strong>omnino</strong></span> <span class='ocrx_word' id='word_1_97' title='bbox 1080 1829 1357 1915; x_wconf 84' lang='lat' dir='ltr'><strong>fuisset3</strong></span> <span class='ocrx_word' id='word_1_98' title='bbox 1383 1832 1594 1899; x_wconf 91' lang='lat' dir='ltr'><strong>immo</strong></span> <span class='ocrx_word' id='word_1_99' title='bbox 1617 1833 1822 1901; x_wconf 90' lang='lat' dir='ltr'><strong>etiam</strong></span> <span class='ocrx_word' id='word_1_100' title='bbox 1841 1828 2234 1925; x_wconf 79' lang='lat' dir='ltr'><strong>gloriatura,</strong></span> <span class='ocrx_word' id='word_1_101' title='bbox 2261 1827 2448 1923; x_wconf 89' lang='lat' dir='ltr'><strong>quod</strong></span> 
     </span>
     <span class='ocr_line' id='line_1_14' title="bbox 326 1940 1899 2036; baseline 0 -27"><span class='ocrx_word' id='word_1_102' title='bbox 326 1940 425 2009; x_wconf 92' lang='lat' dir='ltr'><strong>illi</strong></span> <span class='ocrx_word' id='word_1_103' title='bbox 446 1944 989 2035; x_wconf 88' lang='lat' dir='ltr'><strong>promtissimum</strong></span> <span class='ocrx_word' id='word_1_104' title='bbox 1008 1958 1156 2010; x_wconf 89' lang='lat' dir='ltr'><strong>erat</strong></span> <span class='ocrx_word' id='word_1_105' title='bbox 1178 1943 1247 2009; x_wconf 88' lang='lat' dir='ltr'><strong>in</strong></span> <span class='ocrx_word' id='word_1_106' title='bbox 1272 1941 1588 2010; x_wconf 89' lang='lat' dir='ltr'><strong>omnibus</strong></span> <span class='ocrx_word' id='word_1_107' title='bbox 1612 1942 1899 2036; x_wconf 79' lang='lat' dir='ltr'><strong>probris,</strong></span> 
     </span>
    </p>

    <p class='ocr_par' dir='ltr' id='par_1_3' title="bbox 326 2050 2448 2480">
     <span class='ocr_line' id='line_1_15' title="bbox 422 2050 2447 2149; baseline -0 -28"><span class='ocrx_word' id='word_1_108' title='bbox 422 2056 541 2121; x_wconf 90' lang='lat' dir='ltr'><strong>x1.</strong></span> <span class='ocrx_word' id='word_1_109' title='bbox 578 2055 882 2121; x_wconf 88' lang='lat' dir='ltr'><strong>Excessit</strong></span> <span class='ocrx_word' id='word_1_110' title='bbox 902 2055 976 2121; x_wconf 89' lang='lat' dir='ltr'><strong>in</strong></span> <span class='ocrx_word' id='word_1_111' title='bbox 998 2050 1234 2121; x_wconf 89' lang='lat' dir='ltr'><strong>eadem</strong></span> <span class='ocrx_word' id='word_1_112' title='bbox 1251 2107 1268 2137; x_wconf 96' lang='lat'><strong>,</strong></span> <span class='ocrx_word' id='word_1_113' title='bbox 1296 2078 1431 2149; x_wconf 92' lang='lat' dir='ltr'><strong>qua</strong></span> <span class='ocrx_word' id='word_1_114' title='bbox 1448 2070 1664 2146; x_wconf 86' lang='lat' dir='ltr'><strong>pater,</strong></span> <span class='ocrx_word' id='word_1_115' title='bbox 1685 2051 1844 2122; x_wconf 90' lang='lat' dir='ltr'><strong>villa</strong></span> <span class='ocrx_word' id='word_1_116' title='bbox 1858 2107 1876 2138; x_wconf 93' lang='lat'><strong>,</strong></span> <span class='ocrx_word' id='word_1_117' title='bbox 1900 2053 2134 2122; x_wconf 89' lang='lat' dir='ltr'><strong>Idibus</strong></span> <span class='ocrx_word' id='word_1_118' title='bbox 2158 2056 2447 2146; x_wconf 88' lang='lat' dir='ltr'><strong>Septem·</strong></span> 
     </span>
     <span class='ocr_line' id='line_1_16' title="bbox 326 2163 2448 2259; baseline -0 -27"><span class='ocrx_word' id='word_1_119' title='bbox 326 2164 469 2232; x_wconf 87' lang='lat' dir='ltr'><strong>bris</strong></span> <span class='ocrx_word' id='word_1_120' title='bbox 488 2216 507 2246; x_wconf 91' lang='lat'><strong>,</strong></span> <span class='ocrx_word' id='word_1_121' title='bbox 554 2180 711 2257; x_wconf 89' lang='lat' dir='ltr'><strong>post</strong></span> <span class='ocrx_word' id='word_1_122' title='bbox 750 2163 1103 2233; x_wconf 87' lang='lat' dir='ltr'><strong>biennium</strong></span> <span class='ocrx_word' id='word_1_123' title='bbox 1149 2188 1230 2233; x_wconf 92' lang='lat' dir='ltr'><strong>ac</strong></span> <span class='ocrx_word' id='word_1_124' title='bbox 1258 2186 1546 2233; x_wconf 77' lang='lat' dir='ltr'><strong>‘menses</strong></span> <span class='ocrx_word' id='word_1_125' title='bbox 1593 2164 1801 2248; x_wconf 91' lang='lat' dir='ltr'><strong>duos,</strong></span> <span class='ocrx_word' id='word_1_126' title='bbox 1849 2164 2130 2259; x_wconf 88' lang='lat' dir='ltr'><strong>diesque</strong></span> <span class='ocrx_word' id='word_1_127' title='bbox 2173 2166 2408 2257; x_wconf 78' lang='lat' dir='ltr'><strong>viginti</strong></span> <span class='ocrx_word' id='word_1_128' title='bbox 2429 2216 2448 2246; x_wconf 93' lang='lat'><strong>,</strong></span> 
     </span>
     <span class='ocr_line' id='line_1_17' title="bbox 328 2273 2447 2370; baseline 0 -29"><span class='ocrx_word' id='word_1_129' title='bbox 328 2298 537 2370; x_wconf 91' lang='lat' dir='ltr'><strong>quam</strong></span> <span class='ocrx_word' id='word_1_130' title='bbox 574 2290 995 2342; x_wconf 86' lang='lat' dir='ltr'><strong>successerat</strong></span> <span class='ocrx_word' id='word_1_131' title='bbox 1020 2276 1199 2369; x_wconf 88' lang='lat' dir='ltr'><strong>patri</strong></span> <span class='ocrx_word' id='word_1_132' title='bbox 1222 2284 1265 2357; x_wconf 91' lang='lat'><strong>¹,</strong></span> <span class='ocrx_word' id='word_1_133' title='bbox 1303 2274 1517 2343; x_wconf 90' lang='lat' dir='ltr'><strong>altero</strong></span> <span class='ocrx_word' id='word_1_134' title='bbox 1566 2292 1634 2341; x_wconf 89' lang='lat' dir='ltr'><strong>et</strong></span> <span class='ocrx_word' id='word_1_135' title='bbox 1672 2273 2190 2369; x_wconf 81' lang='lat' dir='ltr'><strong>quadragesimo</strong></span> <span class='ocrx_word' id='word_1_136' title='bbox 2231 2277 2447 2342; x_wconf 85' lang='lat' dir='ltr'><strong>aetatis</strong></span> 
     </span>
     <span class='ocr_line' id='line_1_18' title="bbox 326 2383 2448 2480; baseline 0 -27"><span class='ocrx_word' id='word_1_137' title='bbox 326 2408 513 2453; x_wconf 86' lang='lat' dir='ltr'><strong>anno</strong></span> <span class='ocrx_word' id='word_1_138' title='bbox 528 2402 577 2452; x_wconf 83' lang='lat'><strong>².</strong></span> <span class='ocrx_word' id='word_1_139' title='bbox 604 2384 803 2473; x_wconf 90' lang='lat' dir='ltr'><strong>Quod</strong></span> <span class='ocrx_word' id='word_1_140' title='bbox 827 2402 905 2453; x_wconf 89' lang='lat' dir='ltr'><strong>ut</strong></span> <span class='ocrx_word' id='word_1_141' title='bbox 924 2383 1153 2479; x_wconf 84' lang='lat' dir='ltr'><strong>palam</strong></span> <span class='ocrx_word' id='word_1_142' title='bbox 1173 2386 1429 2455; x_wconf 83' lang='lat' dir='ltr'><strong>factum</strong></span> <span class='ocrx_word' id='word_1_143' title='bbox 1452 2401 1586 2468; x_wconf 89' lang='lat' dir='ltr'><strong>est,</strong></span> <span class='ocrx_word' id='word_1_144' title='bbox 1613 2409 1754 2455; x_wconf 86' lang='lat' dir='ltr'><strong>non</strong></span> <span class='ocrx_word' id='word_1_145' title='bbox 1777 2409 1974 2455; x_wconf 89' lang='lat' dir='ltr'><strong>secus</strong></span> <span class='ocrx_word' id='word_1_146' title='bbox 2007 2401 2213 2480; x_wconf 88' lang='lat' dir='ltr'><strong>atque</strong></span> <span class='ocrx_word' id='word_1_147' title='bbox 2237 2386 2308 2452; x_wconf 89' lang='lat' dir='ltr'><strong>in</strong></span> <span class='ocrx_word' id='word_1_148' title='bbox 2333 2384 2448 2453; x_wconf 92' lang='lat' dir='ltr'><strong>do·</strong></span> 
     </span>
    </p>
   </div>
   <div class='ocr_carea' id='block_1_3' title="bbox 1433 2605 2448 2762">
    <p class='ocr_par' dir='ltr' id='par_1_4' title="bbox 1433 2605 2448 2762">
     <span class='ocr_line' id='line_1_19' title="bbox 1435 2605 2448 2680; baseline -0.002 -20"><span class='ocrx_word' id='word_1_149' title='bbox 1435 2611 1728 2680; x_wconf 74' lang='lat' dir='ltr'><strong>marginem</strong></span> <span class='ocrx_word' id='word_1_150' title='bbox 1755 2611 1821 2660; x_wconf 84' lang='lat' dir='ltr'><strong>de</strong></span> <span class='ocrx_word' id='word_1_151' title='bbox 1846 2605 2330 2678; x_wconf 73' lang='lat' dir='ltr'><strong>Hierosolymorum</strong></span> <span class='ocrx_word' id='word_1_152' title='bbox 2355 2625 2448 2658; x_wconf 76' lang='lat' dir='ltr'><strong>ex-</strong></span> 
     </span>
     <span class='ocr_line' id='line_1_20' title="bbox 1433 2687 2448 2762; baseline -0.004 -20"><span class='ocrx_word' id='word_1_153' title='bbox 1433 2689 1630 2742; x_wconf 73' lang='lat' dir='ltr'><strong>cisione</strong></span> <span class='ocrx_word' id='word_1_154' title='bbox 1641 2689 1909 2762; x_wconf 74' lang='lat' dir='ltr'><strong>cogitavit.</strong></span> <span class='ocrx_word' id='word_1_155' title='bbox 1925 2687 2030 2742; x_wconf 88' lang='lat' dir='ltr'><strong>Sed</strong></span> <span class='ocrx_word' id='word_1_156' title='bbox 2045 2705 2320 2759; x_wconf 86' lang='lat' dir='ltr'><strong>nunquam</strong></span> <span class='ocrx_word' id='word_1_157' title='bbox 2337 2705 2448 2758; x_wconf 88' lang='lat' dir='ltr'><strong>poe-</strong></span> 
     </span>
    </p>
   </div>
   <div class='ocr_carea' id='block_1_4' title="bbox 326 2605 1347 2762">
    <p class='ocr_par' dir='ltr' id='par_1_5' title="bbox 326 2605 1347 2762">
     <span class='ocr_line' id='line_1_21' title="bbox 403 2605 1345 2678; baseline -0.001 -18"><span class='ocrx_word' id='word_1_158' title='bbox 403 2625 453 2660; x_wconf 89' lang='grc'><strong>2.</strong></span> <span class='ocrx_word' id='word_1_159' title='bbox 492 2607 655 2662; x_wconf 61' lang='grc' dir='ltr'><strong>Διί...</strong></span> <span class='ocrx_word' id='word_1_160' title='bbox 686 2609 1041 2672; x_wconf 74' lang='lat' dir='ltr'><strong>mansionem3</strong></span> <span class='ocrx_word' id='word_1_161' title='bbox 1064 2605 1232 2678; x_wconf 60' lang='grc' dir='ltr'><strong>μῆνίν,</strong></span> <span class='ocrx_word' id='word_1_162' title='bbox 1260 2608 1345 2660; x_wconf 91' lang='lat' dir='ltr'><strong>lo-</strong></span> 
     </span>
     <span class='ocr_line' id='line_1_22' title="bbox 326 2689 1347 2762; baseline -0.001 -21"><span class='ocrx_word' id='word_1_163' title='bbox 326 2707 484 2755; x_wconf 85' lang='lat' dir='ltr'><strong>cum,</strong></span> <span class='ocrx_word' id='word_1_164' title='bbox 508 2689 603 2742; x_wconf 81' lang='lat' dir='ltr'><strong>ubi</strong></span> <span class='ocrx_word' id='word_1_165' title='bbox 627 2701 1038 2762; x_wconf 82' lang='lat' dir='ltr'><strong>pernoctaturus</strong></span> <span class='ocrx_word' id='word_1_166' title='bbox 1062 2703 1196 2742; x_wconf 86' lang='lat' dir='ltr'><strong>erat.</strong></span> <span class='ocrx_word' id='word_1_167' title='bbox 1220 2690 1347 2742; x_wconf 82' lang='lat' dir='ltr'><strong>Ma-</strong></span> 
     </span>
    </p>
   </div>
   <div class='ocr_carea' id='block_1_5' title="bbox 322 2767 1349 4278">
    <p class='ocr_par' dir='ltr' id='par_1_6' title="bbox 322 2767 1341 3081">
     <span class='ocr_line' id='line_1_23' title="bbox 326 2767 1340 2840; baseline -0.004 -18"><span class='ocrx_word' id='word_1_168' title='bbox 326 2788 453 2822; x_wconf 82' lang='lat' dir='ltr'><strong>nere</strong></span> <span class='ocrx_word' id='word_1_169' title='bbox 471 2771 613 2822; x_wconf 84' lang='lat' dir='ltr'><strong>enim</strong></span> <span class='ocrx_word' id='word_1_170' title='bbox 638 2782 717 2822; x_wconf 84' lang='lat' dir='ltr'><strong>est</strong></span> <span class='ocrx_word' id='word_1_171' title='bbox 734 2780 1063 2840; x_wconf 79' lang='lat' dir='ltr'><strong>pernoctare.</strong></span> <span class='ocrx_word' id='word_1_172' title='bbox 1087 2768 1134 2818; x_wconf 78' lang='lat' dir='ltr'>A</span> <span class='ocrx_word' id='word_1_173' title='bbox 1151 2767 1340 2820; x_wconf 74' lang='lat' dir='ltr'><strong>vocab.</strong></span> 
     </span>
     <span class='ocr_line' id='line_1_24' title="bbox 328 2847 1341 2904; baseline -0.003 -2"><span class='ocrx_word' id='word_1_174' title='bbox 328 2850 535 2904; x_wconf 74' lang='lat' dir='ltr'><strong>mansio</strong></span> <span class='ocrx_word' id='word_1_175' title='bbox 576 2848 903 2902; x_wconf 84' lang='lat' dir='ltr'><strong>descendere</strong></span> <span class='ocrx_word' id='word_1_176' title='bbox 949 2848 1159 2902; x_wconf 84' lang='lat' dir='ltr'><strong>videtur</strong></span> <span class='ocrx_word' id='word_1_177' title='bbox 1203 2847 1341 2901; x_wconf 83' lang='lat' dir='ltr'><strong>Gall.</strong></span> 
     </span>
     <span class='ocr_line' id='line_1_25' title="bbox 326 2928 1341 3000; baseline -0.002 -18"><span class='ocrx_word' id='word_1_178' title='bbox 326 2930 551 2985; x_wconf 79' lang='lat' dir='ltr'><strong>maison.</strong></span> <span class='ocrx_word' id='word_1_179' title='bbox 574 2930 734 2984; x_wconf 81' lang='lat' dir='ltr'><strong>conf.</strong></span> <span class='ocrx_word' id='word_1_180' title='bbox 755 2931 913 2982; x_wconf 84' lang='lat' dir='ltr'><strong>etiam</strong></span> <span class='ocrx_word' id='word_1_181' title='bbox 932 2928 1126 2982; x_wconf 87' lang='lat' dir='ltr'><strong>Cellar.</strong></span> <span class='ocrx_word' id='word_1_182' title='bbox 1144 2929 1341 3000; x_wconf 78' lang='lat' dir='ltr'><strong>Geogr.</strong></span> 
     </span>
     <span class='ocr_line' id='line_1_26' title="bbox 322 3009 1165 3081; baseline -0.004 -19"><span class='ocrx_word' id='word_1_183' title='bbox 322 3009 455 3062; x_wconf 76' lang='lat' dir='ltr'><strong>Ant.</strong></span> <span class='ocrx_word' id='word_1_184' title='bbox 482 3027 607 3081; x_wconf 77' lang='lat' dir='ltr'><strong>pag.</strong></span> <span class='ocrx_word' id='word_1_185' title='bbox 634 3009 705 3062; x_wconf 87' lang='lat'><strong>60</strong></span> <span class='ocrx_word' id='word_1_186' title='bbox 728 3027 839 3080; x_wconf 82' lang='lat' dir='ltr'><strong>seq.</strong></span> <span class='ocrx_word' id='word_1_187' title='bbox 1160 3021 1165 3027; x_wconf 83' lang='lat'>·</span> 
     </span>
    </p>

    <p class='ocr_par' dir='ltr' id='par_1_7' title="bbox 326 3084 1345 3398">
     <span class='ocr_line' id='line_1_27' title="bbox 403 3084 1341 3156; baseline -0.005 -16"><span class='ocrx_word' id='word_1_188' title='bbox 403 3085 455 3140; x_wconf 83' lang='lat'><strong>3.</strong></span> <span class='ocrx_word' id='word_1_189' title='bbox 493 3088 699 3140; x_wconf 76' lang='lat' dir='ltr'><strong>Febrim</strong></span> <span class='ocrx_word' id='word_1_190' title='bbox 732 3099 927 3140; x_wconf 72' lang='lat' dir='ltr'><strong>nactus.</strong></span> <span class='ocrx_word' id='word_1_191' title='bbox 960 3084 1173 3138; x_wconf 86' lang='lat' dir='ltr'><strong>Cornel.</strong></span> <span class='ocrx_word' id='word_1_192' title='bbox 1201 3085 1341 3156; x_wconf 84' lang='lat' dir='ltr'><strong>Nep.</strong></span> 
     </span>
     <span class='ocr_line' id='line_1_28' title="bbox 326 3165 1345 3236; baseline -0.003 -15"><span class='ocrx_word' id='word_1_193' title='bbox 326 3167 493 3221; x_wconf 76' lang='lat' dir='ltr'><strong>Attio.</strong></span> <span class='ocrx_word' id='word_1_194' title='bbox 521 3186 549 3221; x_wconf 99' lang='grc'><strong>2</strong></span> <span class='ocrx_word' id='word_1_195' title='bbox 562 3185 609 3236; x_wconf 82' lang='lat' dir='ltr'><strong>t,</strong></span> <span class='ocrx_word' id='word_1_196' title='bbox 636 3181 819 3221; x_wconf 77' lang='lat' dir='ltr'><strong>nactus</strong></span> <span class='ocrx_word' id='word_1_197' title='bbox 838 3179 913 3220; x_wconf 80' lang='lat' dir='ltr'><strong>est</strong></span> <span class='ocrx_word' id='word_1_198' title='bbox 932 3168 1189 3220; x_wconf 78' lang='lat' dir='ltr'><strong>morbum.</strong></span> <span class='ocrx_word' id='word_1_199' title='bbox 1210 3165 1345 3218; x_wconf 84' lang='lat' dir='ltr'><strong>Vide</strong></span> 
     </span>
     <span class='ocr_line' id='line_1_29' title="bbox 328 3244 1345 3314; baseline 0 -16"><span class='ocrx_word' id='word_1_200' title='bbox 328 3244 564 3299; x_wconf 81' lang='lat' dir='ltr'><strong>Gronov.</strong></span> <span class='ocrx_word' id='word_1_201' title='bbox 578 3245 646 3298; x_wconf 84' lang='lat' dir='ltr'><strong>ad</strong></span> <span class='ocrx_word' id='word_1_202' title='bbox 660 3247 795 3298; x_wconf 82' lang='lat' dir='ltr'><strong>Gen.</strong></span> <span class='ocrx_word' id='word_1_203' title='bbox 812 3249 861 3314; x_wconf 91' lang='lat'><strong>1,</strong></span> <span class='ocrx_word' id='word_1_204' title='bbox 882 3244 946 3312; x_wconf 74' lang='grc'><strong>24</strong></span> <span class='ocrx_word' id='word_1_205' title='bbox 960 3283 977 3312; x_wconf 89' lang='grc'><em>,</em></span> <span class='ocrx_word' id='word_1_206' title='bbox 993 3247 1089 3299; x_wconf 88' lang='lat' dir='ltr'><strong>ubi</strong></span> <span class='ocrx_word' id='word_1_207' title='bbox 1104 3257 1345 3299; x_wconf 85' lang='lat' dir='ltr'><strong>nostrum</strong></span> 
     </span>
     <span class='ocr_line' id='line_1_30' title="bbox 331 3325 985 3398; baseline -0.003 -21"><span class='ocrx_word' id='word_1_208' title='bbox 331 3344 548 3398; x_wconf 88' lang='lat' dir='ltr'><strong>quoque</strong></span> <span class='ocrx_word' id='word_1_209' title='bbox 576 3325 757 3378; x_wconf 86' lang='lat' dir='ltr'><strong>locum</strong></span> <span class='ocrx_word' id='word_1_210' title='bbox 786 3327 985 3378; x_wconf 84' lang='lat' dir='ltr'><strong>citavit.</strong></span> 
     </span>
    </p>

    <p class='ocr_par' dir='ltr' id='par_1_8' title="bbox 324 3405 1347 3800">
     <span class='ocr_line' id='line_1_31' title="bbox 402 3405 1345 3481; baseline -0.001 -22"><span class='ocrx_word' id='word_1_211' title='bbox 402 3407 455 3474; x_wconf 79' lang='grc'><strong>4.</strong></span> <span class='ocrx_word' id='word_1_212' title='bbox 492 3407 719 3460; x_wconf 75' lang='lat' dir='ltr'><strong>Dimott&#39;s</strong></span> <span class='ocrx_word' id='word_1_213' title='bbox 752 3406 1015 3481; x_wconf 70' lang='lat' dir='ltr'><strong>plaquli53</strong></span> <span class='ocrx_word' id='word_1_214' title='bbox 1047 3405 1102 3458; x_wconf 89' lang='lat' dir='ltr'><strong>h.</strong></span> <span class='ocrx_word' id='word_1_215' title='bbox 1138 3425 1186 3459; x_wconf 87' lang='lat' dir='ltr'><strong>e.</strong></span> <span class='ocrx_word' id='word_1_216' title='bbox 1214 3405 1345 3459; x_wconf 76' lang='lat' dir='ltr'><strong>velis</strong></span> 
     </span>
     <span class='ocr_line' id='line_1_32' title="bbox 328 3484 1344 3559; baseline 0 -21"><span class='ocrx_word' id='word_1_217' title='bbox 328 3486 547 3540; x_wconf 68' lang='lat' dir='ltr'><strong>lecticae.</strong></span> <span class='ocrx_word' id='word_1_218' title='bbox 583 3487 667 3541; x_wconf 80' lang='lat' dir='ltr'><strong>Al.</strong></span> <span class='ocrx_word' id='word_1_219' title='bbox 698 3484 927 3559; x_wconf 79' lang='lat' dir='ltr'><strong>pellibus</strong></span> <span class='ocrx_word' id='word_1_220' title='bbox 936 3509 956 3549; x_wconf 93' lang='lat'><strong>‚·</strong></span> <span class='ocrx_word' id='word_1_221' title='bbox 990 3486 1344 3540; x_wconf 82' lang='lat' dir='ltr'><strong>Memmianus</strong></span> 
     </span>
     <span class='ocr_line' id='line_1_33' title="bbox 324 3565 1341 3642; baseline -0.001 -20"><span class='ocrx_word' id='word_1_222' title='bbox 324 3566 566 3642; x_wconf 72' lang='lat' dir='ltr'><strong>pallulis.</strong></span> <span class='ocrx_word' id='word_1_223' title='bbox 582 3567 837 3621; x_wconf 85' lang='lat' dir='ltr'><strong>Oudend.</strong></span> <span class='ocrx_word' id='word_1_224' title='bbox 856 3569 1072 3640; x_wconf 86' lang='lat' dir='ltr'><strong>conjicit</strong></span> <span class='ocrx_word' id='word_1_225' title='bbox 1082 3565 1341 3641; x_wconf 69' lang='lat' dir='ltr'><strong>palliolis,</strong></span> 
     </span>
     <span class='ocr_line' id='line_1_34' title="bbox 330 3645 1347 3720; baseline 0 -20"><span class='ocrx_word' id='word_1_226' title='bbox 330 3661 393 3700; x_wconf 83' lang='lat' dir='ltr'><strong>ut</strong></span> <span class='ocrx_word' id='word_1_227' title='bbox 402 3647 715 3720; x_wconf 77' lang='lat' dir='ltr'><strong>palliolatus</strong></span> <span class='ocrx_word' id='word_1_228' title='bbox 722 3649 875 3701; x_wconf 83' lang='lat' dir='ltr'><strong>Titus</strong></span> <span class='ocrx_word' id='word_1_229' title='bbox 888 3646 1117 3716; x_wconf 82' lang='lat' dir='ltr'><strong>dicatur,</strong></span> <span class='ocrx_word' id='word_1_230' title='bbox 1124 3659 1187 3700; x_wconf 87' lang='lat' dir='ltr'><strong>ut</strong></span> <span class='ocrx_word' id='word_1_231' title='bbox 1196 3645 1347 3701; x_wconf 84' lang='lat' dir='ltr'><strong>Clau-</strong></span> 
     </span>
     <span class='ocr_line' id='line_1_35' title="bbox 328 3727 705 3800; baseline 0 -20"><span class='ocrx_word' id='word_1_232' title='bbox 328 3727 479 3792; x_wconf 80' lang='lat' dir='ltr'><strong>dius,</strong></span> <span class='ocrx_word' id='word_1_233' title='bbox 504 3747 626 3800; x_wconf 83' lang='lat' dir='ltr'><strong>cap.</strong></span> <span class='ocrx_word' id='word_1_234' title='bbox 656 3745 705 3780; x_wconf 89' lang='grc'><strong>2.</strong></span> 
     </span>
    </p>

    <p class='ocr_par' dir='ltr' id='par_1_9' title="bbox 322 3803 1349 4278">
     <span class='ocr_line' id='line_1_36' title="bbox 404 3803 1343 3879; baseline -0.002 -21"><span class='ocrx_word' id='word_1_235' title='bbox 404 3805 455 3858; x_wconf 85' lang='lat'><strong>5.</strong></span> <span class='ocrx_word' id='word_1_236' title='bbox 492 3809 727 3879; x_wconf 78' lang='lat' dir='ltr'><strong>Excepto</strong></span> <span class='ocrx_word' id='word_1_237' title='bbox 750 3807 1009 3859; x_wconf 72' lang='lat' dir='ltr'><strong>duntaxat</strong></span> <span class='ocrx_word' id='word_1_238' title='bbox 1032 3825 1156 3859; x_wconf 79' lang='lat' dir='ltr'><strong>uno.</strong></span> <span class='ocrx_word' id='word_1_239' title='bbox 1187 3803 1343 3857; x_wconf 79' lang='lat' dir='ltr'><strong>Conf.</strong></span> 
     </span>
     <span class='ocr_line' id='line_1_37' title="bbox 328 3883 1349 3959; baseline -0.005 -19"><span class='ocrx_word' id='word_1_240' title='bbox 328 3885 535 3959; x_wconf 83' lang='lat' dir='ltr'><strong>Xiphil.</strong></span> <span class='ocrx_word' id='word_1_241' title='bbox 559 3887 597 3939; x_wconf 89' lang='lat' dir='ltr'><strong>l.</strong></span> <span class='ocrx_word' id='word_1_242' title='bbox 624 3906 671 3939; x_wconf 89' lang='lat' dir='ltr'><strong>c.</strong></span> <span class='ocrx_word' id='word_1_243' title='bbox 703 3889 856 3957; x_wconf 82' lang='lat' dir='ltr'><strong>cujus</strong></span> <span class='ocrx_word' id='word_1_244' title='bbox 886 3883 1103 3958; x_wconf 85' lang='lat' dir='ltr'><strong>quidem</strong></span> <span class='ocrx_word' id='word_1_245' title='bbox 1131 3883 1216 3936; x_wconf 76' lang='lat' dir='ltr'><strong>vel</strong></span> <span class='ocrx_word' id='word_1_246' title='bbox 1248 3903 1349 3955; x_wconf 88' lang='lat' dir='ltr'><strong>po-</strong></span> 
     </span>
     <span class='ocr_line' id='line_1_38' title="bbox 332 3962 1346 4034; baseline -0.002 -18"><span class='ocrx_word' id='word_1_247' title='bbox 332 3965 437 4020; x_wconf 80' lang='lat' dir='ltr'><strong>tius</strong></span> <span class='ocrx_word' id='word_1_248' title='bbox 451 3966 643 4018; x_wconf 78' lang='lat' dir='ltr'><strong>Dionis</strong></span> <span class='ocrx_word' id='word_1_249' title='bbox 654 3967 928 4018; x_wconf 72' lang='lat' dir='ltr'><strong>sententiae</strong></span> <span class='ocrx_word' id='word_1_250' title='bbox 944 3962 1167 4030; x_wconf 83' lang='lat' dir='ltr'><strong>accedo,</strong></span> <span class='ocrx_word' id='word_1_251' title='bbox 1180 3982 1346 4034; x_wconf 86' lang='lat' dir='ltr'><strong>quum</strong></span> 
     </span>
     <span class='ocr_line' id='line_1_39' title="bbox 332 4045 1347 4115; baseline -0.003 -19"><span class='ocrx_word' id='word_1_252' title='bbox 332 4045 695 4097; x_wconf 82' lang='lat' dir='ltr'><strong>Domitianum</strong></span> <span class='ocrx_word' id='word_1_253' title='bbox 716 4063 813 4097; x_wconf 79' lang='lat' dir='ltr'><strong>suo</strong></span> <span class='ocrx_word' id='word_1_254' title='bbox 834 4063 941 4096; x_wconf 90' lang='lat' dir='ltr'><strong>non</strong></span> <span class='ocrx_word' id='word_1_255' title='bbox 959 4045 1163 4108; x_wconf 84' lang='lat' dir='ltr'><strong>minus,</strong></span> <span class='ocrx_word' id='word_1_256' title='bbox 1184 4060 1347 4115; x_wconf 85' lang='lat' dir='ltr'><strong>quam</strong></span> 
     </span>
     <span class='ocr_line' id='line_1_40' title="bbox 332 4124 1343 4199; baseline 0 -23"><span class='ocrx_word' id='word_1_257' title='bbox 332 4124 657 4199; x_wconf 66' lang='lat' dir='ltr'><strong>Reipublicae</strong></span> <span class='ocrx_word' id='word_1_258' title='bbox 682 4127 841 4178; x_wconf 85' lang='lat' dir='ltr'><strong>exitio</strong></span> <span class='ocrx_word' id='word_1_259' title='bbox 869 4127 1021 4178; x_wconf 83' lang='lat' dir='ltr'><strong>Titus</strong></span> <span class='ocrx_word' id='word_1_260' title='bbox 1052 4137 1343 4191; x_wconf 83' lang='lat' dir='ltr'><strong>servasset,</strong></span> 
     </span>
     <span class='ocr_line' id='line_1_41' title="bbox 322 4203 1348 4278; baseline -0.001 -20"><span class='ocrx_word' id='word_1_261' title='bbox 322 4205 477 4278; x_wconf 74' lang='lat' dir='ltr'><strong>facto</strong></span> <span class='ocrx_word' id='word_1_262' title='bbox 495 4224 619 4260; x_wconf 77' lang='lat' dir='ltr'><strong>vere</strong></span> <span class='ocrx_word' id='word_1_263' title='bbox 637 4206 955 4278; x_wconf 72' lang='lat' dir='ltr'><strong>poenitendo.</strong></span> <span class='ocrx_word' id='word_1_264' title='bbox 976 4205 1255 4260; x_wconf 79' lang='lat' dir='ltr'><strong>Reinesius</strong></span> <span class='ocrx_word' id='word_1_265' title='bbox 1280 4203 1348 4258; x_wconf 82' lang='lat' dir='ltr'><strong>ad</strong></span> 
     </span>
    </p>
   </div>
   <div class='ocr_carea' id='block_1_6' title="bbox 1430 2767 2494 4280">
    <p class='ocr_par' dir='ltr' id='par_1_10' title="bbox 1432 2767 2450 2983">
     <span class='ocr_line' id='line_1_42' title="bbox 1432 2767 2450 2844; baseline -0.005 -23"><span class='ocrx_word' id='word_1_266' title='bbox 1432 2769 1679 2822; x_wconf 83' lang='lat' dir='ltr'><strong>nituisset</strong></span> <span class='ocrx_word' id='word_1_267' title='bbox 1711 2767 1902 2822; x_wconf 82' lang='lat' dir='ltr'><strong>ducem</strong></span> <span class='ocrx_word' id='word_1_268' title='bbox 1933 2781 1988 2820; x_wconf 87' lang='lat' dir='ltr'><strong>et</strong></span> <span class='ocrx_word' id='word_1_269' title='bbox 2019 2769 2317 2844; x_wconf 63' lang='lat' dir='ltr'><strong>Principem</strong></span> <span class='ocrx_word' id='word_1_270' title='bbox 2343 2767 2450 2817; x_wconf 81' lang='lat' dir='ltr'><strong>Ro-</strong></span> 
     </span>
     <span class='ocr_line' id='line_1_43' title="bbox 1432 2849 2449 2920; baseline -0.003 -20"><span class='ocrx_word' id='word_1_271' title='bbox 1432 2868 1648 2902; x_wconf 85' lang='lat' dir='ltr'><strong>manum</strong></span> <span class='ocrx_word' id='word_1_272' title='bbox 1663 2888 1680 2917; x_wconf 85' lang='lat'><strong>,</strong></span> <span class='ocrx_word' id='word_1_273' title='bbox 1707 2849 2104 2920; x_wconf 78' lang='lat' dir='ltr'><strong>compescuisse</strong></span> <span class='ocrx_word' id='word_1_274' title='bbox 2126 2859 2338 2919; x_wconf 77' lang='lat' dir='ltr'><strong>gentem</strong></span> <span class='ocrx_word' id='word_1_275' title='bbox 2361 2850 2449 2900; x_wconf 87' lang='lat' dir='ltr'><strong>in-</strong></span> 
     </span>
     <span class='ocr_line' id='line_1_44' title="bbox 1433 2928 1987 2983; baseline -0.005 0"><span class='ocrx_word' id='word_1_276' title='bbox 1433 2947 1618 2983; x_wconf 84' lang='lat' dir='ltr'><strong>sanam</strong></span> <span class='ocrx_word' id='word_1_277' title='bbox 1641 2941 1694 2981; x_wconf 91' lang='lat' dir='ltr'><strong>et</strong></span> <span class='ocrx_word' id='word_1_278' title='bbox 1716 2928 1987 2981; x_wconf 86' lang='lat' dir='ltr'><strong>rebellem.</strong></span> 
     </span>
    </p>

    <p class='ocr_par' dir='ltr' id='par_1_11' title="bbox 1430 3008 2454 3958">
     <span class='ocr_line' id='line_1_45' title="bbox 1504 3008 2454 3079; baseline 0 -19"><span class='ocrx_word' id='word_1_279' title='bbox 1504 3009 1598 3061; x_wconf 80' lang='lat' dir='ltr'><strong>XI.</strong></span> <span class='ocrx_word' id='word_1_280' title='bbox 1642 3025 1686 3060; x_wconf 84' lang='grc' dir='ltr'><strong>ι.</strong></span> <span class='ocrx_word' id='word_1_281' title='bbox 1725 3009 1850 3061; x_wconf 85' lang='lat' dir='ltr'><strong>Post</strong></span> <span class='ocrx_word' id='word_1_282' title='bbox 1881 3008 2167 3062; x_wconf 67' lang='lat' dir='ltr'><strong>biennium.</strong></span> <span class='ocrx_word' id='word_1_283' title='bbox 2183 3049 2195 3060; x_wconf 94' lang='lat'><strong>.</strong></span> <span class='ocrx_word' id='word_1_284' title='bbox 2211 3045 2226 3060; x_wconf 88' lang='lat'><strong>.</strong></span> <span class='ocrx_word' id='word_1_285' title='bbox 2241 3047 2255 3059; x_wconf 95' lang='lat'><strong>.</strong></span> <span class='ocrx_word' id='word_1_286' title='bbox 2291 3025 2454 3079; x_wconf 73' lang='lat' dir='ltr'><strong>quam</strong></span> 
     </span>
     <span class='ocr_line' id='line_1_46' title="bbox 1430 3081 2452 3162; baseline -0.006 -18"><span class='ocrx_word' id='word_1_287' title='bbox 1430 3099 1738 3144; x_wconf 76' lang='lat' dir='ltr'><strong>successerat</strong></span> <span class='ocrx_word' id='word_1_288' title='bbox 1749 3091 1909 3162; x_wconf 75' lang='lat' dir='ltr'><strong>patri.</strong></span> <span class='ocrx_word' id='word_1_289' title='bbox 1935 3088 2140 3160; x_wconf 82' lang='lat' dir='ltr'><strong>Xiphil.</strong></span> <span class='ocrx_word' id='word_1_290' title='bbox 2161 3081 2267 3159; x_wconf 70' lang='grc' dir='ltr'><strong>ἶρξι</strong></span> <span class='ocrx_word' id='word_1_291' title='bbox 2285 3087 2338 3140; x_wconf 60' lang='grc' dir='ltr'><em>ἢ</em></span> <span class='ocrx_word' id='word_1_292' title='bbox 2365 3085 2452 3140; x_wconf 65' lang='lat' dir='ltr'><strong>ebo</strong></span> 
     </span>
     <span class='ocr_line' id='line_1_47' title="bbox 1434 3165 2448 3239; baseline -0.002 -17"><span class='ocrx_word' id='word_1_293' title='bbox 1434 3169 1511 3222; x_wconf 58' lang='lat' dir='ltr'><strong>tan</strong></span> <span class='ocrx_word' id='word_1_294' title='bbox 1529 3208 1546 3232; x_wconf 88' lang='lat'><strong>,</strong></span> <span class='ocrx_word' id='word_1_295' title='bbox 1572 3166 1652 3220; x_wconf 68' lang='grc' dir='ltr'><strong>καὶ</strong></span> <span class='ocrx_word' id='word_1_296' title='bbox 1671 3169 1819 3236; x_wconf 50' lang='lat' dir='ltr'><strong>&#39;affrae</strong></span> <span class='ocrx_word' id='word_1_297' title='bbox 1839 3169 1931 3222; x_wconf 66' lang='lat'><strong>5⁵60</strong></span> <span class='ocrx_word' id='word_1_298' title='bbox 1947 3208 1963 3235; x_wconf 87' lang='lat'><strong>,</strong></span> <span class='ocrx_word' id='word_1_299' title='bbox 1987 3166 2158 3239; x_wconf 67' lang='grc' dir='ltr'><strong><em>ὅμὸμιε</em></strong></span> <span class='ocrx_word' id='word_1_300' title='bbox 2178 3188 2232 3220; x_wconf 72' lang='lat' dir='ltr'><strong>er·</strong></span> <span class='ocrx_word' id='word_1_301' title='bbox 2256 3165 2448 3228; x_wconf 63' lang='lat' dir='ltr'><strong>claeon,</strong></span> 
     </span>
     <span class='ocr_line' id='line_1_48' title="bbox 1433 3249 2452 3320; baseline -0.006 -19"><span class='ocrx_word' id='word_1_302' title='bbox 1433 3249 1630 3318; x_wconf 84' lang='lat' dir='ltr'><strong>LXVI,</strong></span> <span class='ocrx_word' id='word_1_303' title='bbox 1660 3266 1677 3300; x_wconf 83' lang='grc'>1</span> <span class='ocrx_word' id='word_1_304' title='bbox 1692 3250 1723 3302; x_wconf 88' lang='grc'><strong>8</strong></span> <span class='ocrx_word' id='word_1_305' title='bbox 1744 3263 1798 3302; x_wconf 87' lang='lat' dir='ltr'><strong>et</strong></span> <span class='ocrx_word' id='word_1_306' title='bbox 1820 3249 1911 3306; x_wconf 83' lang='lat'><strong>26.</strong></span> <span class='ocrx_word' id='word_1_307' title='bbox 1936 3266 2109 3320; x_wconf 85' lang='lat' dir='ltr'><strong>eaque</strong></span> <span class='ocrx_word' id='word_1_308' title='bbox 2127 3265 2250 3300; x_wconf 82' lang='lat' dir='ltr'><strong>vera</strong></span> <span class='ocrx_word' id='word_1_309' title='bbox 2270 3257 2350 3298; x_wconf 86' lang='lat' dir='ltr'><strong>est</strong></span> <span class='ocrx_word' id='word_1_310' title='bbox 2369 3263 2452 3296; x_wconf 86' lang='lat' dir='ltr'><strong>ra-</strong></span> 
     </span>
     <span class='ocr_line' id='line_1_49' title="bbox 1433 3323 2447 3400; baseline -0.006 -20"><span class='ocrx_word' id='word_1_311' title='bbox 1433 3329 1510 3380; x_wconf 85' lang='lat' dir='ltr'><strong>tio</strong></span> <span class='ocrx_word' id='word_1_312' title='bbox 1524 3369 1542 3397; x_wconf 82' lang='lat'>‚</span> <span class='ocrx_word' id='word_1_313' title='bbox 1564 3346 1728 3399; x_wconf 86' lang='lat' dir='ltr'><strong>quum</strong></span> <span class='ocrx_word' id='word_1_314' title='bbox 1747 3329 2110 3400; x_wconf 83' lang='lat' dir='ltr'><strong>Vespasianus</strong></span> <span class='ocrx_word' id='word_1_315' title='bbox 2129 3325 2214 3378; x_wconf 88' lang='lat' dir='ltr'><strong>die</strong></span> <span class='ocrx_word' id='word_1_316' title='bbox 2239 3323 2304 3377; x_wconf 82' lang='lat'><strong>23</strong></span> <span class='ocrx_word' id='word_1_317' title='bbox 2323 3325 2447 3376; x_wconf 87' lang='lat' dir='ltr'><strong>Jun.</strong></span> 
     </span>
     <span class='ocr_line' id='line_1_50' title="bbox 1436 3403 2452 3478; baseline -0.004 -18"><span class='ocrx_word' id='word_1_318' title='bbox 1436 3406 1744 3475; x_wconf 71' lang='lat' dir='ltr'><strong>832„Titus</strong></span> <span class='ocrx_word' id='word_1_319' title='bbox 1777 3405 1862 3458; x_wconf 88' lang='lat' dir='ltr'><strong>die</strong></span> <span class='ocrx_word' id='word_1_320' title='bbox 1903 3403 1965 3457; x_wconf 89' lang='lat'><strong>13</strong></span> <span class='ocrx_word' id='word_1_321' title='bbox 1990 3404 2284 3478; x_wconf 80' lang='lat' dir='ltr'><strong>septembr.</strong></span> <span class='ocrx_word' id='word_1_322' title='bbox 2317 3403 2452 3470; x_wconf 74' lang='lat'><strong>834,</strong></span> 
     </span>
     <span class='ocr_line' id='line_1_51' title="bbox 1435 3484 2452 3554; baseline -0.002 -19"><span class='ocrx_word' id='word_1_323' title='bbox 1435 3484 1645 3536; x_wconf 86' lang='lat' dir='ltr'><strong>obierit.</strong></span> <span class='ocrx_word' id='word_1_324' title='bbox 1675 3486 1756 3536; x_wconf 82' lang='lat' dir='ltr'><strong>Ita</strong></span> <span class='ocrx_word' id='word_1_325' title='bbox 1780 3485 1941 3536; x_wconf 86' lang='lat' dir='ltr'><strong>etiam</strong></span> <span class='ocrx_word' id='word_1_326' title='bbox 1957 3485 2160 3549; x_wconf 84' lang='lat' dir='ltr'><strong>Victor,</strong></span> <span class='ocrx_word' id='word_1_327' title='bbox 2185 3484 2324 3554; x_wconf 73' lang='lat' dir='ltr'><strong>Epic.</strong></span> <span class='ocrx_word' id='word_1_328' title='bbox 2357 3498 2452 3545; x_wconf 86' lang='lat'><strong>10,</strong></span> 
     </span>
     <span class='ocr_line' id='line_1_52' title="bbox 1444 3564 2449 3630; baseline -0.002 -14"><span class='ocrx_word' id='word_1_329' title='bbox 1444 3581 1486 3616; x_wconf 85' lang='lat'><strong>1.</strong></span> <span class='ocrx_word' id='word_1_330' title='bbox 1525 3564 1675 3618; x_wconf 79' lang='lat' dir='ltr'><strong>Alter</strong></span> <span class='ocrx_word' id='word_1_331' title='bbox 1709 3577 1889 3618; x_wconf 83' lang='lat' dir='ltr'><strong>autem</strong></span> <span class='ocrx_word' id='word_1_332' title='bbox 1923 3565 2135 3630; x_wconf 84' lang='lat' dir='ltr'><strong>Victor,</strong></span> <span class='ocrx_word' id='word_1_333' title='bbox 2174 3565 2303 3617; x_wconf 74' lang='lat' dir='ltr'><strong>Coes.</strong></span> <span class='ocrx_word' id='word_1_334' title='bbox 2348 3579 2410 3614; x_wconf 81' lang='grc' dir='ltr'><strong>ιο</strong></span> <span class='ocrx_word' id='word_1_335' title='bbox 2430 3600 2449 3627; x_wconf 85' lang='lat'><strong>,</strong></span> 
     </span>
     <span class='ocr_line' id='line_1_53' title="bbox 1434 3644 2451 3716; baseline -0.002 -19"><span class='ocrx_word' id='word_1_336' title='bbox 1434 3644 1760 3716; x_wconf 77' lang='lat' dir='ltr'><strong>mensesfere</strong></span> <span class='ocrx_word' id='word_1_337' title='bbox 1777 3663 1995 3713; x_wconf 83' lang='lat' dir='ltr'><strong>novem,</strong></span> <span class='ocrx_word' id='word_1_338' title='bbox 2017 3658 2070 3698; x_wconf 87' lang='lat' dir='ltr'><strong>et</strong></span> <span class='ocrx_word' id='word_1_339' title='bbox 2087 3647 2310 3715; x_wconf 86' lang='lat' dir='ltr'><strong>Eutrop.</strong></span> <span class='ocrx_word' id='word_1_340' title='bbox 2329 3645 2451 3712; x_wconf 86' lang='lat' dir='ltr'><strong>vn,</strong></span> 
     </span>
     <span class='ocr_line' id='line_1_54' title="bbox 1442 3724 2454 3797; baseline -0.005 -19"><span class='ocrx_word' id='word_1_341' title='bbox 1442 3725 1537 3791; x_wconf 74' lang='grc'><strong>14,</strong></span> <span class='ocrx_word' id='word_1_342' title='bbox 1574 3743 1784 3778; x_wconf 84' lang='lat' dir='ltr'><strong>menses</strong></span> <span class='ocrx_word' id='word_1_343' title='bbox 1825 3736 1940 3779; x_wconf 79' lang='lat' dir='ltr'><strong>octo</strong></span> <span class='ocrx_word' id='word_1_344' title='bbox 1980 3724 2200 3778; x_wconf 85' lang='lat' dir='ltr'><strong>biennio</strong></span> <span class='ocrx_word' id='word_1_345' title='bbox 2241 3725 2454 3797; x_wconf 86' lang='lat' dir='ltr'><strong>imperii</strong></span> 
     </span>
     <span class='ocr_line' id='line_1_55' title="bbox 1437 3805 2448 3877; baseline 0 -18"><span class='ocrx_word' id='word_1_346' title='bbox 1437 3809 1556 3877; x_wconf 85' lang='lat' dir='ltr'><strong>ejus</strong></span> <span class='ocrx_word' id='word_1_347' title='bbox 1581 3805 1807 3859; x_wconf 77' lang='lat' dir='ltr'><strong>addunt.</strong></span> <span class='ocrx_word' id='word_1_348' title='bbox 1830 3807 1970 3860; x_wconf 83' lang='lat' dir='ltr'><strong>Vide</strong></span> <span class='ocrx_word' id='word_1_349' title='bbox 1995 3809 2226 3861; x_wconf 78' lang='lat' dir='ltr'><strong>Reimar.</strong></span> <span class='ocrx_word' id='word_1_350' title='bbox 2256 3806 2326 3858; x_wconf 73' lang='lat' dir='ltr'><strong>ad</strong></span> <span class='ocrx_word' id='word_1_351' title='bbox 2351 3807 2448 3859; x_wconf 83' lang='lat' dir='ltr'><strong>xi-</strong></span> 
     </span>
     <span class='ocr_line' id='line_1_56' title="bbox 1435 3885 1898 3958; baseline 0.004 -20"><span class='ocrx_word' id='word_1_352' title='bbox 1435 3885 1570 3958; x_wconf 82' lang='lat' dir='ltr'><strong>phil.</strong></span> <span class='ocrx_word' id='word_1_353' title='bbox 1594 3887 1789 3954; x_wconf 83' lang='lat' dir='ltr'><strong>LXVI,</strong></span> <span class='ocrx_word' id='word_1_354' title='bbox 1817 3886 1898 3940; x_wconf 87' lang='lat'><strong>18.</strong></span> 
     </span>
    </p>

    <p class='ocr_par' dir='ltr' id='par_1_12' title="bbox 1432 3965 2494 4280">
     <span class='ocr_line' id='line_1_57' title="bbox 1513 3965 2452 4042; baseline -0.001 -22"><span class='ocrx_word' id='word_1_355' title='bbox 1513 3986 1562 4020; x_wconf 89' lang='grc'><strong>2.</strong></span> <span class='ocrx_word' id='word_1_356' title='bbox 1587 3968 1770 4022; x_wconf 79' lang='lat' dir='ltr'><strong>Altero</strong></span> <span class='ocrx_word' id='word_1_357' title='bbox 1793 3981 1844 4021; x_wconf 81' lang='lat' dir='ltr'><strong>et</strong></span> <span class='ocrx_word' id='word_1_358' title='bbox 1865 3965 2264 4042; x_wconf 62' lang='lat' dir='ltr'><strong>quadragesimo</strong></span> <span class='ocrx_word' id='word_1_359' title='bbox 2284 3968 2452 4019; x_wconf 77' lang='lat' dir='ltr'><strong>oetatis</strong></span> 
     </span>
     <span class='ocr_line' id='line_1_58' title="bbox 1435 4043 2494 4118; baseline -0.004 -18"><span class='ocrx_word' id='word_1_360' title='bbox 1435 4066 1597 4100; x_wconf 79' lang='lat' dir='ltr'><strong>anno.</strong></span> <span class='ocrx_word' id='word_1_361' title='bbox 1631 4049 1710 4099; x_wconf 87' lang='lat' dir='ltr'><strong>lta</strong></span> <span class='ocrx_word' id='word_1_362' title='bbox 1744 4049 1902 4099; x_wconf 83' lang='lat' dir='ltr'><strong>etiam</strong></span> <span class='ocrx_word' id='word_1_363' title='bbox 1937 4045 2162 4118; x_wconf 87' lang='lat' dir='ltr'><strong>Eutrop.</strong></span> <span class='ocrx_word' id='word_1_364' title='bbox 2195 4045 2232 4096; x_wconf 88' lang='lat' dir='ltr'><strong>l.</strong></span> <span class='ocrx_word' id='word_1_365' title='bbox 2269 4063 2315 4096; x_wconf 91' lang='lat' dir='ltr'><strong>c.</strong></span> <span class='ocrx_word' id='word_1_366' title='bbox 2346 4043 2451 4097; x_wconf 89' lang='lat' dir='ltr'><strong>Sed</strong></span> <span class='ocrx_word' id='word_1_367' title='bbox 2485 4061 2494 4087; x_wconf 64' lang='grc' dir='ltr'><strong><em>ν</em></strong></span> 
     </span>
     <span class='ocr_line' id='line_1_59' title="bbox 1436 4124 2454 4198; baseline -0.001 -22"><span class='ocrx_word' id='word_1_368' title='bbox 1436 4127 1638 4194; x_wconf 83' lang='lat' dir='ltr'><strong>Victor,</strong></span> <span class='ocrx_word' id='word_1_369' title='bbox 1663 4127 1790 4178; x_wconf 69' lang='lat' dir='ltr'><strong>Caes.</strong></span> <span class='ocrx_word' id='word_1_370' title='bbox 1822 4142 1912 4189; x_wconf 84' lang='lat'><strong>10,</strong></span> <span class='ocrx_word' id='word_1_371' title='bbox 1935 4144 2078 4178; x_wconf 81' lang='lat' dir='ltr'><strong>anno</strong></span> <span class='ocrx_word' id='word_1_372' title='bbox 2101 4125 2201 4177; x_wconf 78' lang='lat' dir='ltr'><strong>oevi</strong></span> <span class='ocrx_word' id='word_1_373' title='bbox 2224 4124 2454 4198; x_wconf 78' lang='lat' dir='ltr'><strong>quadra·</strong></span> 
     </span>
     <span class='ocr_line' id='line_1_60' title="bbox 1432 4203 2451 4280; baseline -0.002 -20"><span class='ocrx_word' id='word_1_374' title='bbox 1432 4207 1630 4280; x_wconf 67' lang='lat' dir='ltr'><strong>gesimo</strong></span> <span class='ocrx_word' id='word_1_375' title='bbox 1641 4225 1662 4268; x_wconf 79' lang='lat'><strong>,⁶</strong></span> <span class='ocrx_word' id='word_1_376' title='bbox 1688 4205 1836 4274; x_wconf 81' lang='lat' dir='ltr'><strong>alter,</strong></span> <span class='ocrx_word' id='word_1_377' title='bbox 1857 4205 1998 4277; x_wconf 81' lang='lat' dir='ltr'><strong>Epit.</strong></span> <span class='ocrx_word' id='word_1_378' title='bbox 2022 4221 2116 4274; x_wconf 78' lang='grc' dir='ltr'><strong>ιο,</strong></span> <span class='ocrx_word' id='word_1_379' title='bbox 2135 4203 2268 4257; x_wconf 76' lang='lat' dir='ltr'><strong>vixit</strong></span> <span class='ocrx_word' id='word_1_380' title='bbox 2281 4223 2451 4258; x_wconf 77' lang='lat' dir='ltr'><strong>annos</strong></span> 
     </span>
    </p>
   </div>
  </div>
 </body>
</html>
