3050 5004
2292 471 2416 535 281

1232 471 1519 536 OTHO.

338 597 552 665 batur.
579 595 867 665 Cuidam
890 598 1091 664 etiam
1108 595 1193 664 de
1211 615 1403 691 parte
1426 597 1668 666 finium
1691 621 1850 664 cum
1868 599 2087 664 vicino
2110 595 2392 688 litiganti
2409 651 2426 679 ,

338 707 677 782 adhibitus
723 708 972 777 arbiter
998 761 1015 790 ,
1064 724 1282 776 totum
1324 733 1566 801 agrum
1617 707 1902 776 redemit
1951 710 2428 801 emancipavit-

338 846 469 915 que
484 821 545 904 ⁶3
570 837 648 888 ut
662 818 803 913 jam
827 821 939 887 vix
962 818 1141 888 u'llus
1167 837 1372 904 esset,
1400 822 1680 914 quinon
1705 836 1773 887 et
1803 823 2081 887 sentiret
2101 836 2171 887 et
2191 819 2430 913 praedi-

338 947 519 999 caret
535 982 553 1012 ,
580 929 803 998 solum
826 933 1251 998 successione
1270 947 1297 993 7
1322 932 1586 1023 imperii
1609 929 1911 1022 dignum.

427 1045 508 1108 V.
563 1045 961 1134 Speraverat
994 1057 1219 1109 autem
1257 1041 1401 1109 fore
1422 1093 1439 1124 ‚
1483 1057 1563 1108 ut
1598 1040 2032 1132 adoptaretur
2067 1065 2108 1108 a
2141 1051 2162 1078 ¹
2183 1038 2425 1124 Galba;

338 1149 540 1246 idque
558 1153 631 1217 in
650 1149 793 1218 dies
818 1149 1265 1243 exspectabat.
1294 1150 1419 1219 Sed
1442 1167 1835 1244 postquam,
1860 1151 2102 1218 Pisone
2124 1147 2424 1241 praelato,

337 1283 456 1351 spe
484 1259 761 1341 decidit,
786 1258 874 1328 ad
898 1263 1034 1328 vim
1062 1281 1429 1328 conversus
1454 1275 1586 1343 est;
1608 1261 1970 1350 instigante
1993 1283 2197 1351 super
2221 1261 2428 1326 animi

336 1368 639 1438 dolorem
662 1373 862 1438 etiam
884 1369 1347 1462 magnitudine
1370 1372 1521 1438 aeris
1546 1368 1745 1438 alieni
1760 1386 1810 1436 2.
1839 1375 2072 1464 Neque
2095 1371 2275 1436 enim
2299 1368 2431 1436 dis—

337 1478 723 1561 simulabat,
758 1509 784 1540 «
802 1482 931 1547 nisi
956 1482 1336 1574 Principem
1354 1533 1369 1562 ,
1399 1504 1470 1547 se
1500 1495 1674 1546 stare
1699 1502 1839 1545 non
1866 1501 2100 1569 posse:
2124 1476 2430 1572 nihilque

338 1588 616 1672 referre,
646 1587 731 1655 ab
753 1587 945 1656 hoste
969 1591 1041 1656 in
1064 1593 1237 1672 acie,
1263 1612 1354 1656 an
1378 1591 1446 1654 in
1472 1587 1797 1684 Foro‚sub
1823 1583 2266 1654 creditoribus
2283 1639 2300 1668 ,
2325 1609 2432 1653 ca-

336 1699 547 1768 deret.
576 1732 603 1761 s»
650 1705 820 1768 Ante
861 1724 1117 1794 paucos
1154 1700 1297 1768 dies
1344 1724 1540 1768 servo
1581 1702 1860 1767 Caesaris
1901 1721 2029 1790 pro
2073 1701 2431 1790 impetrata

337 1809 835 1902 dispensatione
853 1812 881 1858 3
910 1811 1133 1878 decies
1167 1813 1550 1879 sestertium
1575 1823 2016 1903 expresserat.
2054 1813 2200 1874 Hoc
2223 1806 2432 1874 subsi-

336 1919 525 1988 dium
554 1924 721 1988 tanti
748 1923 948 2014 coepti
972 1921 1120 1988 fuit.
1157 1926 1252 1988 Ac
1275 1923 1492 2014 primo
1517 1922 1818 2017 quinque
1850 1915 2430 2012 [uspeculatoribus

334 2109 515 2158 manni
553 2112 912 2178 conjecturam
953 2107 1173 2172 milites,
1212 2106 1340 2158 huic

335 2185 521 2238 saltem
542 2187 822 2238 verborum
845 2185 1019 2238 ordini
1040 2185 1187 2239 haud
1206 2204 1339 2238 con-

333 2282 539 2334 gruam.

404 2344 453 2396 6.
498 2343 716 2396 cuidam
744 2347 920 2397 etiam.
938 2383 949 2395 .
966 2383 977 2394 .
994 2383 1005 2395 .
1037 2343 1338 2414 emancipa-

332 2425 523 2495 vitque.
544 2425 712 2475 Tacit.
730 2423 767 2476 l.
788 2442 835 2474 c.
863 2447 885 2469 κ
907 2420 1041 2475 adeo
1067 2425 1335 2476 animosus

334 2518 633 2574 corruptor,
654 2518 713 2556 ut
730 2504 953 2557 Cocceio
976 2502 1199 2555 Proculo
1220 2521 1339 2574 spe-

334 2583 589 2649 culatori,
618 2584 685 2636 de
709 2599 861 2655 parte
890 2584 1073 2635 finium
1108 2601 1228 2635 cum
1256 2587 1335 2635 vi⁵

335 2664 457 2714 cino
490 2662 811 2734 ambigenti,
841 2666 1149 2715 universum
1181 2664 1339 2714 vicini

333 2761 549 2814 agrum,
580 2762 671 2795 sua
689 2743 919 2815 pecunia
946 2752 1169 2809 erutum,
1199 2743 1337 2795 dono

334 2823 544 2875 dederit.
566 2845 587 2868 n
616 2823 959 2874 Coi-rectione
989 2823 1255 2873 Torrentii
1286 2832 1339 2871 et

332 2902 525 2973 Guyeti
547 2902 699 2972 eique
721 2902 1041 2973 mancipavit
1064 2918 1173 2951 non
1200 2918 1335 2971 opus

335 2998 475 3045 esse,
514 2980 859 3052 Oudendorp.
898 2982 1007 3050 jam
1045 2991 1098 3032 et
1131 2982 1333 3032 Ernest.

335 3058 649 3113 docuerunt.

405 3159 454 3210 7.
494 3141 831 3194 successione.
863 3141 1149 3192 Burmann.
1183 3130 1337 3190 revo-

334 3222 471 3273 cavit
494 3218 747 3271 librorum
768 3219 1117 3283 successionis,
1151 3230 1339 3269 contra

332 3317 487 3351 usum
516 3299 810 3367 scriptoris,
842 3298 931 3369 qui
964 3297 1121 3347 unice
1150 3294 1336 3348 obser—

333 3376 560 3430 vanduS.

402 3457 467 3506 V.
498 3472 515 3506 1
530 3493 541 3506 .
556 3456 917 3528 Speraverat...
934 3465 992 3505 ut
1008 3453 1339 3526 adoptaretur

332 3558 366 3589 a
382 3532 567 3589 G'alba.
582 3535 751 3586 Tacit.
771 3535 833 3584 H.
852 3535 903 3599 1,
925 3533 1012 3584 13:
1040 3554 1063 3578 ι
1079 3533 1234 3604 Spem
1250 3531 1337 3585 ad-

332 3616 594 3686 optionis,
610 3616 784 3665 statim
800 3624 1143 3683 conceptam,
1164 3614 1337 3663 acrius

332 3696 385 3745 in
406 3693 519 3746 dies
539 3692 779 3764 rapiebat
793 3730 811 3757 ,
832 3691 1132 3743 faventibus
1149 3691 1339 3761 plerisss

333 3792 439 3845 que
474 3772 731 3837 militum,
766 3789 937 3842 prona
975 3774 1028 3822 in
1066 3790 1187 3822 eum
1216 3770 1339 3823 aula

332 3853 595 3917 Neronis,
620 3862 682 3903 ut
713 3851 954 3903 similem.
972 3874 1001 3916 ‚³⁸
1034 3850 1189 3902 Conf.
1222 3848 1339 3901 Plu-

334 3929 501 3979 tarch.
528 3946 647 4003 cap.
674 3946 759 3979 at.

407 4026 455 4059 2.
493 4008 801 4080 Instiqcmte.
818 4046 830 4058 .
847 4046 857 4057 .
889 4008 1047 4059 etiam
1072 4008 1338 4079 maqnitu-

332 4088 459 4139 cline
480 4090 593 4141 ceris
616 4087 795 4140 alieni.
818 4088 1085 4141 Plutarch.
1113 4087 1215 4139 loc.
1248 4090 1335 4139 cit.

334 4168 720 4235 πεντακισχιλίαν
740 4166 977 4237 μυριάδων
1002 4153 1243 4234 domis-caten
1261 4170 1335 4227 βι-

1426 2091 1747 2172 βαππισμῖνον
1785 2105 1930 2158 dicit.
1963 2106 2132 2157 Tacit.
2169 2121 2290 2175 cap.
2331 2119 2428 2155 21:

1433 2211 1455 2234 κ
1474 2191 1682 2239 Interea
1702 2186 2001 2252 Othonem,
2025 2187 2140 2252 cni,
2165 2183 2438 2254 composi-

1426 2266 1491 2316 tis
1516 2265 1706 2330 rebus,
1731 2263 1876 2314 nulla
1896 2280 2045 2334 spe3.,
2070 2281 2226 2314 omne
2245 2265 2298 2312 in
2321 2275 2434 2312 tur-

1426 2341 1557 2395 bido
1580 2342 1888 2408 consilium,
1908 2341 2074 2393 multa
2097 2340 2252 2392 simul
2276 2341 2434 2390 exsti-

1428 2422 1728 2488 mulabant,
1765 2422 1973 2473 luxuria
2010 2423 2166 2473 etiam
2200 2421 2431 2490 Principi

1426 2518 1684 2565 onerosa,
1717 2501 1900 2571 inopia
1937 2501 2022 2551 vix
2057 2501 2262 2571 privato
2291 2496 2432 2549 tole-

1426 2581 1615 2647 randa,
1642 2584 1696 2633 in
1723 2581 1950 2633 Galbam
1978 2584 2085 2647 ira,
2109 2585 2164 2633 iu
2186 2582 2430 2633 Pisonem

1426 2660 1638 2713 invidia.
1667 2684 1688 2707 n

1496 2742 1547 2792 3.
1578 2742 1744 2793 Pro...
1769 2740 2147 2813 dispensatione
2156 2762 2174 2803 ,-
2197 2740 2252 2791 h.
2277 2759 2323 2793 e.
2350 2738 2430 2791 di-

1427 2822 1752 2891 spensatoris
1773 2820 1982 2885 officio,
2005 2820 2070 2872 de
2095 2840 2200 2893 quo
2225 2820 2341 2872 vide
2361 2818 2432 2872 ad

1427 2904 1652 2973 August.
1677 2902 1763 2974 67.

1498 2988 1549 3043 4.
1587 2984 1666 3034 Ac
1692 2984 1866 3055 primo
1893 2983 2122 3056 quinque
2147 2981 2430 3052 speculato-

1426 3060 1588 3126 ribus,
1617 3074 1716 3112 etc.
1741 3064 1992 3113 Diversus
2010 3062 2075 3113 de
2097 3080 2315 3113 numero
2335 3063 2432 3112 Ta-

1424 3142 1515 3190 cit.
1551 3159 1671 3211 cap.
1712 3141 1806 3194 25:
1847 3165 1869 3188 ι
1889 3141 1994 3194 Sed
2025 3156 2136 3192 tum
2166 3160 2194 3191 e
2227 3140 2430 3192 libertis

1424 3222 1776 3286 Onomastum
1813 3225 1994 3298 futuro
2028 3222 2212 3273 sceleri
2244 3222 2432 3292 praefe-

1424 3304 1523 3367 cit,
1546 3320 1575 3352 a
1597 3320 1703 3373 quo
1724 3302 1972 3353 Barbium
1991 3300 2270 3353 Proculum
2284 3338 2302 3365 ,
2323 3312 2430 3351 tes·
2459 3300 2466 3307 ’

1426 3380 1682 3430 serarium
1725 3379 2149 3450 speculatorum,
2186 3390 2239 3429 et
2272 3377 2433 3429 Vetu-
2493 3436 2503 3441 ⁸

1428 3460 1592 3521 rium,
1630 3459 1900 3529 optionem
1935 3456 2273 3521 eorumdem,
2310 3474 2430 3527 per-

1427 3533 1650 3601 ductos,
1685 3549 1969 3607 postquam
2007 3536 2151 3586 vario
2188 3552 2430 3586 sermone

1429 3613 1647 3666 callidos
1668 3611 2005 3685 audacesque
2023 3614 2297 3683 cognovit,
2310 3632 2432 3684 pre-

1428 3694 1501 3743 tio
1528 3706 1579 3742 et
1603 3694 1872 3763 promissis
1893 3705 2104 3756 onerat,
2128 3690 2251 3743 data
2272 3708 2432 3761 pecu-

1428 3771 1516 3821 nia
1548 3770 1616 3822 ad
1643 3770 2024 3840 pertentandos
2062 3769 2293 3841 plurium
2322 3769 2432 3819 ani-

1428 3868 1559 3902 mos.
1606 3852 1896 3921 Suscepere
1937 3851 2042 3901 duo
2081 3846 2430 3920 manipulares

1428 3932 1712 4003 Imperium
1731 3931 1920 4003 populi
1937 3933 2088 3981 Rom.
2109 3929 2432 3981 transferen-

1429 4008 1552 4061 dum
1565 4048 1580 4074 ,
1604 4024 1657 4062 et
1671 4011 2064 4062 transtulerunt.
2082 4011 2140 4060 lu
2156 4009 2429 4061 conscien-

1428 4090 1552 4139 tiam
1582 4089 1832 4141 facinoris
1865 4091 2024 4160 pauci
2060 4086 2267 4140 adsciti.
2297 4087 2427 4140 Sus-

1424 4189 1618 4239 pensos
1652 4184 1948 4223 ceterorum
1980 4172 2182 4223 animos
2212 4168 2426 4223 diversis
