3050 5004
1027 514 1691 588 VESPASIANUS.

2279 522 2414 610 329

312 674 471 719 mox
500 666 816 743 proeturae
852 646 1247 717 candidatus
1262 701 1279 731 ‚
1310 647 1500 716 illam
1536 672 1674 715 non
1716 648 1862 713 sine
1899 645 2172 740 repulsa
2199 644 2416 714 sexto·

312 786 447 857 que
478 762 629 831 loco
659 764 769 829 vix
796 760 1085 854 adeptus
1114 776 1217 827 est
1243 784 1257 822 :
1285 758 1461 827 hanc
1484 762 1702 851 prima
1727 761 1948 826 statim
1974 760 2326 852 petitione,
2353 774 2422 825 et

308 877 379 942 in
398 878 695 967 primis9.
718 880 969 943 Praetor
982 927 1001 957 ‚
1022 873 1377 941 infensum*
1389 874 1662 941 Senatui
1685 873 1923 938 Caium
1939 884 1994 918 ¹⁰
2011 894 2098 939 ne
2123 894 2262 967 quo
2279 894 2420 938 non

311 1008 557 1077 genere
598 985 1088 1066 demereretur,
1132 982 1331 1051 ludos
1375 980 1942 1051 extraordinarios
1981 1004 2110 1074 pro
2145 984 2423 1048 victoria

310 1094 459 1189 ejus
477 1100 879 1165 Germanica
892 1095 1319 1187 depoposcit,
1344 1116 1700 1187 poeuaeque
1721 1090 2287 1185 conjuratorum¹¹
2309 1092 2422 1161 ad·
2473 1082 2478 1087 ’

380 1378 435 1429 9.
474 1360 837 1414 AEdt‘litatt's...
854 1399 867 1413 .
895 1361 1229 1425 candidatus,
1258 1360 1325 1413 t‘l-

310 1439 505 1493 laun...
527 1440 743 1513 adeptus
764 1452 869 1493 est.-
896 1440 1112 1494 hanc-m
1138 1442 1196 1493 t‘n
1214 1443 1325 1513 ρή-

306 1521 430 1573 mis.
445 1520 762 1590 Recepimus
778 1518 1205 1572 emendationem
1220 1521 1326 1571 Du·

272 1623 277 1627 ·
308 1597 457 1662 keri,
490 1616 649 1669 quam
682 1597 943 1665 Wolflus,
970 1598 1233 1665 Bremius‚
1272 1610 1325 1650 et

311 1678 435 1751 quis
463 1694 575 1728 non
602 1676 889 1748 probaret?
910 1677 1067 1748 vulg.
1095 1698 1117 1723 ι
1139 1676 1323 1729 AEdili-

306 1760 437 1811 tatis
467 1776 533 1811 ac
564 1775 687 1809 mox
714 1771 953 1829 praetura
974 1756 1324 1823 candidatus,

308 1837 472 1890 etiam
505 1854 617 1887 uon
648 1837 762 1889 siue
794 1836 1004 1907 repulsa
1022 1872 1040 1901 ‚
1066 1849 1324 1907 sextoque

306 1916 437 1969 loco
460 1917 546 1967 vix
566 1914 791 1987 adeptus
812 1927 909 1968 est.
929 1916 1011 1967 Ac
1032 1916 1203 1989 prima
1224 1928 1327 1967 sta·

308 1998 409 2049 tim
432 1995 697 2067 petitione
724 2006 777 2047 et
803 1995 861 2047 in
890 1995 1076 2068 primis
1108 1996 1323 2059 Praetor,

304 2073 1328 2221 zzsffifsssssszzzsg‘i.223023233

306 2240 463 2303 eptas
489 2240 563 2283 est
588 2230 865 2303 requirere
880 2230 1241 2283 accusativum
1266 2227 1327 2281 it-

306 2308 425 2362 lam
439 2348 458 2376 ,
500 2327 675 2381 eoque
714 2310 962 2377 invento,
1002 2308 1327 2381 respondere

309 2388 517 2442 debere
545 2386 708 2455 hanc,
735 2388 859 2441 luce
882 2401 964 2441 est
994 2387 1220 2455 clarius,
1244 2388 1329 2441 id·

308 2488 423 2544 que
470 2471 647 2542 ipsum
684 2472 903 2542 egregia!
940 2470 1329 2524 emendationis

310 2564 396 2605 est
424 2549 841 2617 documentum,
880 2550 1029 2623 quod
1064 2563 1213 2604 tanta
1250 2563 1331 2604 est

306 2629 573 2682 facilitate
590 2665 609 2694 ‚
658 2643 719 2682 ut
766 2631 1061 2701 inspectam
1108 2628 1331 2702 quilibet

308 2713 437 2784 ipse
460 2709 699 2764 divinare
722 2729 839 2764 eam
868 2711 1115 2765 debuisse
1138 2710 1241 2764 sibi
1262 2713 1333 2763 vi-

308 2788 529 2856 deatur,
558 2788 707 2859 quod
736 2789 981 2842 accidere
1010 2790 1167 2841 etiam
1196 2789 1333 2841 solet

306 2871 371 2922 in
402 2869 739 2922 orationibus
767 2869 1199 2942 carminibusque
1221 2871 1331 2922 sin-

306 2947 519 3022 gularis
542 2947 846 3020 elegantiae,
874 2963 959 3016 ut,
988 2969 1087 3002 suo
1114 2951 1330 3022 ingenio

302 3041 577 3100 praerepta
622 3047 738 3082 esse
782 3048 967 3082 omnes
1012 3031 1327 3082 existiment.

302 3111 509 3161 Parum
524 3107 709 3160 aberat
722 3128 755 3162 a
770 3127 899 3162 vero
916 3110 1218 3175 Eumenius,
1239 3111 1329 3181 qui

306 3189 371 3240 in
400 3189 641 3240 Excursu
666 3187 735 3240 ad
756 3187 811 3239 h.
838 3186 871 3238 Ι.
898 3190 975 3242 ita
998 3187 1329 3260 corrigebatz

312 3289 341 3314 n
362 3267 694 3335 ρωποι-....
718 3280 863 3318 sorte
882 3267 1051 3337 cepit3
1072 3266 1333 3320 edilitatis

306 3363 447 3398 mox
468 3363 531 3396 ac
552 3357 789 3415 proeturae
812 3343 1147 3400 candidatus.
1169 3345 1244 3397 Et
1268 3345 1333 3398 il-

301 3421 421 3476 lam
436 3441 549 3475 non
568 3424 684 3476 sine
700 3421 915 3495 repulsa
933 3437 1189 3497 sextoque
1209 3424 1332 3478 loco

302 3507 400 3556 vix
438 3503 663 3575 adeptus
702 3517 811 3567 est;
848 3515 909 3556 at
944 3506 1115 3577 prima
1154 3507 1331 3559 statim

300 3585 581 3658 petitione
612 3599 664 3638 et
692 3586 747 3638 in
779 3587 961 3658 primis
992 3588 1206 3654 prator,
1240 3589 1331 3640 in·-

286 3665 496 3736 fensus
518 3663 733 3741 Senatui
750 3704 769 3732 ‚
790 3678 893 3718 etc.
915 3687 939 3712 n
962 3664 1235 3718 Duker-um
1260 3667 1331 3718 fe-

300 3763 374 3798 re
402 3757 623 3796 secutus
646 3758 727 3796 est
745 3742 1025 3810 Oudend.,
1050 3745 1155 3796 nisi
1180 3743 1331 3816 quod

296 3823 656 3892 transpositis
676 3821 881 3886 verbis,
908 3821 1060 3874 illam
1086 3841 1191 3875 non
1216 3824 1329 3875 sine

295 3902 523 3974 repulsa
532 3941 551 3970 ,
566 3913 807 3975 sextoque
824 3903 913 3955 νὴ·
930 3903 1237 3975 adeptusest
1256 3903 1331 3956 lo·

292 3999 401 4046 co,
421 3980 657 4053 plurium
672 3980 845 4034 Codd.
866 3979 997 4048 fide,
1020 3995 1105 4046 et,
1122 3999 1186 4032 ex
1206 4000 1325 4034 meo

292 4079 509 4128 sensu,
546 4061 777 4113 suaviori
806 4059 875 4112 ad
908 4079 1091 4114 aurem
1118 4059 1323 4114 ordine.

290 4139 489 4207 Quem
528 4137 859 4192 Burmannus
894 4140 1058 4193 movit
1098 4157 1327 4211 scrupu-

280 4219 417 4272 lum
434 4253 453 4284 ,
492 4217 729 4270 AEdilem
770 4218 1031 4272 Cerealem
1072 4237 1189 4273 esse
1234 4217 1323 4273 de-

1414 1358 1596 1413 buisse
1609 1360 1997 1431 Vespasianum
2012 1396 2028 1423 ‚
2050 1359 2095 1410 si
2113 1372 2290 1411 sextus
2307 1358 2444 1411 aedi-.

1413 1438 1576 1492 litatis
1587 1438 1740 1491 locus
1755 1440 1803 1491 ei
1820 1438 2120 1491 obvenisset
2131 1476 2148 1505 ,
2170 1456 2336 1510 quum
2353 1449 2428 1491 ta·

1414 1539 1534 1573 meu
1583 1522 1786 1573 viarum
1831 1521 2198 1573 venundarunt
2243 1538 2428 1572 curam

1411 1602 1714 1674 impositam
1749 1604 1796 1654 ei
1835 1621 1954 1673 cap.
1984 1602 2016 1657 5
2045 1600 2268 1669 doceat,
2301 1602 2428 1655 satis

1414 1682 1702 1734 removisse
1729 1680 1980 1733 videntur
2012 1676 2173 1733 iidem
2201 1681 2300 1731 viri
2329 1678 2430 1731 do-

1415 1763 1518 1827 cti,
1535 1760 1693 1828 dum,
1717 1762 1899 1813 locum
1920 1760 2194 1815 electionis
2213 1778 2324 1812 nou
2348 1761 2430 1831 ip-

1414 1857 1528 1893 sam
1553 1841 1789 1891 muneris
1819 1852 2026 1911 partem
2055 1838 2428 1903 constituisse,

1414 1916 1509 1972 sed
1543 1936 1727 1970 recens
1757 1914 1956 1970 electos
1985 1917 2053 1971 de
2079 1916 2184 1969 bac
2213 1918 2430 1969 sortitos

1416 2014 1560 2062 esse,
1585 1995 1951 2049 ostenderunt.
1979 1995 2141 2065 Quod
2165 1996 2233 2049 ad
2259 2012 2430 2048 anuos

1414 2074 1648 2147 denique
1671 2074 1862 2127 attinet
1877 2113 1895 2142 ,
1918 2075 2116 2147 quibus
2140 2075 2430 2146 Vespasia-

1414 2172 1517 2207 nus
1531 2153 1634 2206 hos
1647 2156 1986 2225 magistratus
1999 2156 2164 2225 gessit
2176 2192 2192 2221 ‚
2209 2153 2431 2207 aedilitas

1415 2236 1648 2305 pertinet
1677 2233 1744 2285 ad
1771 2252 1894 2286 ann.
1932 2250 2028 2304 791
2059 2232 2236 2304 (conf.
2265 2234 2428 2285 Dion.

1415 2312 1559 2379 ΠΧ,
1589 2313 1710 2383 12),
1739 2323 1799 2365 ut
1823 2312 1958 2365 adeo
1987 2312 2254 2384 repulsam
2277 2328 2434 2382 supe·

1415 2392 1546 2443 riori
1577 2410 1722 2445 auno
1755 2391 1962 2455 tulerit3
1991 2403 2218 2463 pretura
2253 2404 2433 2443 autem

1418 2471 1485 2525 ad
1522 2490 1646 2524 ann.
1679 2487 1782 2544 792
1821 2470 1996 2543 (unde
2033 2490 2158 2538 mox
2187 2481 2431 2544 proeturoe

1419 2553 1726 2606 candidatus
1765 2552 1911 2625 apud
1952 2553 2273 2625 Nostrum),
2322 2570 2430 2623 quo
2543 2601 2550 2616 ,

1422 2651 1566 2684 anno
1595 2633 1758 2686 Caius
1793 2633 2098 2685 Germanici
2129 2631 2259 2684 beni
2291 2631 2433 2685 tudi-

1418 2711 1592 2762 brium
1613 2713 1746 2783 egit,
1775 2723 1830 2763 et
1851 2709 2060 2764 detecta
2085 2725 2164 2764 est
2187 2710 2432 2764 Getulici

1422 2791 1722 2861 conjuratio
1731 2788 1876 2858 (vide‘
1883 2788 1946 2842 ad
1959 2789 2148 2842 Claud.
2163 2789 2238 2860 9),
2252 2807 2436 2861 quam·
2471 2813 2476 2820 ·

1422 2887 1584 2941 quam
1604 2867 1856 2923 Oudend.
1883 2871 1975 2942 qui
1999 2870 2206 2940 egregie
2228 2868 2285 2920 in
2307 2887 2434 2922 eou-

1419 2947 1702 3002 stituendis
1729 2948 1816 3002 his
1839 2949 2172 3022 temporibus
2193 2961 2436 3002 versatus

1420 3041 1534 3096 est,
1565 3047 1708 3081 anno
1739 3029 1844 3099 793
1867 3049 1986 3082 eam
2015 3028 2213 3082 tribuit.
2423 3083 2436 3092 ,

1496 3126 1578 3164 10.
1597 3111 1878 3182 Infensum
1894 3111 2112 3163 Senam
2131 3111 2331 3164 caium.
2353 3111 2436 3163 Ita

1419 3187 1706 3260 legendum
1727 3207 1844 3243 esse
1863 3207 1964 3260 pro
1985 3190 2130 3259 vulg.
2159 3211 2182 3235 ι
2201 3190 2436 3261 infensus

1420 3267 1666 3335 Senatui,
1683 3269 1930 3334 Caium,·
1950 3281 2273 3319 monuerunt
2285 3267 2430 3338 Lips.

1421 3357 1477 3398 et
1488 3345 1702 3418 Pighius
1717 3344 1932 3417 (AnuaJ.
1945 3359 2072 3398 tom.
2093 3346 2192 3411 111,
2211 3365 2268 3417 p.
2287 3345 2433 3417 569),

1421 3425 1900 3499 comprobantibus
1919 3439 2044 3498 post
2061 3425 2194 3478 alios
2218 3425 2432 3478 Dukem
2469 3493 2476 3500 ¹

1422 3518 1476 3558 et
1498 3505 1750 3559 Oudend.
1775 3505 1846 3557 ad
1867 3504 1922 3557 h.
1948 3505 1986 3556 Ι.
2007 3503 2328 3576 videcalig.
2361 3508 2432 3573 48

1420 3596 1475 3635 et
1496 3583 1596 3654 493
1624 3582 1814 3636 Claud.
1843 3601 1896 3652 9.
1925 3584 2003 3635 Ea
2029 3585 2175 3653 ipsa,
2203 3601 2322 3653 quoe
2345 3585 2432 3635 fe-

1422 3664 1558 3716 cisse
1583 3664 1972 3735 Vespasianu-
2003 3674 2194 3714 auctor
2217 3675 2430 3728 narrat,

1420 3761 1534 3795 non
1565 3757 1676 3796 tam
1703 3741 1886 3794 odium
1917 3744 2032 3813 ejus
2060 3743 2114 3793 in
2144 3741 2396 3794 Senatum
2413 3781 2430 3810 ,

1418 3821 1515 3874 sed
1532 3821 1928 3894 permulcendae
1949 3821 2064 3873 Caii
2083 3823 2138 3874 in
2159 3820 2400 3874 ordinem
2413 3861 2430 3890 ‚

1420 3902 1489 3955 ad
1510 3921 1670 3975 quem
1689 3905 1804 3974 ipse
1823 3914 1886 3954 ut
1897 3903 2093 3953 Pretor
2109 3901 2432 3972 pertinebat,

1416 3983 1507 4034 irae
1524 3981 1762 4034 studium
1783 3981 2101 4047 ostendunt,
2126 3982 2282 4034 etiam
2305 3999 2428 4033 cum

1416 4059 1718 4113 humilitate
1743 4061 1908 4112 animi
1927 4061 2291 4129 conjunctum.

1496 4159 1513 4192 1
1533 4158 1574 4192 ι.
1603 4141 1880 4211 Poenoeque
1895 4142 2280 4211 conjuratorum
2294 4158 2313 4198 ,-
2329 4139 2437 4190 Le-

1414 4218 1528 4291 pidi
1553 4233 1606 4272 et
1627 4217 1882 4272 Getulici.
1909 4216 2046 4270 Vide
2069 4215 2258 4270 Claud.
2284 4233 2334 4285 9.
