3050 5004
576 464 699 530 168

1317 468 1389 529 C.
1442 466 1908 531 SUETONII

562 588 975 657 Perductum
1006 586 1165 656 inde
1199 592 1269 655 in
1302 588 1710 673 theatrum4,
1753 614 1835 657 ac
1864 613 2102 657 rursus
2135 589 2666 681 supplicantem,

558 699 749 793 juxta
784 725 857 768 se
883 701 1092 768 latere
1120 699 1357 769 dextro
1387 700 1764 769 collocavit.
1804 701 1912 769 Ob
1933 724 2086 796 quae
2111 706 2488 793 Imperator
2509 724 2669 769 eon-

564 810 924 891 salutatus‚
964 808 1199 878 laurea
1241 810 1313 877 in
1352 808 1757 903 Capitolium
1792 808 1988 877 lata-⁴.
2037 814 2290 877 Janum
2321 812 2670 901 geminum

564 919 838 1001 clausit,
860 936 1187 1014 tanquam
1214 917 1413 987 nullo
1430 917 1704 988 residuo
1731 918 1974 988 belloss.

656 1036 835 1101 xlv.
878 1030 1283 1100 Consulatus
1312 1048 1602 1127 quatuor
1625 1036 1860 1124 gessit:
1885 1034 2184 1126 primum
2207 1042 2224 1071 ⁸
2239 1032 2664 1117 bimestrem,

564 1142 943 1211 secundum
968 1159 1038 1211 et
1060 1148 1505 1213 novissimum
1535 1162 1892 1213 semestres
1908 1198 1930 1227 7
1951 1148 2224 1213 tertium
2244 1146 2674 1239 quadrimes-

562 1270 766 1321 trem:
792 1252 1051 1322 medios
1074 1253 1247 1323 duos
1272 1258 1690 1324 continuavit
1707 1284 1725 1341 ;
1753 1256 2050 1351 reliquos
2069 1259 2250 1324 inter
2267 1279 2497 1325 annua
2517 1282 2676 1351 spa-

566 1366 658 1432 tia
679 1369 982 1434 variavit.

661 1480 803 1543 XV.
858 1482 935 1545 In
950 1476 1417 1569 jurisdictione
1436 1480 1968 1573 postulatoribus
1983 1490 1994 1517 ¹
2009 1533 2026 1564 ,
2045 1482 2178 1549 nisi
2195 1482 2504 1573 sequenti
2520 1477 2632 1546 die
2647 1528 2672 1559 ,
2723 1566 2732 1577 ·

636 1734 687 1805 4.
720 1738 1036 1793 Perductum
1058 1742 1179 1794 inde
1201 1744 1257 1795 in
1282 1740 1571 1809 theatrum,

566 1828 667 1869 etc.
702 1816 784 1870 Cf.
822 1818 1022 1889 xiphil.
1054 1838 1173 1891 cap.
1204 1822 1254 1873 6.
1282 1817 1412 1873 Ptin.
1438 1822 1572 1873 nist.

567 1896 690 1947 Nat.
711 1898 963 1965 XXXIII,
980 1899 1011 1951 3
1032 1897 1197 1970 (16),
1220 1921 1241 1944 α
1263 1900 1405 1951 Nero
1428 1902 1576 1951 Pom·

564 1977 675 2047 peii
687 1976 953 2028 theatrum
966 1981 1175 2049 operuit
1192 1997 1323 2029 auro
1335 1980 1389 2029 in
1405 1997 1575 2031 unum

564 2054 705 2106 diem
720 2094 737 2122 ,
760 2056 909 2126 quod
930 2056 1153 2109 Tiridati
1182 2060 1290 2128 regi
1316 2060 1580 2111 Armeniae

568 2134 890 2187 ostenderet.
912 2160 935 2183 ιι

640 2230 688 2283 5.
728 2230 933 2283 Laurea
973 2233 1029 2284 t'n
1070 2231 1388 2305 Capitolt‘um
1427 2233 1536 2285 lata
1552 2256 1573 2295 ,-

566 2306 681 2363 sine
698 2312 847 2380 justo
870 2311 1160 2384 triumpho.
1184 2314 1261 2363 lta
1286 2312 1571 2364 Domitian.

566 2390 601 2441 6
622 2428 638 2454 ,
686 2413 709 2437 α
734 2390 803 2443 de
844 2390 1092 2443 Sarmatis
1132 2390 1371 2442 lauream
1409 2390 1575 2443 modo

527 2514 539 2526 .
564 2468 869 2542 Capitolino
890 2472 1009 2523 Jovi
1024 2467 1219 2524 retulit.
1237 2493 1259 2518 ι
1279 2469 1360 2522 Cf.
1384 2468 1452 2523 de
1472 2469 1575 2522 hac

564 2549 745 2602 laurea
762 2588 781 2616 ‚
822 2552 1057 2626 uictoriae
1096 2549 1459 2620 triumphique
1502 2552 1575 2601 si-

564 2649 673 2699 guo
690 2668 706 2695 ,
734 2629 909 2702 quod,
936 2644 995 2682 ut
1020 2643 1143 2701 post
1160 2631 1361 2699 justum
1387 2630 1575 2679 trium-

563 2710 762 2780 phum,
788 2712 845 2762 in
881 2711 1083 2780 gremio
1111 2711 1255 2761 Jovis
1288 2709 1576 2780 Capitolini

564 2785 956 2860 deponebatur,
981 2777 1274 2858 Demptum:
1302 2785 1369 2837 ad
1390 2789 1570 2838 llosin.

565 2870 690 2920 Ant.
706 2870 859 2920 Rom.
875 2869 951 2932 X,
971 2885 1064 2936 29,
1086 2886 1137 2936 p.
1158 2883 1279 2936 777,
1302 2879 1353 2916 et
1369 2865 1568 2917 Mader.

566 2943 637 2999 ed
681 2948 895 2999 Panvin.
938 2944 1006 2997 de
1047 2945 1340 3014 Triumpho
1379 2944 1571 3014 (Thes.

562 3027 734 3078 Graev.
760 3039 890 3078 tom.
915 3026 1019 3092 lx,
1048 3045 1103 3096 p.
1136 3024 1327 3093 1368),
1355 3026 1477 3095 qui,
1508 3045 1572 3077 ex

562 3103 736 3157 solido
758 3123 889 3156 auro
914 3103 1164 3156 fabricari
1190 3103 1429 3169 solitam,
1453 3101 1574 3175 plu-

562 3189 705 3238 rimis
729 3185 861 3238 locis
888 3183 1193 3238 ostendunt.

630 3283 683 3334 6.
716 3283 990 3355 Tanquam
1018 3281 1168 3334 nullo
1191 3281 1392 3334 residuo
1416 3277 1570 3335 bello.

560 3362 739 3428 Quum
760 3361 872 3414 baec
892 3363 1169 3412 manifeste
1191 3379 1310 3412 cum
1336 3364 1574 3430 superio-

556 3441 708 3494 ribus
732 3440 1061 3507 cobaereant,
1091 3453 1144 3494 et
1173 3441 1321 3491 numi
1351 3439 1572 3491 accedat

560 3519 845 3572 auctoritas
864 3557 880 3583 ,
918 3516 983 3568 de
1020 3535 1129 3588 quo
1159 3517 1277 3569 vide
1315 3515 1565 3570 Oudend.

556 3594 625 3646 ad
640 3595 694 3647 h.
713 3596 746 3647 l.
764 3611 816 3648 et
830 3598 1059 3649 Reimar.
1078 3595 1147 3647 ud
1160 3595 1359 3668 Xiphil.
1381 3597 1564 3662 Lxm,

557 3673 621 3742 5,
648 3677 841 3727 recessi
864 3695 893 3728 a
917 3675 1033 3746 lege
1058 3674 1187 3728 mihi
1211 3677 1403 3746 scripta
1421 3715 1437 3743 ,
1466 3674 1565 3727 de-

552 3751 715 3824 dique
750 3755 913 3824 Lipsii
948 3754 1411 3820 emendationem,
1444 3753 1568 3825 ple-

554 3834 729 3906 risque
746 3833 1043 3904 probatam,
1060 3853 1159 3905 pro
1176 3834 1407 3888 lectione
1416 3835 1559 3908 vulg.

559 3937 583 3960 a
600 3925 711 3965 tam
727 3913 901 3980 nullo,
920 3933 1083 3986 quam
1102 3913 1319 3966 residuo
1338 3912 1511 3980 bello,
1534 3937 1560 3962 ιο

551 4011 579 4042 a
608 3994 881 4045 Gronovio
908 4007 1117 4046 mutata
1144 3996 1197 4044 in
1230 3998 1379 4066 ajam
1409 3992 1558 4046 nullo

549 4070 697 4144 quasi
720 4071 931 4124 residuo
954 4072 1115 4124 bello.
1138 4096 1160 4120 ιο
1194 4073 1247 4126 Si
1277 4071 1357 4124 vel
1390 4075 1558 4126 maxi-

548 4167 632 4202 me
661 4153 848 4221 saepius
872 4153 1065 4204 Janum
1101 4171 1129 4204 a
1164 4154 1380 4204 Nerone
1404 4151 1554 4204 clau-

1665 1758 1781 1795 sum
1806 1740 2188 1808 ostenderetur,
2215 1738 2321 1792 hoc
2344 1750 2520 1791 tamen
2543 1736 2672 1791 loco

1664 1822 1730 1875 de
1757 1822 2053 1874 honoribus
2083 1820 2247 1873 modo
2277 1838 2477 1887 sermo,
2512 1820 2672 1871 Prin-

1665 1904 1714 1953 ci
1755 1906 1772 1954 i
1791 1903 1860 1955 ob
1879 1896 2426 1955 Tiridatis'adventum
2441 1898 2674 1965 habitis,

1666 1922 1751 2032 aci²
1755 1999 1889 2051 quos
1904 1978 2419 2033 senatusconsultum
2435 1975 2503 2028 de
2522 1976 2670 2029 clau-

1664 2058 1842 2113 dendo
1869 2063 2010 2112 311ηο
2035 2060 2268 2131 pertinet
2289 2074 2466 2128 aeque,
2491 2074 2554 2107 ae
2579 2074 2671 2107 οι·-

1664 2153 1907 2192 namenta
1954 2137 2326 2209 triumphalia,
2363 2136 2432 2189 de
2475 2134 2674 2207 quibus

1663 2234 1853 2272 auctor
1892 2223 2132 2291 proxime
2178 2218 2418 2283 dixerat,
2457 2229 2512 2268 et
2549 2236 2671 2269 vere

1665 2298 1912 2352 Oudend.
1937 2310 2120 2364 notat,
2155 2300 2198 2350 si
2226 2296 2293 2348 de
2317 2297 2674 2367 Janosaepius

1665 2378 1847 2431 clauso
1881 2392 2172 2451 exponeret
2195 2377 2250 2429 h.
2279 2377 2316 2428 1.
2349 2376 2672 2442 Suetonius,

1665 2459 1892 2513 scribere
1929 2477 2050 2511 eum
2083 2456 2367 2525 debuisse,
2404 2469 2510 2510 tam
2551 2456 2672 2508 resi-

1665 2541 1800 2605 duo,
1829 2558 1988 2614 quam
2013 2535 2168 2590 nullo
2201 2534 2354 2589 bello.
2389 2537 2674 2588 consensit

1665 2621 1825 2670 etiam
1849 2615 2099 2669 Wolfius.

1733 2715 1875 2770 xlv,
1895 2733 1912 2766 1
1927 2754 1938 2766 .
1959 2715 2227 2772 Primum;
2249 2729 2370 2763 ann.
2391 2709 2524 2774 808,
2547 2727 2674 2761 cum

1661 2795 1720 2846 L.
1745 2793 1974 2845 Antistio
1993 2793 2214 2850 Vetere3.
2235 2789 2489 2855 alterum,
2509 2789 2678 2840 inter·

1656 2877 1802 2942 jecto
1821 2873 1994 2943 spatio
2018 2888 2197 2922 annuo
2213 2908 2230 2936 ,
2251 2886 2374 2920 ann.
2397 2867 2527 2932 810,
2547 2885 2676 2918 cum

1663 2954 1720 3002 L.
1733 2950 2027 3021 ,Calpurnio
2043 2951 2259 3012 Pisone,
2281 2945 2676 3016 conjunxitque

1663 3025 1867 3081 tertium
1895 3047 2017 3080 ann.
2056 3029 2115 3080 81
2134 3045 2180 3091 1,
2212 3044 2333 3077 eum
2360 3027 2434 3076 M.
2457 3020 2670 3075 Valerio

1661 3108 1913 3171 Messala3
1933 3119 2200 3181 quartum,
2225 3122 2409 3157 rursus
2430 3121 2570 3155 anno
2595 3102 2677 3154 in-

1660 3189 1907 3256 terjecto,
1935 3204 2059 3237 ann.
2096 3185 2196 3236 813
2214 3222 2234 3250 ,
2261 3201 2382 3234 cum
2417 3181 2676 3234 Cornelio

1659 3263 1887 3318 Lentulo
1917 3264 2108 3318 Cosso.

1733 3363 1844 3414 XV.
1879 3380 1922 3414 1.
1949 3361 2390 3424 Postulaton'bus3
2419 3357 2472 3412 h.
2501 3378 2547 3412 e.
2573 3361 2676 3427 iis,

1662 3445 1752 3513 qui
1773 3461 1988 3494 causam
2013 3441 2242 3513 aliquam
2269 3441 2336 3493 ad
2355 3460 2409 3494 se
2431 3439 2672 3512 judicem

1658 3520 1997 3589 deferebant,
2019 3523 2130 3574 sive
2149 3520 2352 3592 aliquid
2373 3539 2552 3572 eoram
2577 3521 2671 3573 tri-

1654 3597 1840 3652 bunali
1891 3618 1988 3652 suo
2039 3599 2310 3670 petebant.
2361 3603 2438 3652 lta
2488 3617 2676 3652 cause·

1655 3681 1779 3750 ipsae
1800 3677 2178 3749 postulationes
2201 3677 2516 3730 dicebantur
2541 3697 2666 3749 cap.

1655 3775 1704 3827 7.
1733 3757 1891 3808 Conf.
1915 3756 1982 3809 de
2007 3756 2110 3809 hoc
2131 3756 2395 3809 vocabulo
2417 3770 2468 3808 et
2487 3775 2670 3808 exem—

1653 3836 1742 3908 pla
1770 3835 2032 3906 ejusmodi
2060 3835 2484 3907 postulationum
2515 3833 2670 3905 apud.

1652 3916 1885 3966 Brisson.
1917 3913 1983 3965 de
2006 3913 2294 3979 Formulis,
2321 3913 2414 3966 lib.
2441 3917 2506 3978 V,
2534 3931 2666 3984 pag.

1653 3996 1776 4060 400.
1801 3996 2045 4047 Reinesio
2073 3995 2322 4067 placebat
2341 3991 2669 4068 postulanti—

1649 4075 1736 4128 bus
1773 4093 1894 4126 cum
1931 4073 2152 4126 Guther.
2193 4073 2260 4126 de
2297 4073 2452 4129 Offic.
2495 4073 2670 4124 Dom.

1646 4154 1872 4223 August.
1903 4153 1926 4201 1
1936 4189 1952 4219 ,
1985 4168 2068 4204 20.
