3050 5004
648 479 771 543 180
1379 479 1450 541 C.
1502 475 1971 543 SUETONII
2039 557 2046 580 ,

636 607 1115 696 interponeret.
1160 608 1217 671 A
1254 602 1662 698 quibusdam
1701 628 1786 671 ex
1818 603 1922 671 his
1963 619 2236 695 rogatus
2256 655 2274 686 ,
2317 618 2396 669 ut
2432 620 2734 673 cantaret
2793 672 2797 677 ,

639 738 847 807 super
876 737 1169 797 coenam,
1202 730 1663 807 exceptusque
1696 714 1976 782 effusius
1995 766 2014 797 ,
2049 743 2075 773 α
2095 713 2280 782 Solos
2305 716 2475 781 scire
2497 712 2732 783 audire

634 828 935 905 GraecOS,
986 824 1301 918 solosque
1352 849 1424 891 se
1470 840 1538 891 et
1583 824 1818 892 studiis
1871 827 2008 891 suis
2059 822 2298 917 dignos
2319 879 2334 906 ‚
2359 854 2384 884 υ
2435 826 2546 892 ait.
2594 830 2732 893 Nec

628 936 1046 1028 profectione
1071 934 1275 1002 dilata
1294 988 1311 1017 ‚
1338 952 1415 1002 ut
1438 938 1740 1028 primum
1760 939 2163 1028 Cassiopen9
2189 933 2480 1028 trajecit,
2506 940 2731 1005 statim

632 1044 719 1115 ad
745 1072 933 1116 aram
961 1052 997 1115 J
1003 1051 1144 1114 ovis
1168 1050 1379 1115 Cassii
1404 1064 1681 1115 cantare
1713 1052 2098 1140 auspicatus
2129 1065 2249 1117 est.

724 1163 969 1227 XXIII.
1022 1161 1398 1226 Certamina
1425 1156 1743 1251 deinceps
1769 1158 1933 1226 obiit
1955 1163 2180 1229 omnia
2207 1170 2249 1226 ¹.
2277 1165 2448 1229 Nam
2477 1176 2546 1227 et
2575 1186 2730 1256 quae

630 1266 1239 1338 diversissimorum
1263 1286 1648 1363 temporum
1677 1287 1840 1338 sunt
1860 1323 1877 1353 ,
1904 1274 2053 1363 cogi
2083 1274 2156 1338 in
2188 1296 2406 1339 unum
2427 1298 2684 1340 annum
2709 1324 2727 1357 ,

629 1378 1039 1474 quibusdam
1083 1380 1286 1447 etiam
1335 1381 1590 1446 iteratis
1615 1432 1634 1463 ,
1682 1376 1928 1472 jussit3
1973 1398 2040 1447 et
2079 1380 2412 1473 Olympiae
2454 1405 2729 1477 quoque

627 1505 875 1584 praeter
915 1490 1471 1557 consuetudinem
1503 1498 1527 1525 ²
1565 1493 1900 1562 musicum
1941 1514 2161 1581 agona
2197 1493 2550 1558 commisit.
2591 1496 2686 1559 Ac
2707 1542 2728 1573 ,

624 1626 714 1670 ne
734 1599 901 1696 quid-
921 1604 1099 1669 circa
1121 1599 1266 1669 haec
1290 1617 1696 1693 occupatum
1715 1617 2027 1669 avocaret
2043 1600 2454 1670 detineretve
2469 1654 2488 1685 ,
2513 1626 2726 1696 quum

627 1713 984 1806 praesentia
1019 1708 1167 1803 ejus
1198 1711 1467 1779 urbicas
1500 1735 1610 1779 res
1643 1734 1838 1803 egere
1869 1737 1910 1779 a
1935 1710 2174 1779 liberto
2198 1711 2392 1779 Helio
2415 1712 2728 1781 admone-

627 1820 859 1890 retur³
880 1874 897 1905 ,
927 1824 1270 1913 rescripsit
1301 1820 1403 1889 his
1433 1820 1656 1889 verbis
1674 1873 1690 1904 ,
1727 1852 1752 1881 α
1775 1824 2096 1906 Quamvis
2131 1847 2316 1891 nunc
2349 1839 2546 1891 tuum
2569 1846 2724 1891 con-

629 1932 855 2001 silium
881 1934 968 2001 sit
990 1947 1057 2000 et
1080 1948 1313 1999 votum
1334 1984 1352 2013 ,
1375 1931 1686 2000 celeriter
1722 1935 1964 1999 reverti
1999 1957 2146 2015 me;
2183 1949 2408 1999 tamen
2440 1932 2725 2003 suadere

626 2060 693 2111 et
712 2060 945 2136 optare
973 2046 1196 2135 potius
1226 2042 1430 2109 debes
1451 2093 1468 2124 ,
1498 2058 1576 2108 ut
1589 2046 1854 2109 Nerone
1870 2040 2112 2133 dignus
2139 2060 2436 2111 revertar
2451 2042 2543 2111 4.»
2566 2049 2726 2112 Can-

626 2170 809 2222 tante
848 2177 929 2221 eo
948 2205 967 2235 ,
1006 2178 1095 2220 ne
1130 2154 1509 2220 necessaria
1548 2151 1824 2246 quidem
1861 2175 2064 2219 causa
2101 2151 2423 2221 excedere
2459 2154 2724 2222 theatro

625 2264 885 2331 licitum
924 2278 1087 2330 erat.
1126 2266 1359 2357 Itaque
1392 2278 1461 2329 et
1492 2264 1708 2330 enixae
1740 2262 2052 2358 quoedam
2087 2266 2160 2331 in
2195 2265 2598 2357 spectaculis
2628 2264 2724 2333 di-

690 2525 747 2577 9.
770 2502 1521 2577 'Cassiopen3insuIaeCorcyrae
1543 2523 1631 2576 op—
1719 2502 2089 2577 Olympiadem
2135 2504 2188 2556 in
2233 2504 2482 2557 Eleorum
2517 2502 2722 2558 tabulis

622 2585 840 2656 pidum,
879 2587 1033 2654 cujus
1062 2585 1299 2637 meminit
1326 2584 1461 2636 Plin.
1493 2586 1628 2635 nist.

622 2664 746 2715 Nat.
772 2666 861 2730 IV,
892 2680 951 2714 12
968 2661 1099 2733 (19),
1125 2681 1246 2714 cum
1269 2663 1467 2735 templo
1481 2665 1627 2715 Jovis

620 2743 804 2795 Cassii.
836 2743 941 2794 Alii
968 2745 1259 2814 Cassiopen
1288 2745 1433 2814 Epiri
1468 2743 1627 2794 intel·

620 2823 820 2894 ligurit,
859 2823 952 2874 ubi
986 2843 1054 2874 an
1081 2825 1231 2874 Jovis
1257 2824 1423 2874 Cassii
1450 2823 1625 2874 cultus

618 2906 778 2956 fuecit
801 2941 818 2969 ,
842 2906 975 2973 ,jure
1016 2891 1224 2956 dubitat
1272 2901 1624 2974 Oudendorp.

622 3001 778 3056 quem
802 2983 939 3035 vide.

692 3073 879 3124 XXIII.
942 3089 985 3124 ι.
1042 3071 1337 3122 Cer-lamina
1389 3070 1630 3139 deinceps

621 3152 750 3204 obiit
775 3151 971 3204 omnia.
1005 3149 1087 3202 Cf.
1126 3147 1426 3202 Philostrat.
1456 3148 1624 3219 Apol-

620 3231 730 3284 Ion.
772 3233 862 3296 IV,
893 3232 955 3295 8,
984 3244 1037 3282 et
1068 3228 1268 3300 Xiphil.
1296 3229 1490 3294 LXIII,
1533 3245 1628 3296 10,

620 3311 713 3364 ubi
748 3312 1050 3363 Reimarum
1075 3346 1092 3373 ,
1138 3311 1288 3380 cujus
1321 3307 1433 3360 haec
1465 3306 1628 3358 verba

622 3391 874 3442 referam:
900 3413 921 3436 a
942 3391 1073 3440 Acta
1090 3386 1199 3439 haec
1219 3398 1340 3439 sunt
1356 3405 1478 3438 ann.
1502 3387 1626 3453 820,

620 3467 810 3522 Christ.
841 3467 1117 3538 67.'Unde
1150 3485 1317 3538 quum
1352 3464 1626 3537 Olympias

619 3547 779 3602 CCXI
813 3567 954 3600 auno
982 3547 1172 3598 Christ.
1213 3543 1281 3596 65
1310 3540 1626 3596 celebranda

618 3627 836 3693 fuisset,
868 3645 1011 3677 nunc
1032 3623 1198 3676 'dilata
1226 3622 1453 3674 Neronis
1474 3624 1624 3692 jussu

622 3706 683 3757 in'
703 3704 845 3758 hunc
870 3723 1094 3768 annum,
1116 3704 1255 3754 inter
1270 3697 1626 3766 ἀνολυμπιείθας

620 3784 786 3837 relata
803 3822 819 3850 ,
846 3799 899 3836 et
921 3785 975 3835 in
996 3783 1141 3834 libris
1166 3781 1411 3832 Eleorum
1442 3794 1624 3851 praete·

620 3864 722 3914 rita
747 3875 853 3930 est,
878 3875 936 3913 ut
960 3873 1207 3927 testatur,
1229 3872 1416 3932 praeter
1446 3855 1627 3910 Philo-

620 3953 874 4005 stratum,
910 3942 1221 4004 Pausanias,
1255 3939 1331 4004 X,
1370 3938 1470 4004 36,
1497 3955 1622 4009 pag.

616 4019 725 4088 892
739 4059 754 4086 ,
778 4023 1125 4093 Hieronymus
1148 4021 1271 4071 item
1292 4031 1344 4069 et
1360 4015 1624 4070 Eusebius

616 4101 671 4150 in
696 4099 990 4152 chronicis.
1010 4123 1033 4148 n
1060 4103 1211 4152 Errat
1229 4099 1386 4169 igitur
1404 4099 1621 4164 Facius,

613 4181 707 4250 qui
739 4177 803 4230 ad
828 4180 1095 4230 Pausaniae
1123 4179 1155 4230 l.
1185 4199 1229 4231 c.
1260 4179 1458 4230 incuria
1482 4178 1621 4230 banc

1720 2587 1964 2636 omissam
1987 2597 2153 2655 putat.

1793 2683 1840 2716 2.
1879 2667 2078 2716 Proeter
2111 2667 2550 2718 consuetudinem.
2586 2665 2722 2717 Vide

1715 2741 1962 2795 Philostr.
1991 2745 2053 2810 V,
2091 2761 2153 2809 2,
2187 2756 2238 2794 et
2274 2745 2490 2794 L'ucian.
2525 2745 2721 2795 Neron.

1715 2839 1832 2891 cap.
1871 2838 1932 2888 9,
1972 2819 2066 2871 ubi
2103 2821 2320 2889 interpr.
2362 2833 2421 2870 ut
2459 2833 2510 2871 et
2545 2821 2722 2872 Olear.

1717 2899 1786 2950 ad
1815 2897 2059 2950 Philostr.
2089 2912 2142 2949 et
2168 2899 2394 2949 Reimar.
2422 2897 2490 2949 ad
2517 2899 2721 2969 Xiphil.

1715 2978 1818 3030 loc.
1851 2979 1936 3028 cit.

1789 3058 1838 3109 3.
1883 3057 2115 3126 Quum...
2155 3077 2188 3108 a
2223 3053 2401 3108 liberto
2423 3052 2590 3108 -Helt‘o
2623 3055 2722 3108 ad·-

1716 3147 2022 3188 πωπω-βων.
2055 3138 2136 3189 Cf.
2164 3133 2364 3206 Xiphil.
2395 3137 2591 3201 LXIII,
2623 3153 2720 3203 12,

1723 3215 1785 3268 18
1819 3229 1871 3268 et
1911 3232 1988 3284 ¹9·
2018 3216 2196 3283 Quum
2225 3217 2416 3267 frustra
2446 3233 2583 3287 saepe
2612 3217 2722 3268 Ne·-

1715 3312 1900 3346 ronem
1925 3293 2105 3345 Helius
2134 3293 2201 3345 de
2235 3295 2610 3363 conjuratione
2633 3313 2724 3346 ur-

1715 3375 1835 3426 bica
1852 3393 1948 3445 per
1969 3374 2145 3426 literas
2160 3377 2452 3426 monuisset
2465 3412 2480 3440 ,
2501 3374 2722 3428 tandem

1715 3456 1770 3507 in
1807 3454 2064 3506 Graeciam
2107 3454 2174 3506 ad
2219 3473 2339 3506 eum
2386 3455 2499 3526 ipse
2543 3457 2722 3507 venire

1716 3547 1933 3586 coactus
1975 3549 2070 3586 est.
2111 3540 2188 3585 De
2228 3533 2330 3586 hoc
2368 3535 2527 3588 Helio
2561 3536 2720 3588 etiam

1713 3617 1882 3667 Tacit.
1907 3613 2096 3666 Annal.
2115 3615 2260 3680 xm,
2282 3631 2325 3674 ¹3
2349 3627 2400 3666 et
2421 3617 2551 3668 flist.
2569 3616 2609 3680 Ι,
2629 3615 2720 3686 37,

1713 3694 1809 3746 ubi
1831 3698 2014 3762 miror,
2031 3713 2277 3764 magnum
2295 3695 2530 3766 Lipsium
2549 3697 2720 3746 nostri

1714 3775 1818 3827 Ioci
1839 3795 1946 3828 non
1971 3777 2289 3827 meminisse.

1787 3855 1837 3921 4.
1885 3853 1952 3905 Ut
1995 3856 2206 3907 Nemone
2254 3851 2438 3926 diqnus
2477 3862 2714 3904 revertar.

1713 3931 1952 3984 Juvenal.
1980 3933 2084 3984 Sat.
2109 3934 2255 3997 VIII,
2283 3930 2413 3998 224,

1715 4011 1803 4052 Bac
1825 4025 1948 4067 opera
1971 4019 2092 4068 atquc
2115 4010 2174 4052 lue
2199 4019 2295 4052 sunt
2316 4008 2500 4063 generosi
2523 4007 2718 4064 principis

1713 4081 2060 4176 Gaudeiittiisfoedo
2075 4131 2284 4188 peregrina
2299 4127 2349 4170 ad
2363 4127 2518 4185 pulpita
2533 4127 2639 4170 unm

1711 4195 1904 4236 Prostitui
1921 4225 1930 4243 ,
1947 4193 2150 4248 Graiaque
2165 4193 2302 4246 apium
2315 4191 2509 4231 memisse
2521 4201 2693 4230 ωωιιε.
