3050 5004
1017 469 1068 532 C
1081 469 1238 532 ALI
1252 469 1309 532 G
1321 469 1378 532 U
1393 470 1448 533 L
1459 468 1535 531 A.
2240 469 2277 547 4
2296 489 2315 529 ι

225 597 358 662 niri
413 592 920 661 medicamentis
975 591 1465 686 suspicabatur,
1528 623 1555 652 α
1580 592 1975 662 Antidotum
1996 646 2015 676 ,
2070 595 2323 687 inquit,

223 705 550 774 adversus
593 707 972 774 Caesarem?
993 736 1020 766 n
1069 705 1402 796 Relegatis
1447 704 1836 772 sororibus-⁹»
1856 758 1875 787 ,
1919 729 2060 774 non
2104 703 2327 772 solum

225 814 484 883 insulas
507 814 758 885 habere
789 840 862 884 se
881 869 900 898 ‚
934 813 1054 884 sed
1091 817 1294 882 etiam
1330 813 1589 907 gladios
1608 868 1625 899 ,
1654 815 2057 883 minabatur.
2084 819 2327 883 Praeto-

225 928 404 992 rium
419 928 648 996 virum
671 949 756 994 ex
779 950 1050 996 secessu
1069 927 1409 1018 Anticyrae
1425 978 1443 1007 ‚
1469 949 1677 1020 quam
1700 923 2101 994 valetudinis
2124 948 2328 994 causa

225 1039 510 1128 petierat
527 1089 546 1119 ,
582 1035 986 1130 propagari4
1026 1036 1152 1104 sibi
1187 1053 1643 1104 commeatum
1670 1039 1915 1128 saepius
1942 1027 2328 1104 desideran-

227 1160 362 1212 tem
381 1197 401 1228 ,
442 1171 659 1240 quum
696 1146 1088 1214 mandasset
1125 1149 1454 1229 interimi,
1495 1144 1783 1239 adjecit:
1833 1177 1861 1208 a
1882 1149 2327 1215 necessariam

227 1277 373 1322 esse
403 1258 754 1349 sanguinis
780 1258 1168 1324 missionem
1187 1307 1205 1338 ,
1243 1259 1354 1324 cui
1377 1273 1518 1326 tam
1546 1255 1667 1324 diu
1694 1280 1835 1324 non
1865 1255 2216 1348 prodesset
2240 1255 2329 1322 el·

224 1364 561 1434 laborum.
588 1397 616 1428 n
657 1369 933 1434 Decimo
963 1389 1234 1462 quoque
1262 1365 1369 1434 die
1390 1419 1408 1449 ,
1437 1390 1799 1434 numerum
1828 1364 2329 1459 puniendorum

226 1501 304 1544 ex
327 1474 642 1546 custodia
665 1476 1098 1546 subscribens
1113 1477 1136 1516 ⁵
1159 1529 1178 1559 ,
1219 1506 1246 1538 α
1269 1477 1623 1545 Rationem
1652 1501 1724 1546 se
1751 1500 2041 1570 purgare
2056 1529 2074 1559 ,
2098 1508 2125 1537 n
2162 1475 2329 1544 dice-

173 1619 184 1626 ·
223 1587 358 1656 bat.
389 1587 606 1656 Gallis
633 1591 1019 1683 Graecisque
1047 1586 1308 1682 aliquot
1333 1611 1472 1655 uno
1499 1604 1805 1680 tempore
1835 1585 2295 1654 condemnatis
2310 1639 2327 1670 ,

229 1698 666 1790 gloriabatur,
701 1731 729 1760 a
747 1698 1260 1792 Gallograeciam
1283 1723 1430 1767 sese
1453 1700 1821 1793 subegisse.
1848 1731 1875 1760 n

318 1813 530 1877 XXX.
583 1815 736 1880 Non
757 1827 1010 1878 temere
1031 1814 1104 1878 in
1129 1835 1543 1906 quemquam
1556 1865 1574 1896 ,
1600 1814 1732 1880 nisi
1751 1809 2001 1880 crebris
2024 1825 2092 1878 et
2114 1812 2327 1877 minu·

233 1922 314 1988 tis
333 1921 586 1990 ictibus
609 1920 1054 1991 animadverti
1080 1947 1320 2016 passus
1353 1939 1485 1990 est:
1511 1940 1842 2017 perpetuo
1871 1939 2169 2019 notoque
2188 1918 2331 2014 jam

235 2051 575 2125 praecepto
591 2085 610 2116 ,
641 2065 670 2096 a
693 2039 797 2102 Ita
817 2033 944 2102 feri
961 2087 978 2118 ,
1003 2050 1081 2114 ut
1103 2058 1178 2102 se
1199 2038 1373 2102 mori
1395 2037 1660 2103 sentiat.
1686 2067 1713 2096 υ
1745 2038 1987 2103 Punite
2010 2058 2134 2127 per
2156 2057 2334 2101 erro-

237 2165 378 2208 rem
403 2145 698 2211 nominis
727 2143 893 2227 alio,
924 2168 1131 2239 quam
1158 2169 1361 2238 quem
1383 2143 1876 2226 destinaverat,
1909 2146 2136 2236 ipsum
2163 2167 2331 2236 quo-

235 2277 366 2346 que
385 2256 576 2346 paria
593 2257 918 2322 meruisse
935 2253 1122 2323 dixit.
1143 2259 1506 2347 Tragicum
1525 2255 1699 2324 illud
1718 2254 2003 2324 subinde
2015 2253 2330 2349 jactabat,

240 2364 532 2447 Oderint,
567 2367 720 2432 dum
752 2378 1092 2434 metuant¹.
1139 2371 1328 2461 Saepe
1363 2372 1433 2436 in
1469 2385 1747 2436 cunctos
1784 2369 2035 2460 pariter
2070 2371 2337 2436 Senato-

241 2499 342 2544 res
362 2478 397 2557 ,’
419 2492 499 2545 ut
533 2474 755 2571 Sejani
791 2477 1066 2549 clientes
1084 2533 1101 2562 ,
1135 2497 1212 2548 ut
1235 2484 1466 2549 matris
1497 2506 1579 2548 ac
1604 2479 1891 2549 fratrum
1922 2501 2200 2547 suorum
2222 2477 2333 2545 de-

243 2584 486 2655 latores
503 2596 526 2624 ²
545 2638 566 2670 ‚
595 2590 899 2658 invectus
931 2607 1068 2675 est;
1105 2590 1384 2684 prolatis
1423 2589 1669 2658 libellis
1684 2588 1709 2627 ³
1730 2642 1749 2673 ,
1792 2612 1963 2683 quos
2005 2603 2335 2655 crematos

243 2699 676 2769 simulaverat
689 2754 716 2800 ,ι
735 2701 1146 2800 defensaque
1167 2704 1418 2773 Tiberii
1447 2700 1743 2773 saevitia⁴
1760 2754 1777 2785 ,
1808 2703 2001 2797 quasi
2030 2724 2337 2769 necessa-

311 2902 364 2956 3.
389 2904 1073 2978 Trucidamrusfratrem....
1091 2906 1249 2961 Rele-

249 2982 378 3055 qatis
399 2982 666 3037 sororibus.
694 2984 828 3037 Vide
852 3005 970 3058 cap.
995 2988 1061 3040 23
1081 3000 1133 3039 et
1154 2984 1245 3053 ²4·

314 3077 366 3144 4.
401 3079 713 3151 Propaqari.
745 3079 899 3132 Conf.
929 3081 1000 3133 ad
1022 3082 1244 3153 August.

255 3156 333 3209 23.
376 3160 568 3210 Postea
608 3177 712 3229 pro
745 3161 1003 3231 prodesset
1042 3160 1247 3213 Ernest.

251 3235 480 3307 postulat
494 3236 804 3309 proficis-eet,
827 3238 895 3290 de
915 3256 1020 3310 qua
1038 3258 1094 3291 re
1114 3238 1251 3292 dixi-

253 3332 364 3367 mus
381 3313 452 3366 ad
471 3333 589 3386 cap.
611 3317 662 3368 3.
691 3317 958 3388 Anticyroe
976 3331 1154 3373 autem
1173 3321 1253 3370 in-

253 3392 371 3447 sula
383 3392 672 3447 elleborum
690 3396 1016 3449 furiosorum
1035 3396 1251 3449 medelae

253 3472 571 3541 adhibitum,
590 3476 924 3528 notissimum
950 3476 1034 3529 vel
1057 3496 1118 3529 ex
1141 3478 1251 3529 Ho-

253 3568 342 3606 rat.
365 3556 480 3605 Art.
502 3568 652 3624 poet.
673 3572 747 3607 vs.
769 3556 904 3621 300,
929 3557 1128 3610 «tribus
1145 3558 1252 3609 An-

253 3635 422 3781 gergi:
442 3650 610 3767 {aput
631 3635 992 3703 insanabile‚·
1023 3650 1077 3689 et
1097 3639 1250 3693 satir.

481 3732 509 3766 2
525 3753 548 3782 9

253 3802 384 3845 ωε
393 3802 655 3845 estellebon‘
668 3802 801 3845 multo
812 3818 907 3859 pars
919 3805 1095 3847 maxima
1107 3818 1158 3847 av
1157 3806 1253 3858 utiq

253 3864 400 3915 Natio,
409 3878 467 3906 ιιι
475 3864 744 3921 Anticyram
757 3865 862 3906 ratio
876 3864 960 3908 illi·
972 3862 1152 3910 destinet
1163 3880 1254 3909 om-

349 3938 447 3967 nem
462 3940 475 3975 ;

253 4009 301 4047 et
323 4014 398 4051 vs.
423 4012 444 4046 ι
453 3994 527 4047 66
536 4033 555 4062 .,
584 4016 608 4039 ι
627 3993 850 4065 Naviget
869 3994 1198 4066 Anticyram.
1222 4018 1244 4042 η

315 4090 363 4144 5.
402 4092 752 4145 subscribens.
779 4090 979 4162 Supra,
1000 4110 1121 4166 cap.
1152 4108 1246 4161 27,

252 4196 271 4224 ε
291 4192 348 4226 ex
383 4174 560 4227 noxiis
597 4171 876 4226 laniandos
906 4172 1195 4228 annotavit.
1219 4196 1241 4221 n

1334 2938 1405 2949 -—-
1418 2908 1693 2962 Rationem
1709 2926 1955 2983 purgare,
1946 2930 1959 2942 ·
1972 2906 2171 2961 Gallice
2182 2925 2340 2979 ,apu-

1337 3005 1418 3039 rer
1441 3006 1514 3041 ses
1545 2998 1787 3061 comptes.
1825 2988 2169 3039 Ati-ocissima
2202 3005 2342 3049 vox,

1338 3085 1496 3140 quam
1536 3068 1775 3133 iteravit,
1822 3068 1868 3118 si
1912 3064 2052 3118 bene
2092 3067 2344 3131 memini,

1339 3144 1466 3199 dum
1513 3147 1667 3199 annis
1709 3134 1904 3197 abhinc
1950 3146 2164 3215 triginta
2206 3144 2343 3197 civili

1340 3236 1655 3298 tempestate
1673 3224 1842 3277 Gallia
1864 3226 2184 3295 jactaretur,
2204 3243 2341 3277 unus

1339 3324 1401 3358 ex
1433 3304 1629 3357 horum
1657 3319 1959 3377 temporum
1987 3303 2346 3369 carnificibus,

1341 3401 1477 3454 quos
1505 3402 1615 3434 non
1642 3382 1838 3453 puduit
1858 3380 2065 3453 judices
2092 3383 2286 3433 vocari.

1412 3460 1577 3513 XXX.
1606 3479 1649 3512 1.
1676 3461 1917 3526 Oderint,
1940 3459 2065 3511 dum
2086 3470 2340 3513 metuant.

1339 3536 1541 3590 Tiberii
1587 3537 1787 3590 dictum
1844 3536 1975 3588 illud
2034 3538 2210 3607 ipsum
2266 3550 2345 3588 est

1342 3617 1487 3693 apud
1518 3620 1781 3683 Caenina,
1808 3631 1921 3670 not.
1954 3615 2023 3670 ad
2052 3617 2228 3669 Tiber.
2257 3618 2341 3689 59.

1414 3718 1463 3753 2.
1510 3700 1581 3752 Ut
1606 3698 1787 3751 matris
1803 3736 1815 3749 .
1836 3736 1847 3747 .
1870 3737 1882 3747 .
1904 3736 1915 3748 .
1932 3696 2213 3764 delatores,
2238 3710 2339 3749 etc.

1343 3778 1498 3830 Conf.
1528 3778 1659 3843 Dio,
1682 3776 1829 3843 LIX,
1858 3793 1939 3829 ιο.

1412 3858 1463 3911 3.
1494 3856 1723 3909 prolatis
1742 3855 1957 3923 libellis,
1978 3870 2079 3909 etc.
2099 3855 2235 3909 Vide
2254 3875 2343 3909 su-

1338 3956 1438 4009 pra
1465 3935 1536 3988 ad
1565 3954 1683 4009 cap.
1717 3934 1798 3988 15.
2350 3952 2361 3965 ·

1406 4014 1458 4082 4.
1509 4014 1844 4085 Defensaque
1890 4012 2087 4065 Tiberii
2128 4011 2339 4069 soevt‘tia.

1334 4094 1420 4147 Sic
1441 4111 1563 4146 eum
1586 4093 1784 4163 pariter
1806 4088 2049 4143 defendit
2074 4090 2221 4163 apud
2242 4110 2345 4147 nos

1335 4174 1500 4225 mirus
1540 4169 1849 4223 dominandi
1898 4168 2081 4222 artifex
2102 4208 2118 4237 ,
2166 4171 2345 4241 Napo-
