3050 5004
1208 496 1487 561 NERO.

2273 517 2396 584 ¹97

1731 577 1750 605 θ

306 621 554 690 lissent.
584 622 669 687 Et
698 644 911 715 quum
935 617 1384 687 interdixisset
1411 646 1616 688 usum
1643 620 2073 713 amethystini
2101 646 2182 689 ac
2212 624 2398 714 Tyrii

306 733 579 816 colori5‚
619 735 1231 828 summisissetque,
1274 736 1390 827 qui
1430 732 1890 801 nundinarum
1929 734 2038 801 die
2073 732 2399 826 pauculas

305 844 535 909 uncias
570 840 929 924 venderet,
965 842 1309 935 praeclusit
1350 858 1632 911 cunctos
1668 845 2112 934 negotiatores
2132 842 2178 909 ⁶.
2221 848 2400 931 Quin

304 956 501 1019 etiam
522 956 700 1019 inter
728 950 1109 1020 canendum
1131 951 1669 1022 animadversam
1692 971 2068 1021 matronam
2096 980 2133 1021 e
2157 971 2404 1046 specta-

304 1062 545 1147 culis⁷‚
578 1066 781 1130 vetita
810 1088 1114 1155 purpura
1152 1063 1440 1147 cultam,
1476 1066 1976 1133 demonstrasse
2011 1082 2402 1158 procurato-

302 1164 487 1240 rib‘us
518 1176 657 1241 suis
682 1174 961 1259 dicitur3
994 1172 1499 1270 detractamque
1531 1175 1742 1258 illico,
1775 1201 1913 1245 non
1947 1194 2135 1243 veste
2159 1176 2361 1243 modo
2385 1229 2401 1256 ,

305 1280 421 1349 sed
449 1300 519 1350 e‘t
546 1282 743 1351 bonis
775 1286 977 1350 exuit.
1013 1282 1195 1352 Nulli
1223 1284 1559 1377 delegavit
1590 1287 1889 1354 officium
1912 1340 1926 1367 ,
1963 1303 2039 1353 ut
2070 1310 2206 1353 non
2240 1284 2404 1379 adji-

304 1410 521 1475 ceret,
557 1396 768 1476 «scis,
806 1393 972 1488 quid
1000 1395 1164 1462 mihi
1198 1420 1372 1490 opus
1408 1399 1493 1463 sit
1516 1423 1588 1464 τ.»
1620 1414 1723 1479 et,
1760 1428 1784 1456 κ
1811 1398 1941 1464 hoc
1971 1422 2250 1488 agamus
2272 1450 2287 1481 ,
2320 1422 2404 1464 ne

309 1505 459 1598 quis
508 1505 872 1599 quicquam
915 1503 1177 1572 habeat.
1208 1538 1234 1567 υ
1289 1506 1544 1575 Ultimo
1574 1562 1592 1589 ‚
1631 1508 1898 1600 templis
1943 1507 2406 1599 compluribus

306 1613 483 1681 dona
516 1613 839 1683 detraxit⁸
859 1669 875 1699 ,
912 1616 1403 1713 simulacraque
1436 1644 1518 1687 ex
1551 1644 1721 1688 auro
1749 1618 1856 1687 vel
1885 1634 2165 1711 argento
2199 1619 2400 1686 fabri-

308 1822 425 1871 nior
446 1834 527 1873 est
556 1822 819 1873 sententia
848 1823 903 1871 in
936 1821 1147 1874 alterius
1176 1822 1306 1875 cod.

304 1898 620 1965 lectionem,
652 1922 674 1944 ι
694 1901 982 1951 Revocavit
1016 1913 1066 1951 et
1097 1904 1308 1971 praemia

306 1980 599 2043 civitatum,
623 1998 989 2050 quamnquam
1008 1980 1107 2031 sibi
1126 1984 1178 2031 in
1200 2002 1308 2033 cer·
1380 1990 1383 1993 ’

304 2059 593 2112 taminibus
605 2076 821 2113 coronas
834 2060 1141 2117 detulissent
1154 2099 1175 2127 ,
1188 2084 1209 2107 υ
1226 2062 1307 2112 vel

305 2142 359 2191 in
382 2138 803 2191 emendationem
823 2140 1134 2205 Burmanni,
1156 2143 1309 2191 etiam

306 2218 505 2270 Wolfio
535 2217 843 2289 probatam,
872 2240 894 2263 κ
917 2220 1128 2289 praemia
1158 2238 1309 2270 coro-

308 2315 491 2349 narum
504 2334 521 2361 ,
536 2316 691 2369 quas,
713 2310 811 2348 etc.
833 2320 855 2343 n
874 2311 935 2348 ut
952 2300 1228 2351 Revocavit
1245 2301 1311 2351 sit

316 2398 337 2422 ι
352 2376 555 2427 restitui
569 2374 671 2426 sibi
681 2378 869 2445 jussit,
885 2398 907 2421 υ
929 2394 1045 2447 qua!
1065 2378 1191 2429 olim
1211 2396 1310 2447 pro

308 2454 495 2508 delatis
524 2456 743 2507 coronis
770 2454 1079 2509 donaverat.
1105 2458 1237 2510 Vide
1262 2478 1308 2510 c.

312 2536 395 2602 24.
432 2539 505 2587 Ita
538 2537 704 2600 infra,
730 2555 848 2606 cap.
874 2537 970 2604 44,
1005 2562 1026 2584 α
1048 2557 1076 2588 a
1102 2537 1311 2590 delato-

310 2615 455 2667 ribus
500 2617 679 2686 potius
721 2617 1007 2668 revocanda
1050 2619 1269 2686 praemia
1291 2657 1309 2684 ‚

312 2711 639 2764 quaecunque
660 2695 947 2763 cepissent,
965 2718 986 2740 n
1012 2695 1065 2745 h.
1089 2715 1133 2746 e.
1163 2715 1312 2764 repe-

312 2771 485 2824 tenda.
504 2771 659 2825 Galb.
690 2772 777 2838 15,
810 2795 831 2820 ιι
852 2771 1189 2826 liberalitates
1210 2777 1312 2826 Ne-

310 2857 507 2907 tonis...
534 2856 843 2909 revocandas
874 2858 1078 2910 curavit
1101 2858 1311 2930 exigen-

312 2934 514 3007 dasque.
539 2957 563 2981 n

380 3015 430 3066 6.
472 3010 741 3066 Proeclusit
776 3027 987 3066 cunctos
1022 3016 1311 3087 neyotiato-

314 3113 413 3156 res3
434 3094 487 3144 h.
511 3113 555 3146 e.
580 3095 747 3165 portis
767 3095 1032 3165 praeclusis
1058 3093 1313 3146 excedere

310 3173 609 3244 prohibuit,
635 3191 927 3244 eorumque
948 3192 1147 3234 merces
1176 3193 1316 3225 rem-

216 3276 225 3286 ·
314 3269 416 3322 que
450 3251 757 3302 familiarem
788 3251 1122 3314 confiscavi13
1155 3271 1312 3322 quam
1352 3253 1354 3262 '

312 3331 615 3382 facillimam
676 3331 1169 3400 interpretationem
1226 3331 1317 3400 qui

316 3427 419 3461 non
447 3421 865 3479 perspexerunt,
894 3423 1166 3459 mutarunt
1195 3427 1315 3460 cum

312 3486 493 3538 Budeo
512 3486 767 3559 perculit,
796 3486 939 3558 quod
960 3487 1316 3558 probaverunt

312 3565 513 3616 Ernest.
542 3577 595 3614 et
624 3562 872 3615 Scheller.
896 3566 949 3616 in
975 3565 1197 3631 Lexico,
1223 3567 1315 3635 qui

314 3647 672 3713 conjecturam
705 3641 849 3693 addit
877 3642 1313 3694 damnabiliorem

315 3723 468 3772 etiam
491 3760 508 3787 ,
561 3721 821 3791 percussit.
876 3720 1070 3772 Minuit
1120 3723 1315 3800 rapinae

313 3803 621 3870 gravitatem
636 3800 867 3851 Graevius
879 3840 894 3866 ‚
912 3803 1002 3869 qui
1020 3800 1227 3851 clausas
1243 3814 1317 3851 ta-

312 3877 502 3930 bernas
516 3877 762 3949 intelligit
784 3877 851 3929 ad
868 3877 1284 3950 extorquendam
1298 3917 1315 3944 ,

318 3976 417 4028 qua
454 3957 840 4009 redimerentur
876 3975 1074 4008 merces
1095 3996 1112 4024 ,
1150 3976 1318 4026 pecu-

318 4038 472 4088 niam.
514 4035 709 4087 Melior
752 4038 1011 4106 interpres
1055 4037 1277 4086 Orosius
1298 4073 1313 4102 ,

318 4117 439 4181 vu,
482 4133 540 4184 7,
586 4139 609 4161 a
630 4116 1035 4184 Negotiator-um
1079 4116 1317 4166 omnium

320 4194 414 4244 sub
438 4213 541 4246 una
561 4195 677 4260 die,
700 4198 969 4248 tormentis
990 4213 1207 4266 quoque
1226 4193 1317 4246 ad-

1398 1820 1608 1889 hibitis,
1635 1842 1841 1878 omnem
1864 1824 2068 1895 penitus
2089 1840 2294 1875 censum
2319 1822 2406 1873 ab·

1396 1906 1574 1956 stertit.
1599 1928 1620 1949 η

1472 2000 1519 2051 7.
1563 1983 1609 2033 E
1635 1979 1950 2055 spectaculis.
1976 1978 2224 2032 Oudend.
2259 1999 2407 2031 rece-

1398 2064 1475 2131 ·pit
1509 2062 1725 2113 Merum.
1760 2060 2090 2131 aliorumque
2122 2057 2296 2109 codd.
2330 2058 2406 2111 le·

1398 2140 1632 2190 ctionem
1653 2140 1704 2191 iu
1732 2137 2062 2210 spectaculis,·
2084 2140 2206 2189 ΕΓΒ.
2235 2152 2410 2188 trans-

1400 2218 1648 2288 ponenda
1685 2219 1847 2269 verba
1881 2230 2066 2270 censet
2095 2219 2196 2282 ita,
2235 2218 2406 2268 detra·

1399 2308 1642 2369 ctamque
1669 2296 1813 2349 illico
1842 2316 1870 2347 e
1895 2294 2224 2365 spectaculis;
2255 2294 2408 2345 Wol-

1402 2378 1497 2431 fius
1522 2380 1850 2449 glossematis
1876 2378 1996 2428 loeo
2023 2374 2287 2446 adscripta
2311 2394 2406 2444 pu-

1398 2471 1474 2510 tat
1512 2458 1689 2508 verbis
1730 2458 1865 2508 inter
1889 2453 2216 2518 canendum,
2255 2452 2406 2523 quod

1401 2541 1615 2590 minime
1652 2537 1860 2607 placet,
1900 2553 2060 2607 quum
2089 2537 2231 2586 Nero
2271 2535 2410 2585 inter

1401 2617 1700 2669 cauendum
1723 2629 1861 2666 esset
1887 2617 1938 2665 in
1960 2633 2134 2676 scena,
2159 2626 2408 2663 matrona

1403 2701 1452 2749 in
1501 2695 1820 2770 spectat-edis.
1865 2697 2076 2765 Optime
2119 2693 2406 2745 defendere

1402 2777 1668 2848 vulgatam
1686 2775 1894 2826 videtur
1907 2773 2167 2828 W'altlier.
2187 2771 2407 2824 Observ.

1400 2875 1523 2927 pag.
1570 2857 1632 2908 25
1663 2872 1675 2904 τ
1721 2879 1741 2900 a
1765 2858 1906 2906 Nero
1947 2855 2082 2907 inter
2115 2853 2406 2904 canendum

1401 2935 1487 3006 (h.
1520 2955 1566 2986 e.
1611 2953 1772 3004 quum
1805 2935 1920 3004 ipsc
1950 2947 2086 2985 esset
2123 2933 2177 2983 in
2218 2931 2411 3002 scena)

1403 3012 1772 3064 animadvertit
1793 3025 2087 3062 matronam
2108 3031 2136 3060 e
2152 3021 2412 3081 spectacu-

1404 3090 1491 3156 lis,
1524 3091 1577 3141 h.
1611 3112 1659 3146 e.
1701 3105 2024 3156 matronam,
2061 3109 2173 3162 qum
2211 3101 2324 3140 erat
2355 3092 2406 3140 in

1406 3169 1752 3240 spectaculis,
1781 3184 1840 3221 ut
1865 3171 2089 3221 dicimus
2122 3170 2410 3240 conspicere

1404 3251 1483 3301 vel
1511 3253 1918 3302 animadvertere
1949 3251 2176 3321 aliquem
2203 3249 2282 3298 vel
2311 3247 2410 3297 ali-

1408 3329 1532 3399 quid
1554 3349 1581 3380 e
1603 3330 1807 3401 reyibne
1824 3330 2001 3400 aliqua
2016 3368 2031 3395 ,
2057 3349 2084 3378 e
2104 3327 2407 3398 lonqinquo.

1406 3409 1485 3460 Cf.
1521 3409 1691 3460 Tacit.
1723 3407 1914 3458 Annal.
1947 3410 2036 3472 lv,
2071 3407 2165 3472 23,
2203 3425 2319 3472 quoe
2345 3425 2410 3454 ex

1408 3487 1693 3561 lonqinquo
1730 3487 1784 3536 in
1810 3489 1979 3558 majus
2003 3486 2354 3536 audiebantur.
2381 3507 2404 3528 u

1407 3568 1506 3616 Pro
1534 3565 1739 3628 dicitur,
1772 3563 1841 3614 al.
1865 3563 2100 3615 creditur.

1478 3647 1527 3696 8.
1565 3643 1795 3713 Templis
1801 3682 1972 3694 ......
2004 3642 2142 3694 dona
2170 3641 2408 3691 detraxit.

1406 3725 1488 3774 Cf.
1517 3721 1718 3794 xiphil.
1751 3723 1941 3784 LXllI,
1977 3737 2030 3772 ιι
2052 3759 2069 3786 ,
2101 3718 2194 3770 ubi
2229 3718 2412 3770 Vales0

1404 3803 1576 3854 Tacit.
1621 3801 1812 3852 Annal.
1855 3800 1968 3862 XV,
2013 3799 2078 3864 45
2097 3839 2112 3866 .,
2161 3819 2182 3852 οι
2203 3799 2412 3849 Interea

1406 3880 1744 3930 conferendis
1757 3880 1995 3950 pecuniis
2008 3891 2300 3949 pervastata
2316 3879 2414 3926 lta·
2473 3925 2478 3930 .

1404 3957 1473 4009 lia
1486 3996 1501 4023 ,
1524 3959 1806 4029 provincia,-
1823 3975 2009 4008 eversa*
2023 3995 2038 4020 ,
2058 3958 2298 4026 sociique
2313 3975 2414 4026 po-

1408 4036 1553 4108 puli,
1584 4051 1634 4089 et
1665 4057 1780 4108 quae
1809 4039 2076 4088 civitatum
2106 4037 2282 4086 libera:
2315 4053 2412 4084 vo-

1407 4128 1610 4166 cantur.
1651 4119 1815 4186 Inque
1853 4133 1966 4166 eam
1995 4113 2223 4186 praedam
2252 4116 2409 4165 etiam

1408 4195 1493 4246 Dii
1516 4213 1746 4258 cessere,
1778 4193 2015 4266 spoliatis
2041 4197 2094 4244 in
2119 4193 2258 4244 Urbe
2286 4207 2412 4243 tem-
