<?xml version="1.0" encoding="UTF-8"?>
<!DOCTYPE html PUBLIC "-//W3C//DTD XHTML 1.0 Transitional//EN"
    "http://www.w3.org/TR/xhtml1/DTD/xhtml1-transitional.dtd">
<html xmlns="http://www.w3.org/1999/xhtml" xml:lang="en" lang="en">
 <head>
  <title>
</title>
<meta http-equiv="Content-Type" content="text/html;charset=utf-8" />
  <meta name='ocr-system' content='tesseract 3.04.00' />
  <meta name='ocr-capabilities' content='ocr_page ocr_carea ocr_par ocr_line ocrx_word'/>
</head>
<body>
  <div class='ocr_page' id='page_1' title='image "./csuetoniitranqu09suetgoog_0037.png"; bbox 0 0 3050 5004; ppageno 0'>
   <div class='ocr_carea' id='block_1_1' title="bbox 644 472 1995 556">
    <p class='ocr_par' dir='ltr' id='par_1_1' title="bbox 644 472 1995 556">
     <span class='ocr_line' id='line_1_1' title="bbox 644 472 1995 556; baseline -0.002 -17"><span class='ocrx_word' id='word_1_1' title='bbox 644 477 730 556; x_wconf 76' lang='lat'><strong>24</strong></span> <span class='ocrx_word' id='word_1_2' title='bbox 1398 472 1470 537; x_wconf 79' lang='lat' dir='ltr'><strong>c,</strong></span> <span class='ocrx_word' id='word_1_3' title='bbox 1525 473 1995 539; x_wconf 75' lang='lat' dir='ltr'><strong>sUEToNu</strong></span> 
     </span>
    </p>
   </div>
   <div class='ocr_carea' id='block_1_2' title="bbox 621 595 2761 2355">
    <p class='ocr_par' dir='ltr' id='par_1_2' title="bbox 640 595 2757 1907">
     <span class='ocr_line' id='line_1_2' title="bbox 641 595 2751 691; baseline -0.001 -24"><span class='ocrx_word' id='word_1_4' title='bbox 641 600 942 667; x_wconf 82' lang='lat' dir='ltr'><strong>accensis</strong></span> <span class='ocrx_word' id='word_1_5' title='bbox 972 613 1114 665; x_wconf 78' lang='lat' dir='ltr'><strong>tota</strong></span> <span class='ocrx_word' id='word_1_6' title='bbox 1151 597 1335 665; x_wconf 88' lang='lat' dir='ltr'><strong>Urbe</strong></span> <span class='ocrx_word' id='word_1_7' title='bbox 1370 595 1767 666; x_wconf 81' lang='lat' dir='ltr'><strong>luminibuS.</strong></span> <span class='ocrx_word' id='word_1_8' title='bbox 1806 600 2063 691; x_wconf 81' lang='lat' dir='ltr'><strong>Sparsit</strong></span> <span class='ocrx_word' id='word_1_9' title='bbox 2086 612 2156 665; x_wconf 92' lang='lat' dir='ltr'><strong>et</strong></span> <span class='ocrx_word' id='word_1_10' title='bbox 2183 598 2500 665; x_wconf 59' lang='lat' dir='ltr'><strong>missilis)</strong></span> <span class='ocrx_word' id='word_1_11' title='bbox 2538 600 2751 666; x_wconf 82' lang='lat' dir='ltr'><strong>varia-</strong></span> 
     </span>
     <span class='ocr_line' id='line_1_3' title="bbox 643 709 2752 803; baseline 0 -26"><span class='ocrx_word' id='word_1_12' title='bbox 643 737 798 780; x_wconf 90' lang='lat' dir='ltr'><strong>rum</strong></span> <span class='ocrx_word' id='word_1_13' title='bbox 826 734 1087 791; x_wconf 88' lang='lat' dir='ltr'><strong>rerum,</strong></span> <span class='ocrx_word' id='word_1_14' title='bbox 1109 729 1191 779; x_wconf 83' lang='lat' dir='ltr'><strong>et</strong></span> <span class='ocrx_word' id='word_1_15' title='bbox 1219 712 1500 803; x_wconf 82' lang='lat' dir='ltr'><strong>panaria</strong></span> <span class='ocrx_word' id='word_1_16' title='bbox 1534 734 1693 778; x_wconf 92' lang='lat' dir='ltr'><strong>cum</strong></span> <span class='ocrx_word' id='word_1_17' title='bbox 1724 713 2011 802; x_wconf 88' lang='lat' dir='ltr'><strong>opsonio</strong></span> <span class='ocrx_word' id='word_1_18' title='bbox 2037 711 2287 777; x_wconf 88' lang='lat' dir='ltr'><strong>viritim</strong></span> <span class='ocrx_word' id='word_1_19' title='bbox 2322 709 2564 777; x_wconf 85' lang='lat' dir='ltr'><strong>divisit.</strong></span> <span class='ocrx_word' id='word_1_20' title='bbox 2600 714 2752 795; x_wconf 84' lang='lat' dir='ltr'><strong>Qua</strong></span> 
     </span>
     <span class='ocr_line' id='line_1_4' title="bbox 641 814 2753 913; baseline -0.001 -26"><span class='ocrx_word' id='word_1_21' title='bbox 641 817 1028 912; x_wconf 83' lang='lat' dir='ltr'>epulatione</span> <span class='ocrx_word' id='word_1_22' title='bbox 1049 820 1278 913; x_wconf 85' lang='lat' dir='ltr'><strong>Equiti</strong></span> <span class='ocrx_word' id='word_1_23' title='bbox 1294 823 1601 885; x_wconf 85' lang='lat' dir='ltr'><strong>Romano</strong></span> <span class='ocrx_word' id='word_1_24' title='bbox 1618 870 1635 899; x_wconf 86' lang='lat'>‚</span> <span class='ocrx_word' id='word_1_25' title='bbox 1660 834 1894 885; x_wconf 82' lang='lat' dir='ltr'><strong>contra</strong></span> <span class='ocrx_word' id='word_1_26' title='bbox 1919 814 2027 885; x_wconf 85' lang='lat' dir='ltr'><strong>se³</strong></span> <span class='ocrx_word' id='word_1_27' title='bbox 2056 815 2334 885; x_wconf 83' lang='lat' dir='ltr'><strong>hilarius</strong></span> <span class='ocrx_word' id='word_1_28' title='bbox 2351 816 2753 912; x_wconf 83' lang='lat' dir='ltr'><strong>avidiusque</strong></span> 
     </span>
     <span class='ocr_line' id='line_1_5' title="bbox 640 926 2753 1023; baseline -0 -27"><span class='ocrx_word' id='word_1_29' title='bbox 640 933 968 1013; x_wconf 89' lang='lat' dir='ltr'><strong>vescenti,</strong></span> <span class='ocrx_word' id='word_1_30' title='bbox 1004 944 1232 1023; x_wconf 80' lang='lat' dir='ltr'><strong>partes</strong></span> <span class='ocrx_word' id='word_1_31' title='bbox 1270 953 1428 997; x_wconf 85' lang='lat' dir='ltr'><strong>suas</strong></span> <span class='ocrx_word' id='word_1_32' title='bbox 1462 930 1692 996; x_wconf 83' lang='lat' dir='ltr'><strong>misit:</strong></span> <span class='ocrx_word' id='word_1_33' title='bbox 1731 926 1850 996; x_wconf 88' lang='lat' dir='ltr'><strong>sed</strong></span> <span class='ocrx_word' id='word_1_34' title='bbox 1886 944 1956 995; x_wconf 93' lang='lat' dir='ltr'><strong>et</strong></span> <span class='ocrx_word' id='word_1_35' title='bbox 1982 931 2287 998; x_wconf 85' lang='lat' dir='ltr'><strong>Senatori</strong></span> <span class='ocrx_word' id='word_1_36' title='bbox 2326 927 2414 997; x_wconf 90' lang='lat' dir='ltr'><strong>ob</strong></span> <span class='ocrx_word' id='word_1_37' title='bbox 2442 927 2753 997; x_wconf 80' lang='lat' dir='ltr'><strong>eamdem</strong></span> 
     </span>
     <span class='ocr_line' id='line_1_6' title="bbox 644 1036 2753 1135; baseline -0.001 -26"><span class='ocrx_word' id='word_1_38' title='bbox 644 1066 920 1109; x_wconf 81' lang='lat' dir='ltr'><strong>causam</strong></span> <span class='ocrx_word' id='word_1_39' title='bbox 941 1038 1287 1109; x_wconf 81' lang='lat' dir='ltr'><strong>codicillos</strong></span> <span class='ocrx_word' id='word_1_40' title='bbox 1301 1092 1320 1123; x_wconf 90' lang='lat'>‚</span> <span class='ocrx_word' id='word_1_41' title='bbox 1353 1040 1603 1135; x_wconf 76' lang='lat' dir='ltr'><strong>quihus</strong></span> <span class='ocrx_word' id='word_1_42' title='bbox 1640 1045 2004 1108; x_wconf 87' lang='lat' dir='ltr'><strong>Praetorem</strong></span> <span class='ocrx_word' id='word_1_43' title='bbox 2036 1062 2194 1107; x_wconf 89' lang='lat' dir='ltr'><strong>eum</strong></span> <span class='ocrx_word' id='word_1_44' title='bbox 2226 1056 2415 1106; x_wconf 86' lang='lat' dir='ltr'><strong>extra</strong></span> <span class='ocrx_word' id='word_1_45' title='bbox 2444 1036 2753 1106; x_wconf 83' lang='lat' dir='ltr'><strong>ordinem</strong></span> 
     </span>
     <span class='ocr_line' id='line_1_7' title="bbox 643 1149 2753 1245; baseline -0.001 -26"><span class='ocrx_word' id='word_1_46' title='bbox 643 1151 1058 1245; x_wconf 78' lang='lat' dir='ltr'><strong>designabat.</strong></span> <span class='ocrx_word' id='word_1_47' title='bbox 1097 1149 1328 1221; x_wconf 88' lang='lat' dir='ltr'><strong>Edidit</strong></span> <span class='ocrx_word' id='word_1_48' title='bbox 1360 1166 1431 1219; x_wconf 92' lang='lat' dir='ltr'><strong>et</strong></span> <span class='ocrx_word' id='word_1_49' title='bbox 1461 1152 1811 1219; x_wconf 82' lang='lat' dir='ltr'><strong>Circenses</strong></span> <span class='ocrx_word' id='word_1_50' title='bbox 1846 1149 2177 1243; x_wconf 89' lang='lat' dir='ltr'><strong>plurimos</strong></span> <span class='ocrx_word' id='word_1_51' title='bbox 2214 1174 2256 1217; x_wconf 85' lang='lat' dir='ltr'><strong>a</strong></span> <span class='ocrx_word' id='word_1_52' title='bbox 2288 1172 2489 1217; x_wconf 79' lang='lat' dir='ltr'><strong>mane</strong></span> <span class='ocrx_word' id='word_1_53' title='bbox 2533 1172 2753 1243; x_wconf 89' lang='lat' dir='ltr'><strong>usque</strong></span> 
     </span>
     <span class='ocr_line' id='line_1_8' title="bbox 644 1258 2751 1356; baseline -0 -26"><span class='ocrx_word' id='word_1_54' title='bbox 644 1260 731 1331; x_wconf 84' lang='lat' dir='ltr'><strong>ad</strong></span> <span class='ocrx_word' id='word_1_55' title='bbox 765 1286 1123 1356; x_wconf 80' lang='lat' dir='ltr'><strong>vesperam</strong></span> <span class='ocrx_word' id='word_1_56' title='bbox 1141 1314 1160 1345; x_wconf 90' lang='lat'>‚</span> <span class='ocrx_word' id='word_1_57' title='bbox 1201 1258 1555 1355; x_wconf 82' lang='lat' dir='ltr'><strong>interjecta</strong></span> <span class='ocrx_word' id='word_1_58' title='bbox 1591 1259 1796 1328; x_wconf 90' lang='lat' dir='ltr'><strong>modo</strong></span> <span class='ocrx_word' id='word_1_59' title='bbox 1832 1258 2333 1329; x_wconf 76' lang='lat' dir='ltr'><strong>Afficanarum⁴</strong></span> <span class='ocrx_word' id='word_1_60' title='bbox 2362 1262 2719 1329; x_wconf 87' lang='lat' dir='ltr'><strong>venatione</strong></span> <span class='ocrx_word' id='word_1_61' title='bbox 2732 1314 2751 1345; x_wconf 92' lang='lat'>,</span> 
     </span>
     <span class='ocr_line' id='line_1_9' title="bbox 645 1371 2753 1469; baseline -0.001 -27"><span class='ocrx_word' id='word_1_62' title='bbox 645 1372 852 1442; x_wconf 92' lang='lat' dir='ltr'><strong>modo</strong></span> <span class='ocrx_word' id='word_1_63' title='bbox 881 1371 1106 1467; x_wconf 84' lang='lat' dir='ltr'><strong>Trojae</strong></span> <span class='ocrx_word' id='word_1_64' title='bbox 1141 1373 1581 1443; x_wconf 87' lang='lat' dir='ltr'><strong>decursione:</strong></span> <span class='ocrx_word' id='word_1_65' title='bbox 1618 1389 1687 1441; x_wconf 88' lang='lat' dir='ltr'><strong>et</strong></span> <span class='ocrx_word' id='word_1_66' title='bbox 1715 1372 2050 1469; x_wconf 86' lang='lat' dir='ltr'><strong>quosdam</strong></span> <span class='ocrx_word' id='word_1_67' title='bbox 2085 1373 2467 1465; x_wconf 87' lang='lat' dir='ltr'><strong>praecipuos</strong></span> <span class='ocrx_word' id='word_1_68' title='bbox 2486 1424 2505 1455; x_wconf 86' lang='lat'>,</span> <span class='ocrx_word' id='word_1_69' title='bbox 2540 1374 2753 1439; x_wconf 90' lang='lat' dir='ltr'><strong>minio</strong></span> 
     </span>
     <span class='ocr_line' id='line_1_10' title="bbox 645 1481 2757 1577; baseline -0.001 -26"><span class='ocrx_word' id='word_1_70' title='bbox 645 1499 714 1551; x_wconf 89' lang='lat' dir='ltr'><strong>et</strong></span> <span class='ocrx_word' id='word_1_71' title='bbox 747 1482 1208 1577; x_wconf 80' lang='lat' dir='ltr'><strong>chrysocolla⁵</strong></span> <span class='ocrx_word' id='word_1_72' title='bbox 1247 1499 1591 1552; x_wconf 79' lang='lat' dir='ltr'><strong>constrato</strong></span> <span class='ocrx_word' id='word_1_73' title='bbox 1618 1487 1845 1566; x_wconf 89' lang='lat' dir='ltr'><strong>Circo,</strong></span> <span class='ocrx_word' id='word_1_74' title='bbox 1882 1506 2011 1551; x_wconf 90' lang='lat' dir='ltr'><strong>nec</strong></span> <span class='ocrx_word' id='word_1_75' title='bbox 2046 1481 2203 1550; x_wconf 85' lang='lat' dir='ltr'><strong>ullis</strong></span> <span class='ocrx_word' id='word_1_76' title='bbox 2223 1534 2241 1564; x_wconf 91' lang='lat'>‚</span> <span class='ocrx_word' id='word_1_77' title='bbox 2280 1484 2411 1550; x_wconf 90' lang='lat' dir='ltr'><strong>nisi</strong></span> <span class='ocrx_word' id='word_1_78' title='bbox 2445 1505 2529 1550; x_wconf 89' lang='lat' dir='ltr'><strong>ex</strong></span> <span class='ocrx_word' id='word_1_79' title='bbox 2563 1506 2757 1549; x_wconf 84' lang='lat' dir='ltr'><strong>sena-</strong></span> 
     </span>
     <span class='ocr_line' id='line_1_11' title="bbox 643 1592 2757 1689; baseline 0 -28"><span class='ocrx_word' id='word_1_80' title='bbox 643 1596 818 1662; x_wconf 91' lang='lat' dir='ltr'><strong>torio</strong></span> <span class='ocrx_word' id='word_1_81' title='bbox 851 1593 1117 1677; x_wconf 88' lang='lat' dir='ltr'><strong>ordine,</strong></span> <span class='ocrx_word' id='word_1_82' title='bbox 1154 1593 1641 1686; x_wconf 81' lang='lat' dir='ltr'><strong>aurigantibus.</strong></span> <span class='ocrx_word' id='word_1_83' title='bbox 1668 1596 2016 1663; x_wconf 87' lang='lat' dir='ltr'><strong>Commisit</strong></span> <span class='ocrx_word' id='word_1_84' title='bbox 2044 1609 2111 1660; x_wconf 93' lang='lat' dir='ltr'><strong>et</strong></span> <span class='ocrx_word' id='word_1_85' title='bbox 2140 1592 2398 1661; x_wconf 80' lang='lat' dir='ltr'><strong>subitos</strong></span> <span class='ocrx_word' id='word_1_86' title='bbox 2414 1644 2433 1675; x_wconf 90' lang='lat'>‚</span> <span class='ocrx_word' id='word_1_87' title='bbox 2469 1617 2683 1689; x_wconf 88' lang='lat' dir='ltr'><strong>quum</strong></span> <span class='ocrx_word' id='word_1_88' title='bbox 2714 1618 2757 1661; x_wconf 91' lang='lat' dir='ltr'><strong>e</strong></span> 
     </span>
     <span class='ocr_line' id='line_1_12' title="bbox 644 1701 2757 1797; baseline 0 -26"><span class='ocrx_word' id='word_1_89' title='bbox 644 1701 1030 1772; x_wconf 78' lang='lat' dir='ltr'><strong>Gelotiana⁶</strong></span> <span class='ocrx_word' id='word_1_90' title='bbox 1061 1721 1466 1797; x_wconf 84' lang='lat' dir='ltr'><strong>apparatum</strong></span> <span class='ocrx_word' id='word_1_91' title='bbox 1493 1707 1665 1773; x_wconf 88' lang='lat' dir='ltr'><strong>Circi</strong></span> <span class='ocrx_word' id='word_1_92' title='bbox 1697 1705 2223 1797; x_wconf 84' lang='lat' dir='ltr'><strong>prospicientem</strong></span> <span class='ocrx_word' id='word_1_93' title='bbox 2252 1704 2453 1796; x_wconf 85' lang='lat' dir='ltr'><strong>pauci</strong></span> <span class='ocrx_word' id='word_1_94' title='bbox 2487 1727 2571 1771; x_wconf 86' lang='lat' dir='ltr'><strong>ex</strong></span> <span class='ocrx_word' id='word_1_95' title='bbox 2601 1726 2757 1794; x_wconf 89' lang='lat' dir='ltr'><strong>pro—</strong></span> 
     </span>
     <span class='ocr_line' id='line_1_13' title="bbox 645 1812 1760 1907; baseline -0.001 -26"><span class='ocrx_word' id='word_1_96' title='bbox 645 1816 842 1881; x_wconf 77' lang='lat' dir='ltr'><strong>ximis</strong></span> <span class='ocrx_word' id='word_1_97' title='bbox 867 1815 1255 1883; x_wconf 82' lang='lat' dir='ltr'><strong>Maenianis⁷</strong></span> <span class='ocrx_word' id='word_1_98' title='bbox 1279 1812 1760 1907; x_wconf 82' lang='lat' dir='ltr'><strong>postulassent.</strong></span> 
     </span>
    </p>

    <p class='ocr_par' dir='ltr' id='par_1_3' title="bbox 647 1920 2761 2229">
     <span class='ocr_line' id='line_1_14' title="bbox 739 1920 2758 2015; baseline -0.001 -24"><span class='ocrx_word' id='word_1_99' title='bbox 739 1928 916 1991; x_wconf 88' lang='lat' dir='ltr'>XIX.</span> <span class='ocrx_word' id='word_1_100' title='bbox 970 1928 1239 1991; x_wconf 87' lang='lat' dir='ltr'><strong>Novum</strong></span> <span class='ocrx_word' id='word_1_101' title='bbox 1266 1938 1595 2015; x_wconf 86' lang='lat' dir='ltr'><strong>praeterea</strong></span> <span class='ocrx_word' id='word_1_102' title='bbox 1624 1938 1830 2015; x_wconf 88' lang='lat' dir='ltr'><strong>atque</strong></span> <span class='ocrx_word' id='word_1_103' title='bbox 1852 1920 2238 1990; x_wconf 84' lang='lat' dir='ltr'><strong>inauditum</strong></span> <span class='ocrx_word' id='word_1_104' title='bbox 2260 1946 2475 2013; x_wconf 76' lang='lat' dir='ltr'><strong>genus</strong></span> <span class='ocrx_word' id='word_1_105' title='bbox 2498 1936 2758 2013; x_wconf 82' lang='lat' dir='ltr'><strong>specta-</strong></span> 
     </span>
     <span class='ocr_line' id='line_1_15' title="bbox 647 2032 2761 2126; baseline -0.001 -23"><span class='ocrx_word' id='word_1_106' title='bbox 647 2034 785 2103; x_wconf 91' lang='lat' dir='ltr'><strong>culi</strong></span> <span class='ocrx_word' id='word_1_107' title='bbox 812 2038 1228 2126; x_wconf 76' lang='lat' dir='ltr'><strong>excogitavit.</strong></span> <span class='ocrx_word' id='word_1_108' title='bbox 1272 2040 1444 2102; x_wconf 89' lang='lat' dir='ltr'><strong>Nam</strong></span> <span class='ocrx_word' id='word_1_109' title='bbox 1481 2036 1793 2102; x_wconf 82' lang='lat' dir='ltr'><strong>Baiarum</strong></span> <span class='ocrx_word' id='word_1_110' title='bbox 1829 2033 2130 2101; x_wconf 90' lang='lat' dir='ltr'><strong>medium</strong></span> <span class='ocrx_word' id='word_1_111' title='bbox 2164 2032 2595 2101; x_wconf 81' lang='lat' dir='ltr'><strong>intervallum</strong></span> <span class='ocrx_word' id='word_1_112' title='bbox 2632 2038 2761 2101; x_wconf 88' lang='lat' dir='ltr'><strong>Pu-</strong></span> 
     </span>
     <span class='ocr_line' id='line_1_16' title="bbox 649 2145 2761 2229; baseline -0 -14"><span class='ocrx_word' id='word_1_113' title='bbox 649 2147 953 2215; x_wconf 83' lang='lat' dir='ltr'><strong>teolanas</strong></span> <span class='ocrx_word' id='word_1_114' title='bbox 993 2146 1080 2214; x_wconf 86' lang='lat' dir='ltr'><strong>ad</strong></span> <span class='ocrx_word' id='word_1_115' title='bbox 1125 2145 1343 2215; x_wconf 89' lang='lat' dir='ltr'><strong>moles</strong></span> <span class='ocrx_word' id='word_1_116' title='bbox 1363 2198 1381 2229; x_wconf 91' lang='lat'><strong>,</strong></span> <span class='ocrx_word' id='word_1_117' title='bbox 1423 2148 1633 2214; x_wconf 89' lang='lat' dir='ltr'><strong>trium</strong></span> <span class='ocrx_word' id='word_1_118' title='bbox 1668 2145 1957 2215; x_wconf 89' lang='lat' dir='ltr'><strong>millium</strong></span> <span class='ocrx_word' id='word_1_119' title='bbox 1997 2162 2067 2214; x_wconf 88' lang='lat' dir='ltr'><strong>et</strong></span> <span class='ocrx_word' id='word_1_120' title='bbox 2106 2162 2579 2215; x_wconf 82' lang='lat' dir='ltr'><strong>sexcentorum</strong></span> <span class='ocrx_word' id='word_1_121' title='bbox 2617 2146 2761 2214; x_wconf 80' lang='lat' dir='ltr'><strong>fere</strong></span> 
     </span>
    </p>

    <p class='ocr_par' dir='ltr' id='par_1_4' title="bbox 621 2256 2759 2355">
     <span class='ocr_line' id='line_1_17' title="bbox 621 2256 2759 2355; baseline -0 -28"><span class='ocrx_word' id='word_1_122' title='bbox 621 2282 1010 2353; x_wconf 79' lang='lat' dir='ltr'><strong>-passuum,</strong></span> <span class='ocrx_word' id='word_1_123' title='bbox 1040 2276 1248 2352; x_wconf 88' lang='lat' dir='ltr'><strong>ponte</strong></span> <span class='ocrx_word' id='word_1_124' title='bbox 1277 2256 1655 2352; x_wconf 87' lang='lat' dir='ltr'><strong>conjunxit¹</strong></span> <span class='ocrx_word' id='word_1_125' title='bbox 1679 2312 1697 2340; x_wconf 88' lang='lat'>‚</span> <span class='ocrx_word' id='word_1_126' title='bbox 1722 2262 2081 2329; x_wconf 85' lang='lat' dir='ltr'><strong>contractis</strong></span> <span class='ocrx_word' id='word_1_127' title='bbox 2106 2259 2406 2355; x_wconf 89' lang='lat' dir='ltr'><strong>undique</strong></span> <span class='ocrx_word' id='word_1_128' title='bbox 2434 2261 2759 2326; x_wconf 88' lang='lat' dir='ltr'><strong>onerariis</strong></span> 
     </span>
    </p>
   </div>
   <div class='ocr_carea' id='block_1_3' title="bbox 727 2474 2763 2585">
    <p class='ocr_par' dir='ltr' id='par_1_5' title="bbox 727 2474 2763 2585">
     <span class='ocr_line' id='line_1_18' title="bbox 727 2474 2763 2585; baseline -0.002 -23"><span class='ocrx_word' id='word_1_129' title='bbox 727 2529 775 2562; x_wconf 83' lang='lat'><strong>2.</strong></span> <span class='ocrx_word' id='word_1_130' title='bbox 803 2511 1006 2585; x_wconf 81' lang='lat' dir='ltr'><strong>Sparsit</strong></span> <span class='ocrx_word' id='word_1_131' title='bbox 1020 2523 1071 2563; x_wconf 83' lang='lat' dir='ltr'><strong>et</strong></span> <span class='ocrx_word' id='word_1_132' title='bbox 1089 2474 1305 2565; x_wconf 62' lang='lat' dir='ltr'><strong>missilia</strong></span> <span class='ocrx_word' id='word_1_133' title='bbox 1319 2551 1338 2579; x_wconf 93' lang='lat'><strong><em>,</em></strong></span> <span class='ocrx_word' id='word_1_134' title='bbox 1365 2523 1417 2564; x_wconf 92' lang='lat' dir='ltr'><strong>et</strong></span> <span class='ocrx_word' id='word_1_135' title='bbox 1436 2524 1662 2564; x_wconf 80' lang='lat' dir='ltr'><strong>tesseras</strong></span> <span class='ocrx_word' id='word_1_136' title='bbox 1752 2507 1820 2561; x_wconf 87' lang='lat' dir='ltr'><strong>de</strong></span> <span class='ocrx_word' id='word_1_137' title='bbox 1848 2508 2082 2564; x_wconf 71' lang='lat' dir='ltr'><strong>Tui-neb.</strong></span> <span class='ocrx_word' id='word_1_138' title='bbox 2112 2507 2330 2561; x_wconf 78' lang='lat' dir='ltr'><strong>Advers.</strong></span> <span class='ocrx_word' id='word_1_139' title='bbox 2357 2507 2537 2570; x_wconf 82' lang='lat' dir='ltr'>XXII,</span> <span class='ocrx_word' id='word_1_140' title='bbox 2571 2507 2671 2570; x_wconf 86' lang='lat'><strong>30,</strong></span> <span class='ocrx_word' id='word_1_141' title='bbox 2708 2519 2763 2560; x_wconf 90' lang='lat' dir='ltr'><strong>et</strong></span> 
     </span>
    </p>
   </div>
   <div class='ocr_carea' id='block_1_4' title="bbox 566 2585 2761 2662">
    <p class='ocr_par' dir='ltr' id='par_1_6' title="bbox 566 2585 2761 2662">
     <span class='ocr_line' id='line_1_19' title="bbox 566 2585 2761 2662; baseline -0.003 -19"><span class='ocrx_word' id='word_1_142' title='bbox 566 2640 579 2652; x_wconf 81' lang='grc'>,</span> <span class='ocrx_word' id='word_1_143' title='bbox 651 2590 939 2643; x_wconf 80' lang='lat' dir='ltr'><strong>distribuit.</strong></span> <span class='ocrx_word' id='word_1_144' title='bbox 969 2593 1100 2657; x_wconf 87' lang='lat' dir='ltr'><strong>Dio,</strong></span> <span class='ocrx_word' id='word_1_145' title='bbox 1119 2593 1266 2658; x_wconf 84' lang='lat' dir='ltr'>LIX,</span> <span class='ocrx_word' id='word_1_146' title='bbox 1291 2609 1344 2662; x_wconf 90' lang='lat'><strong>9.</strong></span> <span class='ocrx_word' id='word_1_147' title='bbox 1372 2592 1456 2643; x_wconf 85' lang='lat' dir='ltr'><strong>De</strong></span> <span class='ocrx_word' id='word_1_148' title='bbox 1473 2592 1557 2644; x_wconf 86' lang='lat' dir='ltr'><strong>his</strong></span> <span class='ocrx_word' id='word_1_149' title='bbox 1576 2601 1667 2644; x_wconf 80' lang='lat' dir='ltr'><strong>tes-</strong></span> <span class='ocrx_word' id='word_1_150' title='bbox 1752 2588 1967 2641; x_wconf 83' lang='lat' dir='ltr'><strong>Gruteri</strong></span> <span class='ocrx_word' id='word_1_151' title='bbox 2004 2589 2249 2658; x_wconf 85' lang='lat' dir='ltr'><strong>Inscript.</strong></span> <span class='ocrx_word' id='word_1_152' title='bbox 2298 2599 2423 2658; x_wconf 76' lang='lat' dir='ltr'><strong>pag.</strong></span> <span class='ocrx_word' id='word_1_153' title='bbox 2460 2585 2724 2638; x_wconf 82' lang='lat' dir='ltr'><strong>Dxcvm</strong></span> <span class='ocrx_word' id='word_1_154' title='bbox 2742 2623 2761 2650; x_wconf 95' lang='lat'>,</span> 
     </span>
    </p>
   </div>
   <div class='ocr_carea' id='block_1_5' title="bbox 615 2666 2770 3294">
    <p class='ocr_par' dir='ltr' id='par_1_7' title="bbox 615 2666 2770 3294">
     <span class='ocr_line' id='line_1_20' title="bbox 653 2666 2441 2744; baseline -0.002 -20"><span class='ocrx_word' id='word_1_155' title='bbox 653 2671 776 2724; x_wconf 73' lang='lat' dir='ltr'><strong>seris</strong></span> <span class='ocrx_word' id='word_1_156' title='bbox 793 2685 845 2722; x_wconf 90' lang='lat' dir='ltr'><strong>et</strong></span> <span class='ocrx_word' id='word_1_157' title='bbox 867 2670 1275 2724; x_wconf 77' lang='lat' dir='ltr'><strong>missilibusvide</strong></span> <span class='ocrx_word' id='word_1_158' title='bbox 1297 2673 1440 2744; x_wconf 85' lang='lat' dir='ltr'><strong>Lips.</strong></span> <span class='ocrx_word' id='word_1_159' title='bbox 1467 2670 1535 2724; x_wconf 87' lang='lat' dir='ltr'><strong>de</strong></span> <span class='ocrx_word' id='word_1_160' title='bbox 1553 2673 1667 2724; x_wconf 84' lang='lat' dir='ltr'><strong>Ma·</strong></span> <span class='ocrx_word' id='word_1_161' title='bbox 1756 2685 1805 2738; x_wconf 86' lang='lat'><strong>&#39;7-</strong></span> <span class='ocrx_word' id='word_1_162' title='bbox 1834 2667 1918 2718; x_wconf 76' lang='lat' dir='ltr'><strong>Al·</strong></span> <span class='ocrx_word' id='word_1_163' title='bbox 1947 2666 2059 2741; x_wconf 64' lang='lat' dir='ltr'><strong>lege</strong></span> <span class='ocrx_word' id='word_1_164' title='bbox 2080 2667 2335 2718; x_wconf 74' lang='lat' dir='ltr'><strong>Luciaua·</strong></span> <span class='ocrx_word' id='word_1_165' title='bbox 2431 2713 2441 2721; x_wconf 83' lang='lat'><strong>.</strong></span> 
     </span>
     <span class='ocr_line' id='line_1_21' title="bbox 653 2744 2767 2822; baseline -0.003 -21"><span class='ocrx_word' id='word_1_166' title='bbox 653 2768 746 2820; x_wconf 70' lang='lat' dir='ltr'><strong>gu.</strong></span> <span class='ocrx_word' id='word_1_167' title='bbox 759 2751 913 2801; x_wconf 82' lang='lat' dir='ltr'><strong>Rom.</strong></span> <span class='ocrx_word' id='word_1_168' title='bbox 931 2751 1005 2815; x_wconf 85' lang='lat'><strong>11,</strong></span> <span class='ocrx_word' id='word_1_169' title='bbox 1027 2766 1045 2800; x_wconf 86' lang='lat'>1</span> <span class='ocrx_word' id='word_1_170' title='bbox 1065 2752 1362 2809; x_wconf 79' lang='lat' dir='ltr'><strong>13Reimar.</strong></span> <span class='ocrx_word' id='word_1_171' title='bbox 1380 2751 1450 2802; x_wconf 80' lang='lat' dir='ltr'><strong>ad</strong></span> <span class='ocrx_word' id='word_1_172' title='bbox 1462 2749 1663 2822; x_wconf 87' lang='lat' dir='ltr'><strong>Xiphil.</strong></span> <span class='ocrx_word' id='word_1_173' title='bbox 1828 2763 1878 2814; x_wconf 91' lang='lat'><strong>7.</strong></span> <span class='ocrx_word' id='word_1_174' title='bbox 1896 2744 2200 2798; x_wconf 66' lang='lat' dir='ltr'><strong>Maenianis.</strong></span> <span class='ocrx_word' id='word_1_175' title='bbox 2214 2747 2431 2796; x_wconf 78' lang='lat' dir='ltr'><strong>Festus:</strong></span> <span class='ocrx_word' id='word_1_176' title='bbox 2460 2765 2483 2790; x_wconf 75' lang='grc' dir='ltr'>ι</span> <span class='ocrx_word' id='word_1_177' title='bbox 2502 2744 2767 2794; x_wconf 80' lang='lat' dir='ltr'><strong>Mamiana</strong></span> 
     </span>
     <span class='ocr_line' id='line_1_22' title="bbox 654 2824 2767 2900; baseline -0 -22"><span class='ocrx_word' id='word_1_178' title='bbox 654 2829 797 2893; x_wconf 80' lang='lat' dir='ltr'><strong>Lxl,</strong></span> <span class='ocrx_word' id='word_1_179' title='bbox 819 2845 837 2878; x_wconf 88' lang='grc' dir='ltr'><strong>ι</strong></span> <span class='ocrx_word' id='word_1_180' title='bbox 850 2830 909 2889; x_wconf 74' lang='lat'><strong>83</strong></span> <span class='ocrx_word' id='word_1_181' title='bbox 927 2829 1096 2898; x_wconf 86' lang='lat' dir='ltr'><strong>ipsam</strong></span> <span class='ocrx_word' id='word_1_182' title='bbox 1113 2827 1345 2898; x_wconf 86' lang='lat' dir='ltr'><strong>denique</strong></span> <span class='ocrx_word' id='word_1_183' title='bbox 1358 2827 1670 2900; x_wconf 86' lang='lat' dir='ltr'><strong>descriptio·</strong></span> <span class='ocrx_word' id='word_1_184' title='bbox 1755 2825 1977 2878; x_wconf 74' lang='lat' dir='ltr'><strong>aedificia</strong></span> <span class='ocrx_word' id='word_1_185' title='bbox 2000 2844 2029 2877; x_wconf 87' lang='lat' dir='ltr'><strong>a</strong></span> <span class='ocrx_word' id='word_1_186' title='bbox 2047 2825 2239 2876; x_wconf 67' lang='lat' dir='ltr'><strong>Maenio</strong></span> <span class='ocrx_word' id='word_1_187' title='bbox 2265 2837 2389 2877; x_wconf 88' lang='lat' dir='ltr'><strong>sunt</strong></span> <span class='ocrx_word' id='word_1_188' title='bbox 2408 2824 2703 2896; x_wconf 76' lang='lat' dir='ltr'><strong>appellata3</strong></span> <span class='ocrx_word' id='word_1_189' title='bbox 2719 2827 2767 2877; x_wconf 85' lang='lat' dir='ltr'><strong>is</strong></span> 
     </span>
     <span class='ocr_line' id='line_1_23' title="bbox 615 2903 2767 2978; baseline -0.003 -19"><span class='ocrx_word' id='word_1_190' title='bbox 615 2933 622 2940; x_wconf 88' lang='lat'><strong>·</strong></span> <span class='ocrx_word' id='word_1_191' title='bbox 657 2925 782 2959; x_wconf 86' lang='lat' dir='ltr'><strong>nem</strong></span> <span class='ocrx_word' id='word_1_192' title='bbox 806 2906 1070 2978; x_wconf 86' lang='lat' dir='ltr'><strong>Xiphilini</strong></span> <span class='ocrx_word' id='word_1_193' title='bbox 1086 2947 1103 2975; x_wconf 86' lang='lat'>‚</span> <span class='ocrx_word' id='word_1_194' title='bbox 1129 2908 1324 2974; x_wconf 85' lang='lat' dir='ltr'>LXVI,</span> <span class='ocrx_word' id='word_1_195' title='bbox 1357 2909 1440 2962; x_wconf 84' lang='lat'><strong>25.</strong></span> <span class='ocrx_word' id='word_1_196' title='bbox 1758 2906 1899 2956; x_wconf 84' lang='lat' dir='ltr'><strong>enim</strong></span> <span class='ocrx_word' id='word_1_197' title='bbox 1918 2906 2119 2975; x_wconf 81' lang='lat' dir='ltr'><strong>primus</strong></span> <span class='ocrx_word' id='word_1_198' title='bbox 2136 2903 2277 2956; x_wconf 86' lang='lat' dir='ltr'><strong>ultra</strong></span> <span class='ocrx_word' id='word_1_199' title='bbox 2292 2903 2567 2956; x_wconf 83' lang='lat' dir='ltr'><strong>columnas</strong></span> <span class='ocrx_word' id='word_1_200' title='bbox 2586 2916 2767 2956; x_wconf 81' lang='lat' dir='ltr'><strong>exten·</strong></span> 
     </span>
     <span class='ocr_line' id='line_1_24' title="bbox 729 2982 2767 3055; baseline -0.001 -19"><span class='ocrx_word' id='word_1_201' title='bbox 729 2984 781 3036; x_wconf 81' lang='lat'><strong>3.</strong></span> <span class='ocrx_word' id='word_1_202' title='bbox 809 2985 998 3037; x_wconf 80' lang='lat' dir='ltr'><strong>Contra</strong></span> <span class='ocrx_word' id='word_1_203' title='bbox 1015 3005 1066 3038; x_wconf 84' lang='lat' dir='ltr'><strong>se</strong></span> <span class='ocrx_word' id='word_1_204' title='bbox 1079 3006 1101 3046; x_wconf 91' lang='lat'><strong>‚·</strong></span> <span class='ocrx_word' id='word_1_205' title='bbox 1120 3004 1182 3036; x_wconf 84' lang='lat' dir='ltr'><strong>ex</strong></span> <span class='ocrx_word' id='word_1_206' title='bbox 1203 2985 1422 3038; x_wconf 84' lang='lat' dir='ltr'><strong>adverso</strong></span> <span class='ocrx_word' id='word_1_207' title='bbox 1443 2985 1671 3039; x_wconf 85' lang='lat' dir='ltr'><strong>discum·</strong></span> <span class='ocrx_word' id='word_1_208' title='bbox 1758 2984 1837 3036; x_wconf 91' lang='lat' dir='ltr'><strong>dit</strong></span> <span class='ocrx_word' id='word_1_209' title='bbox 1860 2984 2031 3054; x_wconf 72' lang='lat' dir='ltr'><strong>ligna,</strong></span> <span class='ocrx_word' id='word_1_210' title='bbox 2060 3001 2168 3055; x_wconf 85' lang='lat' dir='ltr'><strong>quo</strong></span> <span class='ocrx_word' id='word_1_211' title='bbox 2193 2982 2579 3055; x_wconf 84' lang='lat' dir='ltr'><strong>ampliarentur</strong></span> <span class='ocrx_word' id='word_1_212' title='bbox 2600 3001 2767 3053; x_wconf 84' lang='lat' dir='ltr'><strong>supo-</strong></span> 
     </span>
     <span class='ocr_line' id='line_1_25' title="bbox 657 3062 2769 3136; baseline -0 -22"><span class='ocrx_word' id='word_1_213' title='bbox 657 3063 826 3115; x_wconf 86' lang='lat' dir='ltr'><strong>beuti.</strong></span> <span class='ocrx_word' id='word_1_214' title='bbox 871 3093 948 3104; x_wconf 89' lang='lat'><strong>-—</strong></span> <span class='ocrx_word' id='word_1_215' title='bbox 988 3065 1232 3117; x_wconf 80' lang='lat' dir='ltr'><strong>Senaton’</strong></span> <span class='ocrx_word' id='word_1_216' title='bbox 1247 3103 1265 3130; x_wconf 93' lang='lat'><strong>,</strong></span> <span class='ocrx_word' id='word_1_217' title='bbox 1297 3078 1399 3118; x_wconf 90' lang='lat' dir='ltr'><strong>etc.</strong></span> <span class='ocrx_word' id='word_1_218' title='bbox 1430 3064 1669 3136; x_wconf 74' lang='lat' dir='ltr'><strong>Caligula</strong></span> <span class='ocrx_word' id='word_1_219' title='bbox 1759 3066 1920 3116; x_wconf 83' lang='lat' dir='ltr'><strong>riora.</strong></span> <span class='ocrx_word' id='word_1_220' title='bbox 1940 3087 1962 3113; x_wconf 71' lang='lat' dir='ltr'>n</span> <span class='ocrx_word' id='word_1_221' title='bbox 2015 3065 2149 3132; x_wconf 88' lang='lat' dir='ltr'><strong>Quis</strong></span> <span class='ocrx_word' id='word_1_222' title='bbox 2185 3062 2276 3115; x_wconf 90' lang='lat' dir='ltr'><strong>ille</strong></span> <span class='ocrx_word' id='word_1_223' title='bbox 2310 3064 2530 3115; x_wconf 76' lang='lat' dir='ltr'><strong>Maenius</strong></span> <span class='ocrx_word' id='word_1_224' title='bbox 2569 3062 2731 3114; x_wconf 77' lang='lat' dir='ltr'><strong>fuerit</strong></span> <span class='ocrx_word' id='word_1_225' title='bbox 2750 3100 2769 3129; x_wconf 85' lang='lat'>,</span> 
     </span>
     <span class='ocr_line' id='line_1_26' title="bbox 652 3140 2770 3213; baseline 0 -19"><span class='ocrx_word' id='word_1_226' title='bbox 652 3144 766 3213; x_wconf 82' lang='lat' dir='ltr'><strong>jam</strong></span> <span class='ocrx_word' id='word_1_227' title='bbox 782 3142 1105 3210; x_wconf 75' lang='lat' dir='ltr'><strong>insaniebat,</strong></span> <span class='ocrx_word' id='word_1_228' title='bbox 1130 3143 1274 3195; x_wconf 87' lang='lat' dir='ltr'><strong>hunc</strong></span> <span class='ocrx_word' id='word_1_229' title='bbox 1297 3148 1578 3196; x_wconf 75' lang='lat' dir='ltr'><strong>Praetorem</strong></span> <span class='ocrx_word' id='word_1_230' title='bbox 1599 3144 1670 3197; x_wconf 86' lang='lat' dir='ltr'><strong>ob</strong></span> <span class='ocrx_word' id='word_1_231' title='bbox 1760 3145 2035 3197; x_wconf 86' lang='lat' dir='ltr'><strong>incertum.</strong></span> <span class='ocrx_word' id='word_1_232' title='bbox 2082 3143 2213 3196; x_wconf 86' lang='lat' dir='ltr'><strong>Vide</strong></span> <span class='ocrx_word' id='word_1_233' title='bbox 2249 3155 2427 3194; x_wconf 85' lang='lat' dir='ltr'><strong>tamen</strong></span> <span class='ocrx_word' id='word_1_234' title='bbox 2465 3144 2663 3194; x_wconf 80' lang='lat' dir='ltr'><strong>Donat.</strong></span> <span class='ocrx_word' id='word_1_235' title='bbox 2702 3140 2770 3195; x_wconf 81' lang='lat' dir='ltr'><strong>dc</strong></span> 
     </span>
     <span class='ocr_line' id='line_1_27' title="bbox 663 3222 2357 3294; baseline 0.001 -20"><span class='ocrx_word' id='word_1_236' title='bbox 663 3222 799 3292; x_wconf 73' lang='lat' dir='ltr'><strong>guloe</strong></span> <span class='ocrx_word' id='word_1_237' title='bbox 828 3223 1132 3276; x_wconf 82' lang='lat' dir='ltr'><strong>aviditatem</strong></span> <span class='ocrx_word' id='word_1_238' title='bbox 1157 3222 1505 3294; x_wconf 73' lang='lat' dir='ltr'><strong>designando.</strong></span> <span class='ocrx_word' id='word_1_239' title='bbox 1761 3224 1909 3277; x_wconf 87' lang='lat' dir='ltr'><strong>Urbe</strong></span> <span class='ocrx_word' id='word_1_240' title='bbox 1934 3227 2135 3290; x_wconf 83' lang='lat' dir='ltr'><strong>Roma,</strong></span> <span class='ocrx_word' id='word_1_241' title='bbox 2165 3226 2242 3292; x_wconf 86' lang='lat'><strong>11,</strong></span> <span class='ocrx_word' id='word_1_242' title='bbox 2272 3240 2357 3293; x_wconf 81' lang='lat'><strong>27.</strong></span> 
     </span>
    </p>
   </div>
   <div class='ocr_carea' id='block_1_6' title="bbox 661 3301 2772 3536">
    <p class='ocr_par' dir='ltr' id='par_1_8' title="bbox 661 3301 2772 3536">
     <span class='ocr_line' id='line_1_28' title="bbox 733 3301 2772 3377; baseline 0 -26"><span class='ocrx_word' id='word_1_243' title='bbox 733 3301 784 3368; x_wconf 72' lang='grc'><strong>4.</strong></span> <span class='ocrx_word' id='word_1_244' title='bbox 808 3301 1082 3372; x_wconf 78' lang='lat' dir='ltr'><strong>Africanoe</strong></span> <span class='ocrx_word' id='word_1_245' title='bbox 1101 3301 1320 3370; x_wconf 72' lang='lat' dir='ltr'><strong>belluae,</strong></span> <span class='ocrx_word' id='word_1_246' title='bbox 1339 3305 1529 3376; x_wconf 79' lang='lat' dir='ltr'><strong>tigres,</strong></span> <span class='ocrx_word' id='word_1_247' title='bbox 1547 3324 1675 3377; x_wconf 82' lang='lat' dir='ltr'><strong>pau·</strong></span> <span class='ocrx_word' id='word_1_248' title='bbox 1832 3303 1973 3354; x_wconf 84' lang='lat' dir='ltr'><strong>xlx.</strong></span> <span class='ocrx_word' id='word_1_249' title='bbox 2022 3320 2065 3354; x_wconf 84' lang='grc' dir='ltr'><strong>ι.</strong></span> <span class='ocrx_word' id='word_1_250' title='bbox 2090 3305 2237 3355; x_wconf 86' lang='lat' dir='ltr'><strong>Nam</strong></span> <span class='ocrx_word' id='word_1_251' title='bbox 2258 3303 2588 3354; x_wconf 66' lang='lat' dir='ltr'><strong>Baianum...</strong></span> <span class='ocrx_word' id='word_1_252' title='bbox 2608 3303 2772 3354; x_wconf 73' lang='lat' dir='ltr'><strong>inter·-</strong></span> 
     </span>
     <span class='ocr_line' id='line_1_29' title="bbox 661 3379 2772 3457; baseline 0 -25"><span class='ocrx_word' id='word_1_253' title='bbox 661 3379 822 3432; x_wconf 78' lang='lat' dir='ltr'><strong>therae</strong></span> <span class='ocrx_word' id='word_1_254' title='bbox 862 3403 875 3433; x_wconf 74' lang='grc' dir='ltr'><strong><em>ε</em></strong></span> <span class='ocrx_word' id='word_1_255' title='bbox 920 3382 1168 3436; x_wconf 86' lang='lat' dir='ltr'><strong>absolute</strong></span> <span class='ocrx_word' id='word_1_256' title='bbox 1205 3385 1442 3454; x_wconf 87' lang='lat' dir='ltr'><strong>positum</strong></span> <span class='ocrx_word' id='word_1_257' title='bbox 1462 3423 1479 3450; x_wconf 92' lang='lat'><strong>.,</strong></span> <span class='ocrx_word' id='word_1_258' title='bbox 1521 3398 1583 3437; x_wconf 89' lang='lat' dir='ltr'><strong>ut</strong></span> <span class='ocrx_word' id='word_1_259' title='bbox 1624 3398 1677 3437; x_wconf 88' lang='lat' dir='ltr'><strong>et</strong></span> <span class='ocrx_word' id='word_1_260' title='bbox 1765 3383 1965 3436; x_wconf 82' lang='lat' dir='ltr'><strong>vallum</strong></span> <span class='ocrx_word' id='word_1_261' title='bbox 1982 3422 1995 3434; x_wconf 94' lang='lat'><strong>.</strong></span> <span class='ocrx_word' id='word_1_262' title='bbox 2010 3421 2023 3434; x_wconf 86' lang='lat'><strong>.</strong></span> <span class='ocrx_word' id='word_1_263' title='bbox 2039 3423 2051 3434; x_wconf 93' lang='lat'><strong>.</strong></span> <span class='ocrx_word' id='word_1_264' title='bbox 2104 3395 2268 3457; x_wconf 79' lang='lat' dir='ltr'><strong>ponte</strong></span> <span class='ocrx_word' id='word_1_265' title='bbox 2292 3382 2585 3454; x_wconf 78' lang='lat' dir='ltr'><strong>conjunxit.</strong></span> <span class='ocrx_word' id='word_1_266' title='bbox 2614 3383 2772 3435; x_wconf 81' lang='lat' dir='ltr'><strong>Non-</strong></span> 
     </span>
     <span class='ocr_line' id='line_1_30' title="bbox 663 3458 2769 3536; baseline 0.001 -26"><span class='ocrx_word' id='word_1_267' title='bbox 663 3459 868 3528; x_wconf 77' lang='lat' dir='ltr'><strong>Libycoe</strong></span> <span class='ocrx_word' id='word_1_268' title='bbox 888 3458 1154 3513; x_wconf 87' lang='lat' dir='ltr'><strong>dicuntur.</strong></span> <span class='ocrx_word' id='word_1_269' title='bbox 1764 3463 1900 3514; x_wconf 83' lang='lat' dir='ltr'><strong>nulli</strong></span> <span class='ocrx_word' id='word_1_270' title='bbox 1926 3461 2133 3515; x_wconf 84' lang='lat' dir='ltr'><strong>addunt</strong></span> <span class='ocrx_word' id='word_1_271' title='bbox 2157 3476 2283 3536; x_wconf 87' lang='lat' dir='ltr'><strong>post</strong></span> <span class='ocrx_word' id='word_1_272' title='bbox 2306 3481 2550 3534; x_wconf 79' lang='lat' dir='ltr'><strong>passuum</strong></span> <span class='ocrx_word' id='word_1_273' title='bbox 2578 3460 2769 3514; x_wconf 76' lang='lat' dir='ltr'><strong>vocab.</strong></span> 
     </span>
    </p>
   </div>
   <div class='ocr_carea' id='block_1_7' title="bbox 663 3536 2777 4245">
    <p class='ocr_par' dir='ltr' id='par_1_9' title="bbox 663 3536 2777 4166">
     <span class='ocr_line' id='line_1_31' title="bbox 735 3536 2771 3613; baseline 0 -22"><span class='ocrx_word' id='word_1_274' title='bbox 735 3536 786 3591; x_wconf 86' lang='grc'><strong>5.</strong></span> <span class='ocrx_word' id='word_1_275' title='bbox 822 3539 1177 3611; x_wconf 57' lang='lat' dir='ltr'><strong>chrysocolla.</strong></span> <span class='ocrx_word' id='word_1_276' title='bbox 1199 3540 1279 3593; x_wconf 86' lang='lat' dir='ltr'><strong>De</strong></span> <span class='ocrx_word' id='word_1_277' title='bbox 1297 3541 1399 3594; x_wconf 85' lang='lat' dir='ltr'><strong>hac</strong></span> <span class='ocrx_word' id='word_1_278' title='bbox 1418 3541 1522 3594; x_wconf 78' lang='lat' dir='ltr'><strong>vid.</strong></span> <span class='ocrx_word' id='word_1_279' title='bbox 1544 3541 1673 3594; x_wconf 84' lang='lat' dir='ltr'><strong>Plin.</strong></span> <span class='ocrx_word' id='word_1_280' title='bbox 1764 3542 1987 3612; x_wconf 75' lang='lat' dir='ltr'><strong>spatium</strong></span> <span class='ocrx_word' id='word_1_281' title='bbox 2002 3579 2023 3608; x_wconf 88' lang='lat'><strong><em>,</em></strong></span> <span class='ocrx_word' id='word_1_282' title='bbox 2078 3541 2228 3613; x_wconf 87' lang='lat' dir='ltr'><strong>quod</strong></span> <span class='ocrx_word' id='word_1_283' title='bbox 2275 3542 2477 3613; x_wconf 72' lang='lat' dir='ltr'><strong>recepit</strong></span> <span class='ocrx_word' id='word_1_284' title='bbox 2520 3539 2771 3594; x_wconf 82' lang='lat' dir='ltr'><strong>Oudend.</strong></span> 
     </span>
     <span class='ocr_line' id='line_1_32' title="bbox 663 3614 2773 3692; baseline 0.002 -24"><span class='ocrx_word' id='word_1_285' title='bbox 663 3619 798 3669; x_wconf 83' lang='lat' dir='ltr'><strong>Hist.</strong></span> <span class='ocrx_word' id='word_1_286' title='bbox 822 3618 946 3670; x_wconf 85' lang='lat' dir='ltr'><strong>Nat.</strong></span> <span class='ocrx_word' id='word_1_287' title='bbox 975 3619 1222 3684; x_wconf 78' lang='lat' dir='ltr'><strong>xxxm,</strong></span> <span class='ocrx_word' id='word_1_288' title='bbox 1249 3614 1280 3670; x_wconf 87' lang='lat'>5</span> <span class='ocrx_word' id='word_1_289' title='bbox 1305 3619 1461 3692; x_wconf 81' lang='lat'><strong>(26).</strong></span> <span class='ocrx_word' id='word_1_290' title='bbox 1493 3618 1634 3672; x_wconf 86' lang='lat' dir='ltr'><strong>Idem</strong></span> <span class='ocrx_word' id='word_1_291' title='bbox 1660 3641 1672 3670; x_wconf 77' lang='grc' dir='ltr'><em>τ</em></span> <span class='ocrx_word' id='word_1_292' title='bbox 1768 3623 1859 3692; x_wconf 90' lang='lat' dir='ltr'><strong>qui</strong></span> <span class='ocrx_word' id='word_1_293' title='bbox 1879 3620 2057 3673; x_wconf 88' lang='lat' dir='ltr'><strong>locum</strong></span> <span class='ocrx_word' id='word_1_294' title='bbox 2076 3621 2206 3674; x_wconf 84' lang='lat' dir='ltr'><strong>alias</strong></span> <span class='ocrx_word' id='word_1_295' title='bbox 2225 3633 2538 3692; x_wconf 83' lang='lat' dir='ltr'><strong>corruptum</strong></span> <span class='ocrx_word' id='word_1_296' title='bbox 2558 3633 2739 3673; x_wconf 86' lang='lat' dir='ltr'><strong>censet</strong></span> <span class='ocrx_word' id='word_1_297' title='bbox 2755 3659 2773 3688; x_wconf 89' lang='lat'>‚</span> 
     </span>
     <span class='ocr_line' id='line_1_33' title="bbox 668 3697 2774 3770; baseline 0.005 -28"><span class='ocrx_word' id='word_1_298' title='bbox 668 3718 690 3742; x_wconf 72' lang='grc' dir='ltr'>ι</span> <span class='ocrx_word' id='word_1_299' title='bbox 712 3697 1005 3768; x_wconf 83' lang='lat' dir='ltr'><strong>Visnmque</strong></span> <span class='ocrx_word' id='word_1_300' title='bbox 1027 3698 1141 3766; x_wconf 83' lang='lat' dir='ltr'><strong>jam</strong></span> <span class='ocrx_word' id='word_1_301' title='bbox 1165 3711 1246 3750; x_wconf 86' lang='lat' dir='ltr'><strong>est</strong></span> <span class='ocrx_word' id='word_1_302' title='bbox 1265 3699 1496 3751; x_wconf 83' lang='lat' dir='ltr'><strong>Neronis</strong></span> <span class='ocrx_word' id='word_1_303' title='bbox 1522 3701 1674 3752; x_wconf 82' lang='lat' dir='ltr'><strong>Prin·</strong></span> <span class='ocrx_word' id='word_1_304' title='bbox 1764 3701 1945 3751; x_wconf 87' lang='lat' dir='ltr'><strong>nescio</strong></span> <span class='ocrx_word' id='word_1_305' title='bbox 1966 3717 2033 3750; x_wconf 85' lang='lat' dir='ltr'><strong>an</strong></span> <span class='ocrx_word' id='word_1_306' title='bbox 2052 3701 2211 3751; x_wconf 85' lang='lat' dir='ltr'><strong>nimis</strong></span> <span class='ocrx_word' id='word_1_307' title='bbox 2233 3701 2461 3770; x_wconf 79' lang='lat' dir='ltr'><strong>quaesitis</strong></span> <span class='ocrx_word' id='word_1_308' title='bbox 2484 3697 2774 3752; x_wconf 77' lang='lat' dir='ltr'><strong>difficulta-</strong></span> 
     </span>
     <span class='ocr_line' id='line_1_34' title="bbox 663 3776 2777 3850; baseline 0.002 -24"><span class='ocrx_word' id='word_1_309' title='bbox 663 3777 799 3846; x_wconf 83' lang='lat' dir='ltr'><strong>cipis</strong></span> <span class='ocrx_word' id='word_1_310' title='bbox 847 3776 1166 3847; x_wconf 79' lang='lat' dir='ltr'><strong>spectaculis</strong></span> <span class='ocrx_word' id='word_1_311' title='bbox 1193 3815 1210 3844; x_wconf 88' lang='lat'>‚</span> <span class='ocrx_word' id='word_1_312' title='bbox 1270 3795 1484 3830; x_wconf 77' lang='lat' dir='ltr'><strong>arenam</strong></span> <span class='ocrx_word' id='word_1_313' title='bbox 1536 3777 1675 3830; x_wconf 88' lang='lat' dir='ltr'><strong>Circi</strong></span> <span class='ocrx_word' id='word_1_314' title='bbox 1767 3778 1927 3831; x_wconf 86' lang='lat' dir='ltr'><strong>tibus.</strong></span> <span class='ocrx_word' id='word_1_315' title='bbox 1973 3780 2208 3831; x_wconf 87' lang='lat' dir='ltr'><strong>Bremius</strong></span> <span class='ocrx_word' id='word_1_316' title='bbox 2243 3781 2401 3830; x_wconf 86' lang='lat' dir='ltr'><strong>etiam</strong></span> <span class='ocrx_word' id='word_1_317' title='bbox 2436 3778 2777 3850; x_wconf 82' lang='lat' dir='ltr'><strong>reprehendit</strong></span> 
     </span>
     <span class='ocr_line' id='line_1_35' title="bbox 666 3853 2775 3931; baseline 0.001 -26"><span class='ocrx_word' id='word_1_318' title='bbox 666 3853 998 3927; x_wconf 74' lang='lat' dir='ltr'><strong>chrysocolla</strong></span> <span class='ocrx_word' id='word_1_319' title='bbox 1017 3859 1212 3921; x_wconf 85' lang='lat' dir='ltr'><strong>sterni,</strong></span> <span class='ocrx_word' id='word_1_320' title='bbox 1235 3875 1398 3927; x_wconf 85' lang='lat' dir='ltr'><strong>quum</strong></span> <span class='ocrx_word' id='word_1_321' title='bbox 1419 3859 1535 3929; x_wconf 86' lang='lat' dir='ltr'><strong>ipse</strong></span> <span class='ocrx_word' id='word_1_322' title='bbox 1550 3876 1678 3910; x_wconf 90' lang='lat' dir='ltr'><strong>con·</strong></span> <span class='ocrx_word' id='word_1_323' title='bbox 1766 3871 2039 3910; x_wconf 85' lang='lat' dir='ltr'><strong>auctorem</strong></span> <span class='ocrx_word' id='word_1_324' title='bbox 2057 3897 2075 3925; x_wconf 83' lang='lat'><strong>.,</strong></span> <span class='ocrx_word' id='word_1_325' title='bbox 2102 3858 2249 3931; x_wconf 85' lang='lat' dir='ltr'><strong>quod</strong></span> <span class='ocrx_word' id='word_1_326' title='bbox 2272 3859 2499 3912; x_wconf 77' lang='lat' dir='ltr'><strong>medium</strong></span> <span class='ocrx_word' id='word_1_327' title='bbox 2528 3855 2775 3912; x_wconf 78' lang='lat' dir='ltr'><strong>interval-</strong></span> 
     </span>
     <span class='ocr_line' id='line_1_36' title="bbox 665 3930 2775 4005; baseline 0.003 -23"><span class='ocrx_word' id='word_1_328' title='bbox 665 3930 834 3984; x_wconf 80' lang='lat' dir='ltr'><strong>colori</strong></span> <span class='ocrx_word' id='word_1_329' title='bbox 873 3952 1058 4005; x_wconf 84' lang='lat' dir='ltr'><strong>panno</strong></span> <span class='ocrx_word' id='word_1_330' title='bbox 1095 3937 1430 4004; x_wconf 76' lang='lat' dir='ltr'><strong>aurigaturus</strong></span> <span class='ocrx_word' id='word_1_331' title='bbox 1467 3951 1624 3990; x_wconf 81' lang='lat' dir='ltr'><strong>esset.</strong></span> <span class='ocrx_word' id='word_1_332' title='bbox 1646 3960 1670 3984; x_wconf 77' lang='grc' dir='ltr'><strong>ιο</strong></span> <span class='ocrx_word' id='word_1_333' title='bbox 1766 3938 1910 4005; x_wconf 76' lang='lat' dir='ltr'><strong>lum,</strong></span> <span class='ocrx_word' id='word_1_334' title='bbox 1949 3957 2094 4005; x_wconf 84' lang='lat' dir='ltr'><strong>non,</strong></span> <span class='ocrx_word' id='word_1_335' title='bbox 2134 3952 2194 3991; x_wconf 90' lang='lat' dir='ltr'><strong>ut</strong></span> <span class='ocrx_word' id='word_1_336' title='bbox 2230 3957 2313 3991; x_wconf 84' lang='lat' dir='ltr'><strong>res</strong></span> <span class='ocrx_word' id='word_1_337' title='bbox 2351 3953 2495 4004; x_wconf 85' lang='lat' dir='ltr'><strong>erat,</strong></span> <span class='ocrx_word' id='word_1_338' title='bbox 2530 3937 2689 3990; x_wconf 72' lang='lat' dir='ltr'><strong>Baias</strong></span> <span class='ocrx_word' id='word_1_339' title='bbox 2724 3947 2775 3989; x_wconf 78' lang='lat' dir='ltr'><strong>et</strong></span> 
     </span>
     <span class='ocr_line' id='line_1_37' title="bbox 665 4012 2771 4088; baseline 0.003 -26"><span class='ocrx_word' id='word_1_340' title='bbox 665 4012 905 4064; x_wconf 81' lang='lat' dir='ltr'><strong>Imitatus</strong></span> <span class='ocrx_word' id='word_1_341' title='bbox 923 4013 1083 4082; x_wconf 80' lang='lat' dir='ltr'><strong>igitur</strong></span> <span class='ocrx_word' id='word_1_342' title='bbox 1102 4029 1180 4066; x_wconf 86' lang='lat' dir='ltr'><strong>est</strong></span> <span class='ocrx_word' id='word_1_343' title='bbox 1206 4015 1348 4066; x_wconf 82' lang='lat' dir='ltr'><strong>Nero&#39;</strong></span> <span class='ocrx_word' id='word_1_344' title='bbox 1372 4015 1585 4080; x_wconf 79' lang='lat' dir='ltr'><strong>Caium,</strong></span> <span class='ocrx_word' id='word_1_345' title='bbox 1609 4013 1675 4067; x_wconf 87' lang='lat' dir='ltr'><strong>de</strong></span> <span class='ocrx_word' id='word_1_346' title='bbox 1767 4015 2086 4070; x_wconf 77' lang='lat' dir='ltr'><strong>Puteolanas</strong></span> <span class='ocrx_word' id='word_1_347' title='bbox 2102 4017 2263 4070; x_wconf 78' lang='lat' dir='ltr'><strong>moles</strong></span> <span class='ocrx_word' id='word_1_348' title='bbox 2281 4029 2441 4088; x_wconf 85' lang='lat' dir='ltr'><strong>ponte</strong></span> <span class='ocrx_word' id='word_1_349' title='bbox 2456 4019 2771 4087; x_wconf 77' lang='lat' dir='ltr'><strong>conjunctas</strong></span> 
     </span>
     <span class='ocr_line' id='line_1_38' title="bbox 667 4093 2772 4166; baseline 0.003 -24"><span class='ocrx_word' id='word_1_350' title='bbox 667 4109 779 4164; x_wconf 84' lang='lat' dir='ltr'><strong>quo</strong></span> <span class='ocrx_word' id='word_1_351' title='bbox 811 4103 949 4144; x_wconf 81' lang='lat' dir='ltr'><strong>tacet</strong></span> <span class='ocrx_word' id='word_1_352' title='bbox 978 4093 1189 4146; x_wconf 82' lang='lat' dir='ltr'><strong>Plinius.</strong></span> <span class='ocrx_word' id='word_1_353' title='bbox 1766 4094 1911 4148; x_wconf 82' lang='lat' dir='ltr'><strong>dixit.</strong></span> <span class='ocrx_word' id='word_1_354' title='bbox 1950 4096 2051 4148; x_wconf 85' lang='lat' dir='ltr'><strong>Sed</strong></span> <span class='ocrx_word' id='word_1_355' title='bbox 2083 4097 2137 4147; x_wconf 88' lang='lat' dir='ltr'><strong>in</strong></span> <span class='ocrx_word' id='word_1_356' title='bbox 2176 4093 2335 4147; x_wconf 82' lang='lat' dir='ltr'><strong>verbo</strong></span> <span class='ocrx_word' id='word_1_357' title='bbox 2368 4093 2673 4166; x_wconf 72' lang='lat' dir='ltr'><strong>conjunxit,</strong></span> <span class='ocrx_word' id='word_1_358' title='bbox 2712 4109 2772 4149; x_wconf 84' lang='lat' dir='ltr'><strong>ut</strong></span> 
     </span>
    </p>

    <p class='ocr_par' dir='ltr' id='par_1_10' title="bbox 739 4171 2777 4245">
     <span class='ocr_line' id='line_1_39' title="bbox 739 4171 2777 4245; baseline 0.001 -21"><span class='ocrx_word' id='word_1_359' title='bbox 739 4171 791 4224; x_wconf 85' lang='lat'><strong>6.</strong></span> <span class='ocrx_word' id='word_1_360' title='bbox 830 4171 881 4223; x_wconf 82' lang='lat' dir='ltr'><em>E</em></span> <span class='ocrx_word' id='word_1_361' title='bbox 901 4172 1212 4240; x_wconf 77' lang='lat' dir='ltr'><strong>Gelotiana,</strong></span> <span class='ocrx_word' id='word_1_362' title='bbox 1241 4175 1351 4228; x_wconf 86' lang='lat' dir='ltr'><strong>scil.</strong></span> <span class='ocrx_word' id='word_1_363' title='bbox 1379 4173 1559 4228; x_wconf 84' lang='lat' dir='ltr'><strong>domo.</strong></span> <span class='ocrx_word' id='word_1_364' title='bbox 1586 4175 1676 4226; x_wconf 87' lang='lat' dir='ltr'><strong>vi-</strong></span> <span class='ocrx_word' id='word_1_365' title='bbox 1769 4193 1938 4245; x_wconf 52' lang='lat' dir='ltr'><strong>sape,</strong></span> <span class='ocrx_word' id='word_1_366' title='bbox 1978 4173 2124 4227; x_wconf 82' lang='lat' dir='ltr'><strong>aliud</strong></span> <span class='ocrx_word' id='word_1_367' title='bbox 2154 4173 2284 4226; x_wconf 86' lang='lat' dir='ltr'><strong>latet</strong></span> <span class='ocrx_word' id='word_1_368' title='bbox 2311 4174 2528 4226; x_wconf 83' lang='lat' dir='ltr'><strong>verbum</strong></span> <span class='ocrx_word' id='word_1_369' title='bbox 2546 4211 2563 4238; x_wconf 88' lang='lat'><strong>.,</strong></span> <span class='ocrx_word' id='word_1_370' title='bbox 2602 4188 2658 4227; x_wconf 82' lang='lat' dir='ltr'><strong>ut</strong></span> <span class='ocrx_word' id='word_1_371' title='bbox 2684 4193 2777 4244; x_wconf 43' lang='grc' dir='ltr'><strong>πρ·-</strong></span> 
     </span>
    </p>
   </div>
  </div>
 </body>
</html>
