3050 5004
1158 421 1489 488 GALBA.

2240 423 2372 490 255

290 567 429 635 tus,
468 573 551 618 ac
590 519 1015 641 dependente
1043 572 1087 614 a
1120 548 1495 616 cervicibus
1529 549 1826 640 pugione
1839 545 1869 600 4
1905 563 2064 617 ante
2098 566 2374 643 pectus;

282 685 406 730 nec
432 662 623 755 prius
648 683 853 726 usum
880 673 1053 752 togae
1084 658 1547 750 recuperavit⁵
1569 709 1587 739 ,
1613 681 1822 753 quam
1857 662 2230 752 oppressis,
2259 665 2378 755 qui

280 797 487 842 novas
510 797 621 841 res
648 769 1127 852 moliebantur,
1156 772 1476 838 Praefecto
1499 773 1795 863 praetorii
1825 771 2234 864 Nymphidio
2261 777 2378 842 Sa-

280 880 479 952 bino⁶
494 935 515 966 ,
544 889 808 964 Romae;
836 882 903 949 in
928 883 1289 949 Germania
1308 931 1325 962 ,
1350 881 1628 948 Fonteio
1652 882 2004 972 Capitone3
2029 883 2098 948 in
2121 883 2338 952 Africa
2354 934 2375 966 ,
2433 946 2438 955 .

278 992 512 1062 Clodio
534 998 767 1060 Macro
780 1003 804 1042 ⁷
820 1044 837 1076 ,
864 991 1121 1084 legatis..

368 1110 465 1174 XI
472 1111 519 1172 1.
577 1111 1017 1172 Praecesserat
1042 1103 1127 1172 de
1158 1127 1239 1170 eo
1266 1103 1447 1170 fama
1473 1103 1744 1170 saevitiae
1771 1102 1975 1170 simul
2001 1118 2204 1198 atque
2233 1129 2379 1174 ava-

278 1219 517 1285 ritiae1:
563 1217 746 1312 quod
792 1219 1090 1285 civitates
1128 1215 1610 1308 Hispaniarum
1646 1213 2183 1310 Galliarumque,
2225 1241 2380 1313 quae

280 1330 705 1396 cunctantius
744 1327 873 1396 sibi
900 1342 1353 1408 accesserant,
1384 1325 1804 1415 gravioribus
1834 1323 2098 1394 tributis
2119 1379 2136 1409 ‚
2176 1351 2380 1423 quas·
2458 1407 2465 1413 ,

278 1437 437 1506 dam
461 1442 665 1507 etiam
694 1463 1046 1507 murorum
1076 1437 1564 1520 destructione,
1595 1439 1940 1532 punisset3
1971 1453 2038 1504 et
2056 1442 2382 1532 praeposi·

280 1565 383 1616 tos
407 1565 1021 1644 procuratoresque
1036 1565 1062 1596 ²
1084 1547 1417 1641 supplicio
1436 1548 1672 1639 capitis
1693 1546 2028 1618 affecisset
2049 1570 2210 1616 cum
2231 1574 2383 1620 con-

279 1759 432 1809 men,
472 1741 621 1816 quod
648 1742 975 1813 gentilicium
1008 1761 1179 1815 usque
1215 1742 1287 1796 ad

278 1821 553 1886 Beronem
582 1821 781 1886 fuerat,
808 1821 1083 1891 publicum
1113 1820 1289 1894 digni-

280 1902 403 1952 tatis
432 1913 486 1952 et
512 1902 719 1972 imperii
742 1901 933 1953 fecisse
954 1901 1161 1954 Ernest.
1175 1903 1288 1970 jam

280 1981 513 2045 notavit,
554 1981 717 2032 citato
751 1979 972 2052 Joaeph.
1006 1982 1131 2033 Ant.
1161 1979 1285 2032 Jud.

280 2059 428 2120 vm,
456 2057 522 2121 6,
554 2075 605 2108 2.

348 2134 401 2200 4.
422 2135 505 2186 Ac
522 2136 897 2206 dependente...
914 2135 1160 2208 puqt‘one,
1182 2147 1285 2186 etc.

282 2213 339 2264 In
364 2213 573 2265 urbana
592 2214 753 2264 etiam
776 2215 881 2266 vita
904 2231 1104 2264 morem
1128 2215 1287 2264 istum

283 2290 495 2344 videtur
526 2304 713 2361 postea
746 2291 1043 2342 retinuisse.
1072 2290 1288 2342 Irrisum

288 2387 407 2423 enm
432 2372 601 2422 fuisse
620 2383 775 2422 notat
798 2369 999 2440 Xiphil.
1018 2370 1207 2434 Lxlv,
1226 2370 1286 2435 3,

285 2449 433 2521 quod
450 2469 615 2502 senex
638 2467 801 2522 quum
826 2462 989 2516 esset,
1016 2461 1069 2500 et
1090 2447 1287 2501 valetu-

283 2529 395 2583 dini
421 2548 707 2583 nervorum
734 2528 1025 2597 obnoxius,
1056 2529 1111 2581 in
1138 2531 1287 2582 omni

286 2608 467 2661 itinere
492 2606 731 2678 gladium
760 2626 1077 2679 suspensum
1106 2620 1291 2678 gesta-

284 2700 381 2739 1¹01·

354 2764 407 2821 5.
436 2766 809 2839 Recuperam't3
829 2767 1055 2838 repetiit.
1086 2767 1288 2818 Notan-

288 2845 355 2899 da
372 2864 495 2899 vox.

356 2925 408 2979 6.
460 2925 795 2997 Nymphidio
845 2924 1059 2977 Sabino.
1118 2924 1286 2975 Tacit.

288 3006 420 3059 nist.
441 3007 493 3071 1,
516 3004 581 3057 5:
614 3027 637 3053 a
655 3004 809 3057 Miles
835 3004 1086 3057 urbanus.
1102 3044 1115 3057 .
1132 3042 1145 3055 .
1170 3023 1289 3075 pro·

289 3103 389 3137 nus
414 3084 483 3137 ad
508 3102 677 3137 novas
700 3102 811 3149 res,
844 3081 1043 3135 scelere
1068 3085 1289 3153 insuper

288 3162 600 3236 Nymphidii
622 3162 803 3213 Sabini
830 3162 1067 3213 Praefecti
1082 3200 1101 3227 ‚
1124 3164 1292 3232 impe-

290 3244 423 3295 rium
466 3243 565 3296 sibi
612 3241 893 3308 molientis,
932 3244 1175 3310 agitatur.
1224 3242 1290 3293 Et

288 3319 642 3392 Nymphidius
668 3319 881 3392 quidem
904 3322 957 3371 in
980 3321 1099 3389 ipso
1124 3337 1292 3371 cona·

290 3412 347 3451 tu
384 3416 702 3471 oppressus,
738 3412 839 3451 etc.
860 3420 882 3445 υ
928 3397 1189 3450 Plurimus
1226 3398 1293 3451 de

290 3477 447 3548 hujus
488 3476 717 3531 hominis
752 3477 843 3549 (de
870 3496 977 3549 quo
1014 3478 1292 3531 adeundus

292 3558 447 3611 etiam
467 3557 639 3607 Tacit.
668 3558 804 3607 Anu.
830 3558 955 3623 XV,
982 3558 1081 3627 72)
1105 3575 1293 3628 super-

289 3634 377 3687 bia
410 3648 571 3705 atque
605 3635 883 3687 conatibus
916 3649 998 3687 est
1022 3634 1290 3687 Plutarch.

292 3714 441 3769 Galb.
468 3718 501 3769 8
520 3734 630 3786 seq.
654 3734 823 3786 usque
844 3713 911 3766 ad
926 3733 1045 3785 cap.
1071 3714 1162 3782 14,
1182 3733 1289 3784 quo

292 3796 347 3847 in
368 3795 499 3865 ipsis
520 3795 707 3847 castris
727 3795 965 3847 occisum
992 3808 1185 3847 narrat.
1207 3795 1293 3845 Xi-

294 3872 421 3944 phil.
450 3875 641 3939 LXIV,
669 3892 726 3940 2,
751 3872 832 3925 vel
862 3871 1207 3944 negligentius
1236 3876 1293 3925 in

297 3952 629 4024 excerpendo
649 3955 818 4005 Dione
834 3966 918 4005 est
930 3966 1165 4005 versatus
1178 3991 1195 4019 ‚
1208 3951 1293 4005 vel

294 4033 674 4087 interciderunt
700 4032 939 4105 quadam
962 4033 1019 4083 in
1040 4032 1205 4084 libris.

369 4129 416 4182 7.
458 4113 673 4165 Fonteio
694 4113 989 4181 Capitone..
1005 4150 1020 4165 .
1036 4150 1049 4164 .
1070 4152 1083 4165 .
1114 4109 1293 4166 Clodio

1375 1742 1579 1792 Moero.
1618 1740 1786 1792 Tacit.
1819 1743 1950 1794 nist.
1985 1741 2035 1807 1,
2068 1755 2134 1810 7:
2179 1744 2380 1795 «Forte

1376 1833 1718 1889 congruerat,
1733 1833 1792 1871 ut
1807 1817 1982 1872 Clodii
1993 1820 2161 1870 Macri
2177 1832 2229 1870 et
2243 1821 2380 1872 Fon-

1377 1900 1469 1950 teii
1507 1900 1783 1970 Capitonis
1821 1898 1988 1952 caedes
2023 1901 2380 1953 nunciaretur.

1376 1976 1636 2044 Macrum,
1656 1979 1709 2028 in
1729 1977 1910 2028 Africa
1932 1975 2078 2028 haud
2097 1976 2261 2029 dubie
2279 1993 2385 2031 tur-

1376 2053 1590 2106 bantem
1619 2093 1637 2120 ,
1695 2054 1995 2106 Trebonius
2045 2057 2384 2111 Garucianus

1376 2137 1696 2186 Procurator
1714 2137 1868 2204 jussu
1903 2135 2117 2198 Galba-3
2161 2137 2384 2208 Capito-

1376 2233 1499 2266 nem
1537 2218 1594 2266 in
1629 2217 1948 2280 Germaniam,
1990 2233 2154 2286 quum
2192 2218 2382 2269 similia

1377 2309 1634 2366 emptaret
1645 2333 1661 2360 ,
1675 2294 1952 2346 Cornelius
1967 2295 2209 2364 Aquinus
2227 2310 2279 2348 et
2291 2298 2383 2347 Fa-

1374 2371 1497 2424 bius
1524 2372 1749 2437 Valens,
1782 2370 1940 2444 legati
1969 2372 2267 2442 legionum,
2301 2376 2384 2425 in-

1374 2454 1708 2518 terfecerant,
1721 2464 2002 2523 antequam
2010 2451 2342 2521 juberentur.
2353 2477 2378 2504 u

1373 2535 1453 2587 cf.
1470 2532 1737 2585 Plutarch.
1767 2532 1856 2597 15,
1877 2546 1930 2583 et
1945 2533 2145 2605 xiphil.
2162 2533 2200 2584 l.
2221 2552 2266 2586 c.
2287 2538 2384 2589 Ce-

1376 2626 1547 2666 terum
1562 2610 1706 2665 Otho
1727 2613 1778 2662 in
1795 2614 2038 2663 oratione
2052 2611 2197 2683 apud
2209 2615 2379 2668 Tacit.

1374 2692 1507 2743 nist.
1534 2693 1586 2753 1,
1609 2689 1705 2757 37,
1729 2687 1908 2759 plures
1925 2704 2180 2741 memorat
2199 2710 2228 2743 a
2249 2692 2382 2745 Gal-

1374 2770 1444 2822 ba
1468 2771 1701 2841 occisos,
1729 2767 2106 2821 Obultronium
2127 2770 2384 2825 Sabinum

1378 2862 1429 2901 et
1452 2846 1758 2901 Cornelium
1782 2845 2094 2900 Marcellum
2117 2850 2172 2900 in
2196 2852 2383 2923 Hispa·

1378 2928 1492 2993 nia,
1524 2926 1752 2977 Betuum
1787 2924 2062 2977 Chilonem
2097 2928 2152 2977 in
2183 2927 2382 2997 Gallia,

1378 3007 1654 3057 Fonteium
1675 3004 1991 3073 Capitonem
2006 3007 2060 3055 in
2073 3006 2352 3059 Germania
2363 3047 2382 3075 ‚

1378 3082 1624 3134 Clodium
1640 3083 1880 3133 Macrum
1898 3083 1952 3132 in
1967 3082 2146 3134 Africa
2159 3121 2175 3149 ‚
2195 3084 2384 3156 Cingo-

1378 3163 1530 3213 nium
1548 3163 1602 3212 in
1622 3163 1706 3213 via
1719 3200 1734 3223 ,
1750 3161 2114 3231 Turpilianum
2135 3164 2190 3212 in
2211 3164 2382 3234 Urbe,

1376 3240 1758 3315 Nymphidium
1775 3242 1830 3291 in
1847 3244 2046 3295 castris.
2068 3242 2202 3295 Vide
2221 3246 2384 3298 etiam

1380 3322 1449 3375 ad
1472 3340 1592 3391 cap.
1618 3322 1940 3392 proximum.

1450 3402 1562 3452 xli.
1598 3417 1639 3450 ι.
1669 3400 1936 3450 Avaritioe.
1961 3400 2040 3451 De
2055 3399 2252 3453 eavide
2267 3404 2382 3456 Rei·

1381 3496 1511 3532 mar.
1539 3479 1606 3531 ad
1629 3477 1828 3549 Xiphil.
1853 3478 2042 3544 LXIV,
2069 3496 2118 3529 2.

1454 3574 1501 3608 2.
1529 3559 1578 3608 E
1582 3569 1600 3607 t
1611 3558 1908 3628 pra-positos
1913 3569 2384 3635 procuratoresque,

1381 3649 1482 3688 etc.
1539 3635 1618 3685 llli
1665 3633 1862 3685 militiae
1901 3636 2138 3705 prael'ecti
2178 3636 2378 3707 (Tacit.

1380 3716 1512 3765 Uist.
1534 3716 1583 3779 1,
1606 3713 1702 3781 36,
1731 3713 1998 3766 Tribunos
2021 3726 2074 3765 ct
2098 3717 2380 3770 Centurio-

1378 3812 1473 3847 nes
1484 3795 1782 3867 praepositos
1796 3794 1949 3858 diem
1965 3814 2062 3847 nos
2071 3834 2088 3862 ,
2107 3794 2350 3871 officiet-s)
2361 3824 2382 3861 ,-

1375 3888 1732 3947 procuratores
1743 3874 1924 3927 fiscum
1935 3876 2188 3946 Principis
2199 3879 2252 3928 in
2263 3898 2384 3949 pro·

1380 3956 1564 4008 vinciis
1601 3955 1888 4007 curabant=
1936 3954 2058 4006 vide
2095 3955 2161 4007 ad
2193 3956 2378 4012 OEaud.

1390 4051 1468 4087 ¹2.
1516 4036 1763 4089 Ceterum
1804 4036 1970 4085 Tacit.
2005 4033 2196 4086 Annal.
2236 4038 2284 4103 1,
2320 4039 2384 4105 6,

1387 4136 1410 4161 ι
1425 4115 1660 4171 Tardum
1683 4114 1862 4169 Galbae
1885 4116 1987 4167 iter
2005 4126 2056 4167 et
2075 4128 2347 4173 cruentum
2359 4154 2380 4184 ,
