3050 5004
1208 486 1486 552 NERO.
2261 486 2391 553 235

393 622 568 686 LIII.
605 614 859 686 Habuit
891 634 962 684 et
998 615 1352 710 pingendi,
1397 613 1831 711 fingendique
1862 619 2152 683 maxime
2174 628 2185 653 ¹
2208 669 2225 700 ,
2257 624 2399 683 non

303 730 640 799 mediocre
667 726 992 797 studium.
1017 732 1318 797 Maxima
1339 746 1565 797 autem
1595 727 2047 820 popularitate
2076 728 2397 796 effereba-

304 860 442 924 tur,
481 844 792 910 omnium
823 840 1143 923 aemuluS‚
1170 843 1286 935 qui
1330 862 1607 935 quoquo
1644 838 1849 907 modo
1875 842 2179 907 animum
2210 838 2400 931 vulgi

303 968 675 1021 moverent.
717 954 892 1021 Exiit
929 955 1236 1044 opini02,
1261 968 1417 1044 post
1445 953 1743 1019 scenicas
1776 970 2061 1018 coronas
2087 954 2397 1043 proximo

300 1063 516 1131 lustro
540 1062 1032 1131 descensurum
1057 1086 1212 1131 eum
1236 1062 1324 1129 ad
1347 1062 1663 1157 Olympia
1692 1065 1867 1129 inter
1888 1061 2197 1129 athletas.
2226 1066 2401 1129 Nam

301 1194 364 1243 et
386 1174 774 1243 luctabatur
804 1172 1108 1242 assidue:
1139 1198 1266 1241 nec
1297 1172 1494 1242 aliter
1523 1176 1891 1241 certamina
1921 1176 2236 1266 gymnica
2258 1186 2399 1239 tom

301 1288 560 1354 Graecia
583 1300 1033 1379 spectaverat,
1071 1284 1278 1381 quam
1309 1285 1791 1353 brabeutarum
1825 1306 2016 1352 more
2032 1285 2070 1332 3·
2088 1287 2159 1351 in
2190 1282 2403 1352 stadio

301 1396 490 1465 humi
518 1395 824 1465 assidens
845 1449 862 1479 ‚
896 1420 1008 1479 ac,
1046 1398 1104 1464 si
1139 1421 1276 1490 qua
1308 1399 1497 1489 paria
1527 1397 1794 1488 longius
1825 1398 2290 1478 recessissent,
2331 1397 2401 1463 in

301 1506 601 1577 medium
647 1506 960 1575 manibus
1003 1508 1142 1575 suis
1187 1506 1609 1598 protrahens.
1658 1509 2120 1573 Destinaverat
2173 1508 2399 1586 etiam,

303 1619 456 1711 quia
490 1615 873 1708 Apollinem
901 1633 1136 1698 cantu,
1173 1615 1395 1683 Solem
1422 1616 1799 1708 aurigando
1826 1620 2244 1711 aequiparare
2272 1618 2423 1682 exi-⁶

304 1730 707 1811 sumeretur,
730 1728 979 1794 imitari
1001 1743 1070 1794 et
1087 1727 1396 1795 Herculis
1418 1728 1627 1811 facta3
1651 1744 2247 1821 praeparatumque
2264 1726 2405 1794 leo-

307 1862 458 1907 nem
490 1842 712 1922 aiunt,
749 1862 951 1934 quem
981 1838 1089 1906 vel
1118 1839 1338 1921 clava,
1374 1838 1480 1907 vel
1521 1838 1951 1909 brachiorum
1986 1840 2303 1921 nexibus,
2334 1841 2403 1903 in

313 1947 800 2042 Amphitheatri
827 1973 1070 2031 arena,
1099 1964 1446 2041 spectante
1475 1950 1764 2044 populo,
1798 1950 2025 2019 nudus
2053 1948 2352 2017 elideret.

397 2064 568 2127 LIV.
621 2060 760 2130 Sub
788 2064 972 2128 exitu
995 2060 1270 2155 quidem
1293 2064 1450 2128 vitae
1472 2060 1699 2154 palam
1724 2078 2031 2145 voverat,
2057 2063 2113 2128 si
2143 2060 2267 2127 sibi
2301 2062 2405 2125 in-

309 2171 582 2241 columis
625 2188 840 2241 status
875 2176 1394 2265 permansisset¹
1414 2226 1432 2257 ‚
1479 2172 1910 2267 proditurum
1948 2192 2021 2240 se
2062 2184 2273 2265 partae
2314 2173 2409 2239 vi-

310 2284 528 2349 ctoriae
557 2280 738 2350 ludis
763 2286 962 2351 etiam
992 2281 1397 2377 hydraulam
1413 2299 1438 2331 ²
1456 2335 1474 2366 ‚
1507 2298 1576 2351 et
1603 2282 2029 2364 choraulam,
2062 2299 2131 2349 et
2155 2284 2411 2348 utricu-

311 2390 546 2459 larium
561 2444 592 2485 ‚l
611 2416 693 2460 ac
715 2394 1085 2461 novissimo
1109 2392 1218 2460 die
1241 2392 1635 2461 histrionem
1655 2393 2240 2487 ,saltaturumque
2262 2394 2409 2459 Vir-

309 2598 519 2664 tentias,
555 2597 876 2664 versiculos,
906 2612 1086 2669 partes
1119 2601 1310 2651 carmi-

309 2677 386 2728 nis
413 2679 623 2743 refero,
659 2677 806 2730 aliud
841 2676 1124 2730 discrimen
1152 2680 1312 2749 iguo-

309 2773 440 2808 rans.
460 2759 696 2810 Junctim
717 2755 964 2828 leguntur
975 2755 1146 2812 deleta
1163 2769 1216 2810 et
1231 2759 1310 2810 in·

308 2839 458 2892 dueta
481 2840 642 2890 etiam
673 2837 820 2909 apud
846 2837 1060 2910 Ulpian.
1089 2840 1144 2890 in
1172 2841 1310 2892 Pan-

306 2916 440 2970 dect.
465 2918 712 2984 XXVIII,
736 2917 798 2984 4.,
827 2933 874 2970 ι.
899 2920 1208 2971 Tacuerunt
1229 2935 1310 2972 re·

307 2995 436 3064 liqui
464 3001 802 3068 interpretes.

370 3077 498 3127 Lm.
521 3093 536 3126 ι
552 3113 564 3124 .
583 3075 938 3149 Finqendique
949 3076 1195 3128 maxime.
1207 3077 1312 3128 De-

306 3150 518 3206 lendum
552 3167 734 3206 censet
763 3154 994 3206 maxime
1024 3165 1148 3225 post
1179 3153 1311 3206 alios

307 3233 552 3286 wolfius.
581 3231 719 3284 Mihi
749 3251 901 3286 secus
928 3231 1155 3286 videtur.
1179 3233 1310 3286 Gal-

305 3312 402 3366 lice
429 3314 707 3368 efferrem:
739 3312 797 3365 11
817 3323 910 3364 eut
930 3312 1065 3367 aussi
1090 3331 1230 3385 pour
1255 3313 1312 3366 la

301 3395 568 3464 peinmre,
602 3402 656 3444 et
681 3403 886 3445 sartout
917 3409 1056 3462 pour
1085 3391 1140 3444 la
1170 3391 1313 3444 scul-

302 3483 454 3543 pture
471 3469 725 3543 (proprio
739 3468 1002 3522 vocabulo
1008 3468 1217 3545 finyere
1231 3469 1314 3522 di-

309 3551 472 3604 cimus
501 3549 798 3620 modeler)‚
831 3568 905 3602 un
927 3553 1062 3624 901ss
1087 3550 1310 3622 tres-vifi

305 3629 442 3682 Perit
461 3631 602 3681 enim
615 3667 633 3696 ,
655 3628 800 3699 qnod
821 3642 1009 3680 auctor
1026 3627 1182 3695 dicit,
1203 3643 1314 3700 pm

307 3707 517 3781 reliquis
547 3705 754 3762 artibus
776 3708 1040 3780 plasticen
1067 3727 1190 3762 eum
1213 3722 1316 3762 tra-

309 3801 504 3856 ctasse,
531 3792 732 3842 omisso
760 3789 1041 3843 vocabulo.
1067 3773 1314 3844 Cetei-'um

309 3865 407 3921 hoc
423 3882 688 3940 punctum
711 3887 830 3920 cum
850 3871 1118 3940 superiori
1135 3871 1314 3942 eapite

311 3948 740 4020 conjungendum
758 3961 921 4021 puto,
941 3961 999 4002 et
1015 3968 1214 4002 novum
1239 3953 1315 4002 in·

311 4026 634 4096 cipiendume
653 4027 891 4079 Maxime
907 4037 1084 4080 autem
1096 4067 1114 4094 ,
1135 4041 1236 4081 etc.
1257 4041 1314 4080 ut

313 4118 386 4156 est
407 4107 461 4157 in
487 4106 668 4158 multis
689 4123 792 4177 pro
815 4107 1070 4160 Maxt'ma.

383 4201 428 4236 α.
469 4186 618 4239 Exiit
647 4187 826 4258 opinio
845 4208 862 4250 ‚-
895 4187 1034 4240 fama
1055 4225 1071 4253 ‚
1106 4200 1163 4239 ut
1197 4188 1316 4257 ορί-

1401 2601 1546 2664 nari,
1574 2599 1792 2664 sentire,
1830 2596 2115 2649 existimare
2154 2590 2295 2665 saepe
2331 2594 2409 2646 di-

1400 2690 1595 2730 cuntur
1637 2693 1735 2748 pro
1779 2675 2090 2728 sententiam
2134 2672 2370 2744 proferre
2386 2710 2405 2737 ,

1399 2757 1582 2810 dicere.

1471 2835 1522 2889 3.
1540 2838 1707 2908 Quam
1722 2835 2084 2887 brabeutarum
2095 2849 2238 2883 more
2246 2853 2266 2893 ,·
2282 2829 2411 2896 eui-yu-

1400 2918 1605 2972 υοθιτὸν
1630 2919 1683 2970 in
1712 2916 1851 2970 ludis
1874 2916 2147 2988 gymnicis.

1469 2999 1599 3051 LIV.
1626 3015 1673 3049 1.
1692 2996 1831 3049 San...
1852 2994 2228 3067 permansisset.
2250 2991 2411 3044 Recte

1400 3075 1454 3128 h.
1475 3074 1510 3127 Ι.
1527 3077 1813 3147 plusquam
1827 3074 2140 3146 perfectum,
2158 3071 2413 3143 quoniam

1399 3158 1627 3209 refertur
1640 3156 1709 3208 ad
1718 3155 2049 3227 proditurum
2058 3189 2075 3218 ‚
2092 3163 2145 3204 et
2159 3148 2413 3223 praecedit

1399 3246 1623 3289 voverat.
1670 3235 1815 3287 Alias
1856 3233 2227 3304 imperfectum
2268 3229 2411 3281 bene

1399 3312 1618 3367 defendi
1640 3331 1826 3384 posse,
1856 3310 2189 3364 ostendimus
2212 3307 2283 3361 ad
2306 3307 2415 3360 Ca-

1397 3393 1488 3466 lig.
1517 3413 1639 3464 cap.
1672 3393 1725 3444 3.
1918 3393 1927 3400 “

1473 3491 1524 3525 2.
1540 3471 1893 3543 Hydraulam.
1907 3469 2041 3522 Vide
2056 3487 2239 3538 supra,
2254 3485 2303 3519 c.
2320 3466 2381 3533 41
2395 3506 2407 3517 .

1405 3549 1681 3604 Chen-aule
1702 3549 1831 3602 dicti
1859 3568 2069 3612 omnes,
2096 3549 2186 3620 qui
2213 3547 2412 3599 saltan-

1403 3630 1545 3684 tibus
1578 3631 1921 3704 pantomimis
1958 3627 2274 3681 accinebant
2306 3625 2407 3696 (cf.

1401 3711 1580 3782 Argol.
1608 3709 1675 3762 ad
1693 3709 1908 3763 Panvin.
1932 3707 1999 3760 de
2020 3706 2155 3759 Lud.
2174 3705 2313 3758 Circ.
2334 3707 2383 3757 11
2390 3743 2409 3772 ‚

1401 3789 1561 3844 Thes.
1596 3789 1765 3842 Groev.
1796 3803 1923 3842 tom.
1957 3789 2060 3853 IX,
2090 3805 2217 3859 pag.
2254 3784 2409 3855 406).

1409 3866 1718 3923 Utriculatii
1735 3909 1755 3937 ‚
1796 3868 1995 3922 Graecis
2032 3865 2263 3918 domae·
2302 3864 2410 3916 sive

1404 3948 1649 4003 εἶσκιιῧλαι
1684 3947 1833 4019 (vide
1864 3946 2089 4000 Martial.
2120 3947 2296 4017 Epigr.
2336 3944 2411 4010 X,

1405 4029 1468 4094 3,
1501 4031 1568 4094 8,
1606 4029 1783 4080 Canus
1816 4025 2111 4095 ascaules),
2149 4037 2291 4074 utres
2326 4024 2411 4073 in·-

1405 4107 1621 4160 flabaut.
1651 4107 1807 4158 Conf.
1837 4107 2115 4176 Bulenger.
2138 4103 2207 4158 de
2231 4101 2413 4155 Thea„

1407 4199 1488 4240 tro
1505 4225 1523 4255 ,
1552 4189 1629 4253 11,
1660 4186 1743 4240 35.
