3050 5004
630 461 765 528 250
1378 457 1450 520 C.
1503 455 1973 523 SUETONII

626 585 941 658 essedum
965 586 1393 678 Imperatoris
1416 607 1540 676 per
1561 585 1796 675 viginti
1812 605 2138 676 passuum
2159 582 2368 650 millia
2393 586 2714 654 cucurrit.

717 703 867 766 VII.
918 696 1116 765 Caede
1142 699 1281 764 Caii
1306 697 1656 778 nunciata,
1685 695 1914 762 multis
1937 693 2025 762 ad
2047 697 2468 763 occasionem
2487 699 2718 764 stimu-

621 789 921 876 lantibus
937 859 955 888 ‚
986 809 1283 901 quietem
1304 803 1626 899 praetulit.
1658 811 1784 872 Per
1805 803 1936 872 hoc
1959 806 2377 897 gratissimus
2399 804 2716 890 Claudio,

624 935 1073 1012 receptusque
1096 903 1167 986 in
1186 915 1529 984 cohortem
1552 917 1947 997 amicorum,
1965 930 2166 984 tantae
2189 913 2591 1006 dignationis
2613 931 2721 984 est

626 1027 895 1096 habitus
916 1079 933 1108 ,
954 1044 1064 1111 ut,
1089 1052 1303 1122 quum
1330 1026 1552 1094 subita
1574 1029 1636 1094 ei
1653 1025 1968 1096 valetudo
1986 1079 2002 1108 ,
2029 1049 2252 1119 neque
2273 1024 2444 1093 adeo
2463 1027 2680 1118 gravis
2697 1075 2716 1106 ,

626 1140 1001 1221 incidisset,
1028 1140 1273 1222 dilatus
1306 1143 1392 1207 sit
1424 1137 1864 1231 expeditionis
1897 1140 2288 1206 Britannica-e
2309 1148 2324 1176 ¹
2361 1137 2528 1205 dies.
2555 1138 2720 1205 Afri·

626 1277 775 1319 cam
814 1250 1220 1319 Proconsule
1254 1250 1523 1317 biennio
1563 1250 1920 1333 obtinuit2,
1957 1265 2144 1316 extra
2185 1266 2436 1317 sortem
2465 1248 2718 1316 electus

628 1362 717 1430 ad
755 1360 1198 1429 ordinandam
1234 1363 1680 1455 provinciam,
1733 1378 1801 1429 et
1839 1363 2155 1429 intestina
2196 1360 2610 1429 dissensione
2649 1376 2720 1427 et

626 1471 1071 1539 barbarorum
1100 1471 1394 1538 tumultu
1420 1474 1828 1566 inquietam:
1856 1470 2321 1564 ordinavitque
2348 1493 2594 1564 magna
2621 1493 2720 1537 se-

626 1586 921 1650 veritatis
956 1607 1035 1650 ac
1060 1581 1337 1676 justitiae
1372 1606 1565 1667 cura,
1593 1586 1790 1650 etiam
1814 1586 1885 1650 in
1908 1581 2206 1675 parvulis
2231 1581 2458 1649 rebuS.
2487 1580 2716 1666 Militi,

628 1695 745 1788 qui
768 1717 891 1786 per
915 1691 1406 1784 expeditionem
1431 1696 1762 1760 artissima
1784 1715 2056 1777 annona
2075 1690 2422 1759 residuum
2449 1691 2724 1758 cibario-

627 1827 782 1870 rum
803 1805 1003 1870 tritlci
1026 1801 1328 1870 modium
1354 1819 1628 1870 centum
1664 1801 1956 1870 denariis
1987 1799 2369 1870 vendidisse
2399 1800 2723 1892 argueba-

628 1929 766 1997 tur,
806 1917 1051 1995 vetuit,
1088 1912 1287 1979 simul
1321 1927 1525 2007 atque
1573 1911 1871 2004 indigere
1908 1913 2058 1980 cibo
2101 1914 2441 2004 coepisset,
2476 1935 2516 1978 a
2553 1933 2723 2005 quo-

630 2047 834 2118 quam
860 2048 1060 2116 opem
1082 2023 1271 2090 ferri-z
1310 2041 1378 2091 et
1400 2027 1453 2091 is
1478 2025 1655 2091 fame
1679 2025 1997 2091 extabuit.
2028 2032 2112 2093 At
2133 2027 2202 2090 in
2220 2021 2374 2116 jure
2396 2021 2719 2104 dicende,

630 2159 843 2228 quum
872 2133 955 2201 de
988 2138 1395 2226 proprietate
1425 2131 1716 2226 jumenti
1749 2151 2164 2229 quaereretur
2183 2187 2200 2217 ‚
2227 2132 2486 2200 levibus
2509 2134 2724 2199 utrin-

630 2268 763 2339 que
800 2247 1212 2336 argumentis
1255 2260 1323 2312 et
1362 2245 1665 2327 testibuS‚
1715 2242 2001 2339 ideoque
2043 2243 2296 2311 difficili
2331 2239 2724 2334 conjectura

628 2359 921 2423 veritatis
942 2409 959 2439 ‚
985 2359 1076 2424 ita
1098 2355 1394 2424 decrevit
1408 2409 1425 2440 ,
1450 2373 1528 2424 ut
1549 2356 1634 2424 ad
1659 2355 1885 2423 lacum
1907 2409 1924 2439 ‚
1945 2354 2060 2422 ubi
2089 2355 2411 2449 adaquari
2437 2352 2720 2436 solebat,

622 2465 989 2535 duceretur
1038 2469 1252 2561 capite
1288 2467 1624 2551 involuto,
1669 2484 1874 2563 atque
1921 2465 2171 2535 ibidem
2208 2464 2534 2549 revelato,
2573 2461 2722 2557 ejus

625 2596 831 2659 esset,
862 2578 949 2647 ad
973 2605 1178 2674 quem
1200 2597 1437 2674 sponte
1462 2604 1534 2648 se
1558 2607 1599 2647 a
1621 2596 1788 2675 potu
1813 2583 2194 2673 recepisset.

718 2692 901 2755 v111.
954 2689 1058 2756 Ob
1100 2714 1240 2776 res,
1283 2708 1350 2759 et
1387 2708 1548 2758 tunc
1579 2694 1650 2757 in
1689 2690 1939 2773 Africa,
1980 2708 2046 2757 et
2073 2690 2234 2757 olim
2259 2692 2326 2756 in
2364 2691 2726 2757 Germania

544 2884 547 2891 Ι
628 2813 879 2889 gestas,
922 2817 1320 2867 ornamenta
1350 2799 1786 2891 triumphalia
1825 2803 2115 2893 accepit,
2167 2815 2236 2866 et
2274 2798 2726 2869 sacerdotium

628 2904 905 2999 triplex,
948 2910 1124 2976 inter
1168 2906 1784 2995 Quindecimviros¹
1840 2908 2240 3005 sodalesque
2279 2910 2513 2991 TitiOS,
2560 2910 2727 2974 item

631 3109 772 3163 tibus
796 3112 1005 3183 praeire,
1032 3125 1435 3182 praemonstrare
1454 3127 1632 3167 motus
1721 3116 1826 3169 fert
1844 3114 2060 3187 Pighius
2073 3152 2090 3181 ‚
2107 3114 2246 3165 Anu.
2269 3128 2396 3167 tom.
2412 3115 2508 3179 111,
2525 3130 2582 3184 p.
2599 3110 2724 3182 575.

630 3209 843 3257 omna,
878 3205 1029 3243 scuto
1059 3191 1399 3261 decurrentes
1434 3211 1632 3262 regere.
1792 3196 1924 3247 vm.
1971 3188 2014 3245 ι’.
2059 3191 2516 3263 Quindecimvt'ros.
2543 3189 2628 3242 Cf.
2655 3190 2728 3243 ad

629 3270 712 3321 Cf.
740 3269 807 3321 ad
832 3271 1031 3323 Neron.
1061 3290 1180 3343 cap.
1204 3289 1253 3341 7.
1274 3300 1345 3311 -
1360 3268 1543 3325 Etiam
1565 3273 1636 3325 ad
1722 3270 1851 3323 Caes.
1880 3290 1964 3342 79.
1989 3302 2060 3313 —
2083 3274 2162 3322 De
2181 3269 2439 3323 sodalibus
2463 3270 2613 3321 Titiis
2631 3271 2730 3321 Ta·

629 3350 854 3401 essedum
872 3388 885 3400 .
902 3385 915 3401 .
936 3388 948 3400 .
964 3352 1211 3403 cucurrit.
1250 3350 1383 3403 Vide
1410 3365 1522 3404 not.
1569 3351 1636 3405 ad
1725 3354 1812 3404 cit.
1829 3351 2022 3403 Annal.
2042 3354 2092 3415 1,
2117 3350 2212 3417 54,
2239 3372 2260 3395 ι
2275 3350 2422 3402 Idem
2443 3366 2613 3401 annus
2633 3367 2730 3401 no·

630 3426 795 3495 Calig.
826 3428 909 3481 26.
1725 3450 1816 3485 vas
1841 3432 2154 3483 cerimonias
2178 3430 2412 3499 accepit,
2437 3426 2616 3481 addito
2641 3446 2730 3480 so·

702 3510 815 3559 Vll.
846 3526 863 3559 1
878 3548 890 3559 .
916 3509 1278 3581 Expeditiom's
1296 3510 1634 3563 Britanm’coe.
1724 3510 2306 3579 daliumAugustalium
2323 3508 2650 3568 sacen-doum
2669 3520 2732 3561 ut

632 3583 765 3637 Vide
786 3585 976 3639 Claud.
1004 3604 1086 3656 ¹7·
1726 3587 1996 3661 quondam
2025 3589 2084 3640 T.
2120 3588 2299 3641 Tatius
2321 3586 2610 3643 retinendis
2631 3586 2730 3638 Sa-

706 3683 753 3717 2.
794 3666 1037 3738 Africam
1056 3706 1069 3719 .
1088 3706 1102 3721 .
1120 3706 1133 3719 .
1153 3705 1167 3719 .
1184 3668 1426 3723 obtinuit.
1464 3670 1632 3721 Tacit.
1725 3668 1972 3721 binorum
1993 3669 2157 3721 sacris
2180 3665 2378 3719 sodales
2401 3666 2564 3717 Titios
2583 3664 2730 3715 insti-

632 3745 766 3795 Hist.
790 3748 837 3811 1,
866 3746 963 3815 49,
990 3769 1011 3793 α
1027 3750 1127 3799 Pro
1152 3747 1382 3799 Consule
1398 3748 1635 3799 Africam
1725 3760 1890 3801 tuerat
1899 3771 1915 3809 ,-
1933 3771 1955 3796 ο
1987 3750 2265 3801 immemor
2289 3749 2397 3813 sui,
2427 3744 2510 3799 vel
2535 3743 2728 3809 alium,

630 3821 910 3876 moderate
924 3863 934 3873 .
954 3865 967 3877 .
986 3864 1001 3877 .
1016 3866 1029 3877 .
1049 3828 1328 3877 continuit.
1350 3848 1371 3873 ι
1398 3825 1482 3875 Cf.
1508 3825 1632 3876 Plu·
1721 3842 1782 3880 ut
1803 3828 2028 3895 videtur,
2055 3840 2326 3881 auctorem
2352 3838 2566 3879 secutus
2589 3825 2728 3877 Hist-

634 3902 802 3957 tarch.
832 3906 987 3959 Galb.
1016 3908 1068 3959 3.
1098 3908 1177 3959 De
1203 3907 1374 3957 forma
1398 3906 1636 3958 Procon-
1723 3907 1798 3971 11,
1826 3908 1922 3976 95,
1949 3906 2071 3973 ubi,
2111 3928 2138 3953 ι
2155 3904 2524 3975 Augustalium
2551 3920 2732 3955 sacer·

635 3985 743 4039 sule
759 3986 877 4040 vide
894 4000 1004 4041 not.
1024 3986 1093 4040 acl
1108 3988 1237 4041 Coes.
1260 3986 1346 4052 54.
1367 3984 1449 4037 Ad
1462 3987 1536 4037 Μ.
1553 3987 1638 4036 Vi·
1726 3986 1932 4039 dotium
1945 4026 1962 4053 ‚
1983 4000 2044 4039 ut
2061 3984 2307 4039 Romulus
2331 3984 2483 4035 Tatio
2508 3984 2635 4055 regi,
2655 3982 2731 4034 ita

635 4066 833 4117 nicium
850 4068 897 4117 11
912 4081 967 4119 et
978 4068 1050 4118 M.
1066 4065 1329 4120 Statilium
1347 4066 1638 4117 Corvinum
1727 4067 1900 4119 Caesar
1926 4066 2172 4118 Tiberius
2194 4062 2346 4117 Juliae
2372 4064 2520 4135 genti
2545 4078 2730 4115 sacra·

640 4143 789 4213 (ann.
820 4146 953 4219 798)
974 4144 1411 4219 proconsulatum
1428 4149 1544 4217 ejus
1563 4164 1639 4198 re·
1728 4147 1820 4198 vit.
1835 4168 1858 4193 a
1887 4145 1972 4198 Cf.
1994 4145 2177 4197 Rosin.
2196 4145 2318 4195 Ant.
2343 4144 2495 4197 Rom.
2521 4142 2621 4208 m,
2645 4140 2728 4207 ¹4·
