3050 5004
1178 513 1450 579 NERO.
2224 538 2357 603 ²09

277 635 678 733 portendere
699 636 904 731 vulgo
924 652 1234 730 putatur,
1258 660 1380 731 per
1407 640 1765 705 continuas
1794 654 2025 706 noctes
2052 642 2211 707 oriri
2239 666 2362 709 coe-

273 763 486 842 perat.
514 750 770 815 Anxius
799 770 878 813 ea
903 771 1008 831 re,
1033 762 1110 815 ut
1134 770 1222 814 ex
1245 744 1474 815 Babilo
1500 745 1839 839 astrologo
1859 745 2122 832 didicit,
2146 749 2363 819 solere

277 882 465 952 reges
502 858 664 926 talia
697 872 962 926 ostenta
997 856 1182 925 oaede
1213 856 1440 951 aliqua
1471 856 1716 925 illustri
1750 861 2051 951 expiare,
2086 876 2291 955 atque
2328 889 2367 929 a

277 988 491 1039 semet
523 974 596 1038 in
623 972 846 1063 capita
875 993 1236 1063 procerum
1273 967 1648 1061 depellere;
1682 968 2096 1039 nobilissimo
2127 976 2371 1070 cuique

276 1084 556 1149 exitium
587 1079 968 1149 destinavit.
1002 1082 1361 1147 Enimvero
1391 1080 1609 1149 multo
1637 1082 1883 1173 magia,
1918 1098 1987 1149 et
2021 1087 2215 1177 quasi
2250 1110 2373 1179 per

273 1192 526 1286 justam
547 1213 822 1259 causam
837 1242 855 1273 ,
871 1190 1133 1259 duabus
1156 1187 1734 1283 conjurationibus
1753 1192 2193 1288 provulgatis:
2222 1220 2376 1291 qua-

281 1328 429 1371 rum
445 1306 635 1397 prior
647 1298 999 1397 majorque
1013 1304 1422 1381 Pisoniana²‚
1443 1306 1700 1385 Romae3
1716 1306 2049 1395 posterior
2063 1356 2080 1387 ,
2091 1308 2379 1375 Vinicia-

279 1412 427 1497 na·’·,
453 1414 819 1481 Beneventi
841 1410 1130 1480 conflata
1154 1427 1358 1505 atque
1386 1410 1649 1479 detecta
1670 1430 1793 1479 est.
1818 1417 1955 1480 Con
1956 1411 2161 1506 jurati
2184 1440 2223 1484 e
2246 1420 2383 1487 vin·

281 1524 449 1593 culis
475 1524 845 1617 triplicium
863 1539 1260 1589 catenarum
1285 1522 1512 1589 dixere
1538 1546 1843 1590 causam:
1870 1548 2081 1618 quum
2107 1526 2381 1621 quidam

283 1638 538 1704 crimen
556 1634 737 1702 ultro
755 1634 1130 1701 faterentur
1143 1685 1160 1713 ‚
1173 1631 1486 1700 nonnulli
1510 1635 1711 1700 etiam
1734 1634 2181 1727 imputarent⁴
2194 1690 2213 1719 ,
2238 1654 2384 1705 tan-

285 1770 490 1841 quam
515 1744 712 1813 aliter
737 1743 996 1814 illinon
1021 1758 1330 1835 possent,
1366 1744 1497 1809 nisi
1530 1759 1779 1829 morte,
1813 1726 2239 1831 succurrere,
2271 1746 2384 1815 de-

287 1857 601 1925 decorato
619 1854 888 1949 flagitiis
905 1854 1240 1923 omnibus.
1263 1858 1757 1923 Damnatorum
1772 1854 1964 1923 liberi
1982 1856 2164 1925 Urbe
2178 1858 2385 1950 pulsi,

290 1969 642 2063 enectique
665 1990 929 2035 veneno
949 2018 967 2049 ,
994 1981 1114 2033 aut
1139 1966 1338 2033 fame.
1367 1969 1677 2051 Constat,
1709 1965 2039 2062 quosdam
2063 1991 2219 2036 cum
2248 1993 2386 2063 pae-

293 2077 568 2169 dagogis
606 2093 675 2143 et
705 2075 1062 2169 capsariis⁵
1101 2099 1240 2143 uno
1277 2073 1563 2169 prandio
1590 2079 1841 2169 pariter
1875 2096 2176 2163 necatos,
2218 2078 2385 2147 alios

291 2186 619 2257 diurnum
649 2189 902 2256 victum
933 2186 1306 2279 prohibitos
1333 2212 1657 2282 quaerere.
1690 2262 1695 2270 ⁸

383 2302 720 2366 XXXVII.
769 2296 1012 2365 Nullus
1036 2297 1318 2389 posthac
1340 2297 1679 2367 adhibitus
1704 2297 1987 2368 dilectus
2006 2320 2127 2369 aut
2144 2302 2386 2370 modus

297 2408 758 2491 interimendi,
787 2422 1229 2506 quoscunque
1259 2408 1592 2492 libuisset,
1621 2436 2027 2506 quacunque
2050 2410 2135 2479 de
2160 2438 2381 2480 causa.

298 2520 421 2588 Sed
453 2545 544 2588 ne
571 2518 658 2588 de
690 2519 1002 2613 pluribus
1039 2521 1326 2590 referam
1345 2571 1364 2603 ,
1398 2521 1775 2604 Salvidieno
1806 2521 2018 2590 Orfito
2048 2520 2387 2616 objectum

299 2649 422 2716 est,
455 2629 644 2727 quod
666 2631 978 2700 tabernas
1007 2647 1144 2700 tres
1168 2630 1253 2699 de
1277 2631 1480 2700 domo
1505 2657 1629 2700 sua
1653 2635 1825 2702 circa
1850 2637 2099 2701 Forum
2118 2637 2388 2702 civitati-

298 2783 362 2836 de
417 2785 590 2856 priori
643 2784 876 2856 intellige
929 2784 1116 2838 senec.
1172 2786 1298 2838 Nat.
1389 2785 1553 2838 dubio
1578 2805 1701 2838 cum
1723 2787 1894 2838 Taciti
1918 2783 2063 2838 libris
2085 2783 2391 2856 deperditis.

300 2863 492 2930 Quoest.
517 2864 644 2931 vn,
674 2879 734 2934 17
765 2877 820 2914 et
849 2879 944 2930 21,
965 2879 1018 2914 et
1039 2862 1298 2934 xiphilin.
1461 2865 1512 2931 4.
1551 2867 1907 2938 Imputat-nt,-
1935 2862 1989 2915 h.
2023 2884 2071 2916 e.
2102 2883 2203 2936 pro
2226 2863 2393 2916 bene-

299 2939 440 3008 LXI,
497 2943 596 3008 18,
645 2940 717 2993 ad
761 2959 920 3012 quem
967 2941 1072 2995 loe.
1118 2943 1301 2994 nescio

302 3043 366 3076 an
389 3024 639 3096 injuriam
673 3023 928 3076 Suetonio
955 3025 1150 3076 inferat
1180 3025 1303 3077 Rei-

303 3123 496 3158 marus.

371 3203 418 3238 2.
461 3185 700 3254 Quarum
739 3185 942 3256 prior...
983 3184 1267 3238 Pisoniana
1283 3205 1302 3244 ‚-

303 3267 360 3318 C.
383 3265 622 3330 Pisonis,
657 3281 778 3316 ann.
805 3265 936 3332 819,
959 3262 1025 3316 de
1053 3283 1156 3335 qua
1183 3263 1304 3316 vide

303 3344 468 3396 Tacit.
500 3341 694 3396 Annal.
720 3341 836 3406 XV,
857 3341 926 3408 48
953 3359 1066 3413 seq.

373 3422 422 3474 3.
461 3420 756 3486 Posterior,
777 3419 1073 3474 Viniciana.
1098 3419 1176 3470 De
1199 3418 1304 3471 hac

307 3500 431 3554 nihil
463 3512 693 3554 constat.
715 3500 916 3551 Locum
935 3501 1074 3550 enim
1097 3497 1305 3550 Plutar-

308 3579 422 3648 ehi,
453 3580 522 3632 de
554 3577 766 3632 Gan-ul.
797 3597 917 3649 cap.
951 3596 1020 3647 9,
1052 3595 1206 3649 quem
1241 3576 1308 3628 ad

307 3677 420 3712 eain
453 3659 618 3711 refert
646 3659 790 3728 Lipn.
820 3656 890 3708 ad
914 3657 1084 3708 Tacit.
1112 3653 1304 3708 Annal.

307 3738 426 3800 XV,
461 3736 560 3804 54,
590 3753 658 3788 eo
683 3753 792 3786 non
821 3737 1116 3806 pertinere,
1143 3750 1308 3804 quum

306 3819 483 3870 Roma
525 3817 604 3868 ibi
645 3817 843 3868 mentio
892 3815 1014 3880 fiat,
1055 3813 1308 3867 ostende-

307 3909 429 3950 runt
459 3899 744 3964 Bttmann.
774 3895 842 3947 ad
869 3895 1048 3948 locum
1083 3907 1222 3946 nost.
1259 3905 1312 3945 et

305 3979 512 4029 Ernest.
538 3975 608 4029 ad
624 3977 795 4029 Tacit.
819 3976 924 4028 loc.
950 3977 1037 4027 cit.
1065 3975 1188 4027 Non
1209 3991 1316 4032 mae

307 4059 388 4127 gis
407 4054 676 4109 Plutarchi
699 4055 1058 4108 narrationem
1077 4053 1142 4106 ad
1168 4053 1317 4106 Piso-

313 4135 526 4186 nianam
569 4133 988 4206 conjurationem
1029 4131 1314 4184 retulerim.

1391 2943 1512 2996 ficio
1527 2946 1865 3014 imputarent.
1882 2943 2051 2995 Tacit.
2070 2942 2259 2995 Annal.
2276 2945 2393 3009 XV,

1392 3025 1492 3090 68,
1523 3046 1546 3069 ιι
1562 3025 1860 3076 Proximum
1886 3025 2195 3075 constantiae
2220 3041 2392 3075 exem-

1391 3094 1539 3166 plum
1554 3095 1817 3167 Sulpicius
1827 3095 2253 3167 AsperCentnrio
2270 3113 2395 3166 pra·-

1390 3173 1507 3225 buit
1522 3212 1540 3240 ,
1564 3174 1937 3247 percunctanti
1956 3173 2155 3226 Neroni
2172 3211 2189 3238 ,
2210 3175 2319 3226 Cur
2340 3176 2391 3224 in

1393 3253 1589 3306 caedem
1624 3271 1773 3306 snam
1802 3253 2245 3324 conspiravisset,
2274 3251 2396 3305 bre-

1391 3335 1527 3385 viter
1574 3331 1903 3404 respondens
1918 3369 1936 3399 ,
1977 3349 2083 3384 vion
2124 3331 2283 3383 aliter
2322 3345 2398 3385 tot

1375 3412 1609 3491 flagitiis
1652 3415 1763 3484 ejus
1806 3411 2066 3464 subveniri
2106 3412 2345 3482 potuisse.
2368 3435 2391 3458 ιι

1387 3493 1564 3548 Ἄλλως
1610 3511 1679 3542 σοι
1718 3491 1961 3552 Rea-&fece
2002 3489 2088 3541 οὐκ
2131 3487 2360 3556 {Curatum
2378 3533 2393 3558 ,

1397 3575 1512 3643 ejus
1534 3571 1697 3626 verba
1708 3585 1831 3624 eunt
1848 3571 1995 3642 apud
2013 3570 2214 3642 xiphil.
2230 3573 2367 3624 an
2380 3610 2397 3634 ,

1401 3653 1492 3720 24,
1517 3651 1611 3702 ubi
1639 3651 1910 3706 Σουλπίκιος
1920 3650 2087 3719 'An-foe
2111 3650 2273 3702 homo
2299 3670 2398 3703 ιιι)-

1397 3734 1659 3798 minatnr,
1686 3732 1956 3802 scriptoris
1984 3730 2066 3782 vel
2100 3729 2297 3782 librarii
2316 3751 2401 3782 er-

1397 3829 1536 3862 rore.

1472 3893 1522 3944 5.
1558 3890 1633 3941 Et
1664 3888 1923 3961 capsan't's.
1956 3887 2217 3959 capsarii,
2256 3902 2315 3940 ut
2352 3901 2403 3940 et

1397 3970 1699 4042 poedaqoqi,
1723 3985 2009 4040 puerorum
2030 3965 2291 4018 nobilium
2315 3987 2406 4020 co-

1403 4049 1587 4116 mites,
1608 4045 1879 4118 capsulam
1904 4065 2025 4098 cum
2044 4044 2233 4098 libellis
2254 4046 2407 4099 defe-

1405 4127 1613 4180 rebant.
1634 4126 1876 4180 Juvenal.
1902 4126 2009 4178 Sat.
2034 4126 2112 4192 X,
2139 4143 2156 4178 t
2174 4143 2262 4195 ¹7²

315 4213 604 4266 Viniciana!
655 4211 946 4284 dnoeript‘to
997 4211 1153 4283 periit
1205 4211 1319 4263 sine
1409 4225 1543 4282 Quen
1558 4225 1741 4280 nequitur
1751 4233 1889 4267 custos
1900 4234 2079 4278 angusta·
2094 4223 2257 4268 vernula
2271 4229 2417 4282 eapse:

501 4303 576 4364 ΙΙ

2054 4303 2129 4380 ¹4
