3050 5004
1173 512 1502 575 GALBA.

2250 516 2377 597 245

301 658 432 729 que
466 660 508 702 a
534 632 804 703 Tiberio
831 638 1055 702 sortiri
1083 659 1262 703 anno
1307 659 1430 703 suo
1457 635 2042 795 proconsulatum,
2074 639 2379 707 volunta-

300 748 396 812 ria
417 761 636 811 morte
661 744 856 813 obiit·
841 753 921 812 ¹.⁰

389 862 504 925 lv.
555 860 734 926 Serv.
768 798 978 925 Galba
1008 861 1414 950 Imperator,
1443 864 1540 926 M.
1571 858 1836 926 Valerio
1864 860 2189 929 Messala¹
2210 868 2375 945 ,.Cn

297 966 583 1034 Lentulo
609 966 1042 1049 Consulibus,
1069 982 1270 1034 natus
1298 982 1430 1049 est,
1467 972 1561 1034 IX
1588 966 1922 1036 Kalendas
1950 916 2281 1052 Januarii,
2310 973 2381 1037 in

299 1076 457 1144 villa
491 1077 646 1145 colli
687 1080 1107 1171 superposita
1121 1085 1169 1160 ²,
1208 1100 1418 1170 prope
1455 1081 1917 1165 Terracinam,
1962 1082 2381 1149 sinistrorsus

297 1186 570 1255 Fundos
593 1188 998 1281 petentibus.
1027 1186 1400 1279 Adoptatus
1423 1212 1465 1254 a
1491 1211 1781 1274 noverca
1808 1213 1953 1273 sua,
1978 1194 2236 1259 Livium
2262 1215 2387 1259 no·-

299 1320 457 1364 men
471 1298 500 1345 3
528 1314 596 1365 et
621 1296 874 1366 Ocellae
896 1318 1272 1388 cognomen
1294 1300 1612 1365 assumsit
1626 1350 1643 1381 ,
1664 1314 1921 1367 mutato
1942 1304 2381 1392 praenomine.

302 1412 474 1475 Nam
502 1423 571 1475 et
599 1411 884 1476 Lucium
913 1431 1071 1476 mox
1100 1430 1226 1501 pro
1259 1408 1484 1475 Servio
1515 1431 1732 1502 usque
1762 1408 1850 1475 ad
1877 1425 2144 1504 tempus
2178 1413 2387 1504 impe-

302 1518 381 1585 rii
397 1520 768 1613 usurpavit.
797 1522 1095 1602 Constat,
1119 1522 1496 1609 Augustum
1522 1542 1735 1610 puero
1758 1518 2050 1606 adhuc4‚
2069 1520 2387 1590 salutanti

305 1684 410 1737 tici.
431 1684 590 1739 Conf.
615 1688 832 1742 Sueton.
857 1685 1050 1741 Illustr.
1067 1687 1300 1742 Gramm.

305 1782 420 1838 cap.
449 1783 502 1835 9.
541 1768 643 1819 Pro
673 1787 992 1841 qumquam
1017 1768 1085 1822 al.
1113 1786 1301 1841 quam,

307 1864 338 1897 e
361 1846 678 1918 compendio
703 1848 985 1901 scribendi.
1205 1918 1210 1923 ἡ

380 1940 460 1977 to.
504 1924 818 1979 Voluntaria
840 1937 1006 1979 morte
1028 1927 1169 1981 obiit.
1199 1928 1304 1979 Ta·

309 2002 393 2054 cit.
419 2004 612 2055 Annal.
635 2004 740 2072 v1,
773 2004 870 2071 4ο,
906 2004 976 2057 ad
1009 2024 1134 2057 ann.
1173 2005 1302 2073 789,

313 2084 406 2135 «G.
435 2082 604 2134 Galba
626 2084 911 2137 consularis
936 2098 988 2136 et
1016 2083 1124 2135 duo
1157 2083 1304 2136 Blaesi

307 2161 601 2213 voluntario
634 2164 775 2215 exitu
801 2162 1067 2225 cecidere;
1105 2162 1302 2229 Galba,

308 2239 536 2291 tristibus
553 2238 766 2292 Caesaris
790 2239 954 2293 literis
979 2239 1304 2311 provinciam

309 2320 478 2370 sortiri
497 2316 823 2389 prohibitus,
844 2332 946 2371 etc.
965 2342 986 2367 ι
1021 2318 1117 2369 ubi
1142 2336 1304 2389 quum

309 2396 589 2450 consularis
617 2396 857 2463 dicatur,
895 2400 1065 2449 verior
1097 2396 1306 2448 videtur

311 2480 564 2530 sententia
578 2496 780 2544 eorum,
793 2478 882 2550 qui
893 2496 1014 2530 ann.
1029 2478 1131 2547 775
1145 2476 1305 2541 hunc,

310 2571 416 2606 non
431 2569 630 2628 patrem
645 2557 1001 2628 Imperatoris,
1020 2555 1306 2610 Consulem

309 2635 470 2687 fuisse
493 2636 812 2688 existimant.

376 2718 462 2768 lv,
496 2733 543 2766 1.
583 2716 660 2765 M.
693 2715 903 2770 Valerio
921 2715 1176 2779 Messala5
1198 2718 1307 2769 sive

311 2793 625 2846 Messalino:
646 2793 764 2848 vide
789 2793 994 2851 elench.
1017 2795 1308 2848 Consulum

311 2885 430 2924 ante
442 2873 631 2925 Dionis
643 2871 764 2924 libr.
779 2871 885 2924 LV.
908 2873 1074 2925 Fuere
1091 2871 1148 2924 hi
1166 2876 1309 2927 Con-

312 2952 448 3004 sules
473 2971 597 3005 ann.
622 2952 717 3023 7⁵¹
739 2991 756 3019 ,
787 2971 942 3025 quem
967 2973 1090 3007 vere
1109 2973 1309 3010 annum

309 3032 484 3085 Galbae
496 3031 722 3086 natalem
735 3033 918 3098 fuisse,
926 3032 1139 3104 colligas
1151 3035 1310 3086 etiam

311 3127 370 3161 ex
387 3111 552 3162 Dion.
567 3110 705 3176 LVI,
727 3128 820 3180 29,
841 3110 932 3162 ubi
949 3111 1069 3162 Kal.
1089 3112 1306 3163 Januar.

313 3205 434 3240 ann.
473 3189 576 3259 767
611 3201 790 3260 togam
825 3189 1029 3242 virilem
1064 3191 1310 3244 sumsisse

310 3267 534 3331 dicitur,
586 3268 777 3340 quibus
813 3268 1076 3325 decimum
1107 3282 1310 3322 sextum

311 3346 440 3416 (non
462 3349 773 3417 septimum,
803 3362 862 3401 ut
889 3350 1112 3400 Reimar.
1135 3347 1202 3401 ad
1220 3349 1310 3400 xi-

309 3425 440 3498 phil.
461 3427 652 3492 Lxlv,
685 3426 822 3498 init.)
838 3427 951 3478 vitae
972 3445 1168 3478 annum
1189 3445 1309 3498 age-

309 3504 419 3558 bat.
431 3506 712 3577 Repugnat
724 3518 896 3559 antem
909 3503 1182 3557 oraculum
1191 3503 1312 3556 Del-

309 3585 526 3660 phicum
561 3585 780 3654 (Neron.
817 3585 940 3651 40),
971 3603 1076 3657 quo
1102 3594 1311 3655 septua-

308 3663 566 3737 gesimum
591 3664 796 3715 tertium
828 3681 1023 3715 annum
1051 3664 1193 3715 Nero
1223 3681 1310 3715 ca-

311 3759 432 3792 vere
467 3739 761 3810 jubebatur
776 3778 792 3807 ‚
849 3740 916 3793 ab
960 3739 1202 3796 omnihus
1244 3739 1310 3792 de

315 3818 480 3872 Galba
496 3819 819 3872 intellectum
831 3857 848 3886 ,
867 3821 956 3890 qui
971 3838 1112 3872 anno
1130 3821 1312 3872 mortis

315 3897 569 3964 Neronis,
587 3897 654 3950 ab
667 3897 808 3950 Urbe
824 3917 1014 3968 nempe
1031 3899 1095 3951 82
1107 3915 1126 3950 1
1144 3935 1160 3962 .,
1185 3917 1314 3949 non·

317 3978 414 4028 nisi
437 3980 881 4048 septuagesimum
902 3996 1056 4048 agere
1077 3989 1312 4050 poterat,

320 4070 468 4109 natus
481 4057 548 4127 75
559 4075 576 4108 ι
586 4095 603 4123 ,
617 4070 666 4109 et
678 4075 968 4110 consensus
979 4060 1313 4129 scriptorum,

323 4139 406 4208 qui
425 4139 574 4191 tertio
593 4149 644 4189 et
661 4137 1029 4212 septuagesimo
1047 4139 1208 4190 aetatis
1225 4155 1314 4188 an-

323 4233 388 4268 no
411 4235 532 4270 eum
559 4218 780 4289 periisse
802 4235 909 4271 uno
935 4235 1026 4271 ore
1052 4218 1315 4270 affirmant

1389 1682 1529 1756 (vide
1542 1687 1677 1741 infra
1688 1686 1754 1741 ad
1769 1708 1887 1762 cap.
1905 1689 2015 1761 23),
2032 1708 2194 1761 quum
2209 1702 2388 1741 tamen

1390 1784 1571 1819 mense
1598 1768 1851 1821 Januario
1882 1788 2004 1821 ann.
2040 1770 2139 1822 822
2174 1769 2392 1820 interfe-

1391 1858 1537 1897 ctum
1552 1864 1675 1897 eum
1690 1864 1804 1899 esse
1820 1858 2041 1898 constet.
2068 1842 2213 1896 Nihil
2228 1857 2392 1897 restat

1382 1923 1460 1998 'ad
1481 1924 1856 1980 removendam
1875 1923 2270 1989 difficultatem,
2290 1926 2401 1977 nisi

1391 2018 1450 2056 ut
1484 2003 1757 2057 oraculum
1789 2006 1963 2077 ipsum
1996 2002 2105 2069 vel,
2135 2003 2264 2055 dum
2298 2024 2393 2057 ore

1390 2080 1716 2149 tradebatur,
1741 2096 2072 2155 cor-mptum,
2090 2082 2173 2135 vel
2186 2082 2395 2135 violen-

1391 2174 1448 2214 ta
1464 2164 1901 2233 interpretatione
1924 2163 1991 2215 ad
2014 2161 2235 2221 Galbam
2256 2162 2393 2217 rela-

1391 2254 1506 2293 tum
1521 2280 1539 2307 ,
1559 2244 1893 2294 occasionem
1915 2242 2121 2295 dedisse
2146 2245 2308 2300 errori
2326 2241 2392 2293 de

1393 2323 1727 2392 septuaginta
1753 2322 1920 2374 tribus
1938 2324 2051 2373 vitae
2070 2324 2225 2375 annis
2251 2321 2397 2373 dica-

1392 2420 1528 2468 mus,
1544 2404 1598 2453 in
1614 2421 1725 2473 quo.
1736 2402 2035 2473 indagando
2048 2414 2098 2455 et
2110 2400 2392 2454 refutando

1392 2498 1593 2551 magnae
1617 2482 1777 2532 etiam
1796 2478 2071 2552 diligentiae
2086 2482 2360 2552 scriptores
2378 2520 2395 2548 ‚

1393 2572 1453 2612 ut
1489 2559 1771 2612 Suetonius
1786 2597 1803 2626 ‚
1838 2560 2064 2612 fortasse
2098 2579 2207 2630 prae
2234 2560 2391 2612 nimia

1394 2637 1649 2710 religione
1662 2637 1932 2690 elaborare
1944 2635 2223 2691 noluerint.
2244 2638 2396 2690 Cete-

1395 2737 1510 2770 rum
1528 2718 1594 2768 cf.
1614 2715 1857 2770 Oudend.
1880 2715 1948 2768 ad
1968 2714 2019 2766 h.
2037 2715 2075 2766 l.
2097 2729 2151 2768 et
2164 2716 2391 2769 Reimar.

1396 2797 1463 2849 ad
1485 2794 1685 2868 Xiphil.
1710 2796 1905 2859 LXIV,
1946 2811 1965 2846 1
1997 2808 2049 2846 et
2074 2795 2137 2860 6,
2172 2793 2265 2847 ubi
2290 2815 2391 2848 no—

1395 2876 1599 2929 biscum
1618 2877 1795 2928 facere
1818 2873 2039 2926 videtur.

1469 2975 1516 3008 2.
1544 2955 1889 3028 Super-posita.
1907 2952 1989 3005 Al.
2004 2955 2279 3027 supposita.
2297 2953 2397 3006 Eu·

1396 3033 1515 3088 dem
1544 3032 1801 3085 librorum
1839 3051 2015 3086 errore
2044 3035 2266 3102 August.
2296 3033 2359 3100 31
2377 3069 2395 3096 ,

1395 3117 1535 3167 Jano
1544 3114 1811 3186 supposuit
1821 3123 1931 3164 erat
1942 3131 2041 3182 pro
2055 3113 2395 3183 superposuit.

1468 3191 1520 3244 3.
1550 3192 1759 3244 livium
1780 3209 1989 3243 nomen.
2009 3193 2085 3241 Ita
2112 3189 2395 3255 edidimus,

1399 3271 1653 3342 quoniam
1679 3267 1809 3320 alter
1828 3267 1958 3322 Cod.
1985 3268 2189 3320 Liviam
2212 3269 2397 3320 vitiose

1399 3345 1627 3400 exbibet.
1656 3347 1737 3399 Al.
1760 3347 1935 3410 Livia,
1966 3344 2105 3417 quod
2129 3359 2269 3397 recte
2292 3347 2399 3399 Ou-

1401 3427 1560 3480 dend.
1586 3428 1746 3481 refert
1767 3425 1833 3478 ad
1852 3425 2231 3496 praecedentia,
2254 3447 2289 3481 a
2307 3445 2399 3482 no,-

1401 3527 1551 3560 verca
1572 3527 1689 3570 sua,
1727 3505 1975 3576 suppleto
2000 3504 2067 3561 ad
2093 3525 2289 3563 nomen
2315 3505 2399 3559 vel

1399 3587 1568 3650 Livii,
1596 3585 1675 3636 vel
1706 3585 1929 3636 Li'vi'um.
1960 3583 2041 3635 Al.
2072 3585 2240 3651 Livii,
2265 3599 2398 3656 puto

1399 3685 1464 3718 ex
1483 3663 1865 3717 emendatione.
1882 3692 1956 3702 —
1972 3665 2070 3714 Pro
2092 3663 2302 3733 Ocelloe,
2326 3664 2393 3717 al.

1405 3742 1656 3810 Ocellare,
1668 3743 1807 3815 quod
1822 3741 2116 3814 praeplacet.
2130 3741 2252 3793 Non
2262 3744 2400 3795 enim

1407 3820 1642 3874 Ocellam
1660 3859 1676 3886 ,
1692 3820 1783 3873 sed
1808 3815 2042 3876 Ocellam
2065 3823 2403 3890 cognomina-

1401 3913 1512 3952 tum
1543 3900 1811 3966 existimo,
1836 3911 1887 3950 et
1910 3897 2076 3950 facilis
2095 3900 2193 3949 fuit
2218 3899 2285 3950 ab
2306 3899 2401 3950 ad-

1396 3979 1593 4047 jectivo
1620 3973 1856 4029 Ocellare
1876 3974 1945 4026 ad
1957 3975 2241 4049 genitivum
2261 3975 2404 4027 Ocel-

1405 4057 1471 4142 loe
1493 4057 1689 4131 lapsus.

1475 4135 1525 4201 4.
1565 4135 1851 4206 Augustum
1883 4151 2044 4203 puero
2074 4130 2271 4199 adhuc,
2300 4146 2399 4186 etc.

1404 4215 1454 4268 Si
1464 4233 1629 4287 puero
1642 4213 1812 4267 adhuc
1826 4211 2163 4285 predictum,
2179 4213 2409 4286 Augusti
