3050 5004
656 499 744 567 36
1399 483 1472 544 C.
1523 471 1992 544 SUETONII

653 624 840 694 nanti
861 673 878 704 ,
917 613 1119 685 modo
1147 608 1234 678 ad
1267 600 1623 701 pluteum4
1648 597 1852 668 modo
1884 595 1970 664 ad
2008 593 2215 688 pedes
2246 608 2421 660 smre
2441 640 2459 670 ,
2490 589 2754 656 succin»

654 754 796 806 ctos
831 727 1078 801 linteo-'⁵
1101 779 1119 806 ‚
1153 743 1393 818 passus
1429 731 1565 786 est:
1598 713 1765 782 alios
1802 734 2018 806 quum
2050 707 2227 775 clam
2262 701 2749 778 interemisset,

653 851 857 918 citare
902 837 1113 908 nihilo
1154 836 1378 902 minus
1423 844 1501 896 ut
1540 829 1729 893 vivos
1770 821 2221 916 perseveravit
2241 869 2258 898 ‚
2300 835 2553 907 paucos
2595 821 2757 902 post

651 959 796 1026 dies
823 945 1198 1023 voluntaria
1224 955 1441 1010 morte
1468 937 1723 1031 perisse
1750 933 2098 998 mentitus.
2122 921 2558 1003 ConsulibuS‚
2590 915 2758 984 obli-

655 1074 740 1138 tis
769 1065 854 1135 de
890 1059 1096 1130 natali
1133 1079 1258 1126 suo
1295 1051 1558 1118 edicere
1578 1097 1595 1127 ,
1633 1041 1981 1132 abrogavit
2014 1028 2555 1130 magistratum⁶t
2595 1028 2757 1094 fuit-

659 1207 791 1280 que
814 1203 936 1273 per
963 1170 1262 1241 triduum
1287 1166 1429 1232 sine
1453 1179 1721 1226 summa
1748 1166 2077 1247 potestate
2104 1143 2531 1241 Respublica.
2555 1145 2757 1226 Quae-

660 1310 910 1363 storem
955 1308 1159 1354 suum
1203 1282 1275 1346 in
1325 1269 1791 1364 conjuratione
1845 1264 2269 1329 nominatum
2315 1268 2339 1308 ⁷
2356 1251 2717 1345 flagellavit
2739 1303 2759 1332 ,

657 1419 842 1474 veste
877 1398 1178 1466 detracta
1195 1445 1213 1474 ‚
1251 1381 1690 1478 subjectaque
1725 1372 2014 1442 militum
2046 1369 2331 1465 pedibus
2353 1419 2370 1448 ,
2402 1387 2539 1460 quo
2568 1361 2764 1428 firme

658 1509 1076 1586 verberaturi
1099 1503 1501 1570 insisterent.
1536 1485 1751 1559 Simili
1774 1482 2092 1575 superbia
2114 1479 2566 1569 violentiaque
2590 1487 2765 1539 cete-

661 1655 774 1699 ros
797 1622 1104 1694 tractavit
1121 1613 1412 1684 ordines,
1438 1603 1857 1698 Inquietatus
1881 1595 2153 1662 fremitu
2172 1592 2459 1684 gratuita
2480 1589 2551 1652 in
2569 1586 2765 1650 Circo

661 1745 809 1811 loca
830 1738 915 1806 de
938 1731 1160 1802 media
1176 1740 1372 1794 nocte
1397 1712 1879 1807 occupantium
1899 1753 1917 1790 ‚
1944 1730 2182 1774 omnes
2204 1701 2493 1772 fustibus
2518 1697 2762 1788 abegit.
2832 1663 2841 1668 “

664 1852 824 1920 Elisi
848 1871 972 1941 per
995 1863 1154 1911 eum
1177 1828 1545 1902 tumultum
1569 1820 1802 1913 viginti
1826 1815 2119 1909 amplius
2144 1816 2422 1909 Equites
2446 1805 2766 1882 Romani,

669 1959 943 2031 totidem
988 1967 1313 2020 matronae
1330 1996 1348 2024 ,
1397 1959 1603 2029 super
1646 1935 2077 1998 innumeram
2128 1923 2396 1992 turbam
2447 1933 2765 1986 ceteram.

665 2072 954 2144 Scenicis
989 2062 1166 2132 ludis
1185 2112 1202 2141 ‚
1237 2059 1410 2123 inter
1445 2044 1715 2141 plebem
1748 2055 1815 2107 et
1852 2041 2163 2134 Equitem
2206 2055 2482 2104 causam
2519 1987 2772 2094 discor-

666 2187 933 2256 diarum
974 2193 1204 2243 serens
1224 2219 1244 2251 ‚
1284 2162 1577 2231 decimas
1619 2153 1952 2220 maturius
1992 2144 2237 2216 dabat⁸
2261 2198 2279 2227 ‚
2322 2159 2401 2210 ut
2435 2137 2776 2234 equestria

669 2391 1060 2450 Diocletianum
1085 2378 1395 2452 profectus,
1435 2383 1601 2439 quum
1629 2362 1679 2414 ei
1766 2361 1897 2412 tium
1922 2356 2309 2416 Corbulonem,
2340 2347 2629 2402 suffectum
2656 2338 2775 2392 Kal.

673 2483 727 2532 in
754 2478 942 2529 itinere
971 2463 1318 2523 occurrisset,
1356 2464 1504 2505 tanta
1532 2449 1681 2498 inso-

675 2561 762 2612 leu
770 2558 834 2609 tia
850 2574 880 2606 a
889 2546 1223 2605 Diocletiano
1233 2540 1402 2591 fertur
1413 2538 1685 2599 exceptus,

681 2652 740 2691 ut
759 2654 856 2709 per
875 2630 1080 2703 aliquot
1099 2636 1346 2697 passuum
1371 2608 1547 2663 miilia
1566 2622 1689 2677 pur-

679 2725 893 2790 puratus
919 2704 1156 2759 tradatur
1177 2697 1250 2749 ad
1273 2685 1573 2745 vehiculum
1601 2700 1689 2734 cu-

686 2796 913 2848 currisse.
935 2810 957 2833 a
989 2782 1150 2835 Addit
1175 2788 1352 2829 autem
1377 2776 1605 2841 ωςαίος,
1629 2773 1692 2812 ut

688 2886 832 2926 recte
855 2874 1036 2918 monet
1057 2862 1417 2913 Burmannus,
1442 2861 1552 2916 quo
1575 2858 1694 2913 gra-

689 2956 806 3005 vior
837 2948 942 2998 hac
977 2952 1121 2993 veste
1163 2930 1396 2986 oneratis
1433 2934 1572 2978 esset
1606 2919 1693 2970 hic

693 3047 898 3087 cursus.
923 3026 1170 3075 Proeterea
1191 3014 1549 3065 irreverentem
1574 3016 1697 3069 erga

687 3112 944 3165 ‘Senatum
971 3094 1198 3152 ostendit
1214 3129 1230 3157 ‚
1257 3085 1404 3161 quod
1427 3094 1573 3134 veste
1596 3081 1698 3128 Ro-

697 3206 856 3243 mana
875 3180 1088 3235 indutos
1105 3168 1294 3227 servile
1315 3164 1553 3218 officium
1569 3176 1701 3230 proe·

699 3285 839 3325 stare
863 3264 962 3317 sibi
986 3256 1179 3326 coegit.

776 3366 828 3433 4.
877 3360 968 3413 Ad
999 3354 1273 3431 pluteum,
1313 3340 1547 3394 fulcrum
1582 3332 1702 3387 tori.

705 3446 790 3499 cf.
809 3445 1029 3509 interpr.
1057 3430 1123 3484 ad
1147 3432 1384 3496 Propert.
1409 3420 1498 3481 N,
1525 3415 1586 3481 8,
1609 3412 1710 3476 68,

741 3527 971 3591 Lygdnmus
983 3522 1036 3565 ad
1049 3516 1177 3576 plutei
1192 3512 1319 3556 fulcra
1333 3508 1499 3551 sinistra
1511 3502 1659 3544 latens.

782 3610 830 3663 5.
843 3603 1135 3661 succinctos
1150 3594 1328 3647 linteo.
1339 3586 1476 3640 Vide
1489 3586 1711 3651 interpr.

713 3690 781 3743 ad
803 3682 1003 3739 Phaedr.
1031 3680 1111 3743 11,
1140 3673 1200 3739 5,
1232 3690 1251 3724 ι
1269 3688 1323 3721 ¹:

818 3774 876 3816 Ex
893 3764 1112 3811 alticinctis
1127 3773 1232 3801 unus
1249 3752 1524 3800 Atriensibus‚

822 3836 900 3879 Cui
919 3829 1058 3875 tunica
1076 3823 1128 3865 ab
1146 3820 1330 3866 humeris
1347 3818 1475 3859 linteo
1492 3812 1653 3856 Pelusio

705 3924 714 3941 ι
820 3898 918 3941 Erat
934 3890 1138 3936 districts,
1157 3883 1274 3925 cirris
1290 3874 1630 3934 dependentibus.

716 3971 799 4024 Cf.
819 3972 1026 4021 Ferrar.
1051 3960 1119 4011 de
1141 3958 1218 4007 Re
1236 3950 1462 4002 vestiar.
1488 3945 1586 4009 111,
1610 3942 1661 4009 4.

787 4062 840 4115 6.
882 4054 1198 4114 Consulibus.
1215 4088 1226 4101 .
1242 4086 1254 4097 .
1272 4084 1284 4097 .
1311 4040 1583 4116 abroyavit
1605 4056 1721 4088 ma-

712 4144 1012 4217 gistratum;
1035 4150 1156 4186 ann.
1181 4142 1302 4198 79²·
1323 4120 1407 4173 Cf.
1427 4120 1559 4182 Dio,
1578 4116 1720 4181 th,

720 4236 805 4274 20.
843 4212 1098 4271 Consules
1136 4203 1372 4275 intellige
1397 4200 1494 4253 Cn.
1531 4197 1721 4249 Domi-

1769 2437 1875 2488 Jul.
1893 2436 2051 2509 (Dio,
2070 2452 2191 2505 cap.
2218 2429 2310 2500 ¹5)
2324 2466 2340 2494 ‚
2358 2439 2409 2478 et
2423 2423 2685 2491 collegam
2697 2419 2781 2468 in-

1774 2521 1908 2571 certi
1954 2518 2221 2575 nominis3
2260 2528 2387 2562 nam
2428 2501 2781 2575 Sanquinium

1774 2600 2094 2663 Maximum,
2134 2610 2293 2666 quem
2330 2590 2537 2639 Ernest.
2576 2578 2728 2633 addit
2756 2596 2787 2629 e

1774 2680 1934 2731 Dion.
1969 2694 2085 2749 cap.
2123 2674 2219 2737 13,
2248 2670 2397 2721 finito
2419 2662 2588 2737 priori
2616 2674 2793 2711 seme-,-

1731 2752 1737 2759 ⁸
1779 2760 1871 2809 stt-i
1914 2754 2170 2825 dignitate
2209 2745 2501 2801 decessisse
2536 2748 2787 2810 oportet:

1782 2838 1852 2889 ef.
1882 2835 2027 2904 Pigh.
2058 2846 2188 2884 tom.
2208 2830 2308 2887 111,
2334 2842 2459 2897 pag.
2487 2819 2607 2889 567.

1858 2934 1906 2986 7.
1951 2916 2261 2985 Quoestorem
2290 2920 2517 2959 svamm.
2531 2894 2795 2975 flagella·-

1788 2994 1877 3049 vit.
1898 2994 2082 3046 Seuec.
2104 2989 2171 3040 de
2191 2990 2302 3051 Ira,
2322 2984 2420 3046 III,
2443 2979 2533 3031 18:
2562 2997 2585 3021 ι
2604 2975 2663 3025 C.
2686 2974 2799 3025 Cae·

1789 3088 1878 3129 σοι·
1910 3075 2124 3126 Sextum
2158 3063 2474 3137 Papinium‚
2518 3055 2607 3107 cui
2644 3062 2803 3124 pater

1792 3169 1903 3209 erat
1944 3149 2240 3205 'consularis
2257 3139 2279 3210 '‚
2319 3137 2629 3194 Betilienum
2670 3132 2803 3182 Bas-

1794 3256 1944 3301 sum,
1970 3236 2299 3301 Quaestorem
2328 3238 2512 3282 suum,
2542 3228 2806 3284 procura-

1796 3317 1925 3369 toris
1946 3316 2027 3365 sui
2046 3310 2211 3362 filium
2224 3344 2241 3372 ,
2262 3302 2501 3372 aliosque
2520 3294 2807 3345 Senatores

1798 3409 1850 3449 et
1878 3396 2094 3467 Equites
2117 3392 2386 3443 Romanos
2402 3392 2565 3446 ‚uno
2595 3370 2681 3422 die
2707 3368 2809 3420 fla-

1800 3474 1950 3549 gellis
1972 3470 2195 3533 cecidit,
2220 3464 2372 3518 torsit
2387 3498 2404 3525 ‚
2428 3474 2539 3509 non
2564 3451 2813 3527 quaestio-

1802 3559 1911 3621 nis.,
1940 3552 2035 3607 sed
2060 3549 2222 3603 animi
2250 3558 2428 3596 causa.
2450 3560 2473 3585 ιι

1877 3632 1926 3685 8.
1965 3628 2205 3684 Decimus
2226 3619 2475 3674 maturius
2502 3612 2674 3665 dabat.
2703 3610 2812 3659 Pa-

1803 3727 1907 3779 tet,
1930 3709 2151 3763 decimas
2176 3703 2321 3755 dona
2347 3696 2511 3747 fuisse
2538 3685 2811 3761 quedam,

1806 3794 2031 3846 fortasse
2078 3779 2293 3836 missilia
2309 3816 2326 3843 ‚
2374 3771 2572 3846 quibus
2620 3764 2811 3818 allecta

1808 3870 1965 3945 plebs
1998 3868 2238 3917 Romana
2263 3857 2416 3908 locos
2452 3848 2519 3903 ad
2550 3840 2811 3917 rapienda

1809 3951 1899 4003 illa
1921 3946 2177 4008 idoneos,
2206 3937 2447 4006 adeoque
2472 3927 2622 3981 sedes
2651 3926 2813 3977 etiam

1808 4029 2061 4100 Equitum
2077 4062 2095 4089 ‚
2142 4030 2263 4071 ante
2308 4011 2557 4065 ludorum
2604 4004 2814 4056 initium

1810 4104 2098 4181 implebat,
2124 4101 2177 4149 vi
2204 4107 2391 4168 postea
2422 4108 2451 4141 a
2479 4082 2815 4139 venientibus

1814 4181 2143 4259 expellenda,
2156 4174 2301 4229 unde
2312 4166 2685 4224 discordiarum
2698 4178 2819 4215 cau-

2721 4358 2759 4393 q
