3050 5004
614 504 745 568 312
1360 502 1433 565 C.
1486 499 1954 567 SUETONII

606 628 895 705 dubium
934 628 1111 699 foret
1124 680 1143 711 ,
1189 628 1373 723 quod
1408 628 1757 723 exemplar
1791 628 2108 721 regendae
2149 628 2568 723 Reipubliooe
2603 628 2722 699 eti-

610 757 829 834 θοι-ει,
866 739 1090 811 medio
1124 740 1369 807 Martio
1398 762 1678 832 campo,
1699 738 2000 809 adhibita
2033 738 2466 833 publicorum
2495 764 2722 809 sacer-

610 851 851 921 dotum
896 852 1307 945 frequentia,
1350 850 1626 921 inferias
1673 855 1926 921 Neroni
1967 850 2198 921 dedit⁴
2237 878 2253 919 :
2291 876 2374 919 ac
2409 848 2724 921 sollemni

610 964 919 1033 convivio
948 960 1393 1032 citharoedum
1424 961 1804 1053 placentem
1833 960 2056 1055 palam
2085 960 2476 1046 admonuit,
2503 978 2584 1031 nt
2603 962 2724 1031 ali·-

615 1074 779 1169 quid
820 1090 888 1141 et
924 1072 1012 1141 de
1052 1074 1447 1145 Dominico⁵
1490 1073 1779 1158 diceret;
1819 1074 2304 1169 inchoantique
2341 1076 2724 1143 Neroniana

612 1188 903 1267 cantica,
930 1189 1193 1279 primus
1222 1185 1569 1255 exsultans
1599 1189 1800 1255 enam
1829 1184 2104 1279 plausit.

706 1318 858 1381 ΧΠ.
896 1312 1177 1383 Talibus
1212 1306 1592 1408 principiis,
1627 1333 1948 1406 magnam
1985 1316 2246 1406 imperii
2283 1328 2547 1406 partem
2583 1336 2722 1381 non

616 1425 743 1491 nisi
792 1423 1075 1492 consilio
1129 1440 1199 1492 et
1250 1424 1525 1493 arbitrio
1575 1424 1882 1491 vilissimi
1925 1420 2258 1517 cujusque
2311 1422 2722 1505 histrionum

617 1550 685 1601 et
712 1537 1100 1627 aurigarum
1117 1552 1133 1582 ¹
1162 1534 1692 1619 administravit,
1725 1550 1794 1603 et
1827 1536 2120 1601 maxime
2145 1534 2412 1601 Asiatici
2435 1532 2722 1605 ²liberti.

618 1650 821 1713 Hunc
870 1644 1489 1727 adolescentulum,
1547 1662 1782 1713 mutua
1837 1644 2114 1713 libidine
2173 1662 2724 1737 constupratum,

618 1782 778 1826 mox
808 1756 1009 1826 taedio
1030 1756 1395 1850 profugum
1411 1810 1430 1840 ,
1456 1782 1672 1851 quum
1695 1752 1987 1825 Puteolis
2009 1778 2284 1848 poscam
2317 1756 2727 1826 vendentem

618 1864 1236 1961 reprehendisset3,
1278 1866 1570 1961 conjecit
1613 1870 1686 1936 in
1735 1867 2130 1960 compedes,
2183 1869 2546 1961 statimque
2601 1866 2730 1936 sol·

622 2108 798 2175 Idem,
820 2110 918 2173 m,
944 2106 1040 2175 5⁵,
1070 2130 1095 2155 α
1113 2110 1365 2161 festinare
1386 2111 1632 2177 comitia,

622 2187 816 2261 quibus
844 2187 1103 2243 Consules
1140 2192 1197 2241 in
1234 2189 1430 2243 multos
1462 2208 1634 2243 annos

622 2267 941 2321 destinabat.
966 2291 987 2313 ι
1035 2298 1107 2309 --
1147 2270 1393 2321 Veterem
1442 2270 1636 2321 inscri-

620 2351 887 2419 ptionem,
914 2348 969 2398 in
996 2366 1103 2419 qua
1123 2347 1189 2401 A.
1221 2348 1469 2403 Vitellius
1490 2349 1549 2400 L.
1575 2349 1636 2401 F.

621 2428 929 2500 Imperator.
969 2429 1044 2479 Cs.
1084 2426 1272 2499 Ροεηλ,
1313 2424 1492 2479 attulit
1531 2428 1637 2479 Ca-

624 2507 915 2561 saubonuS.
932 2507 1013 2559 cf.
1029 2507 1271 2578 Pighius,
1294 2507 1484 2560 Annal.
1502 2522 1633 2561 tom.

626 2590 723 2656 111,
748 2607 871 2660 pag.
898 2587 1021 2658 609.

700 2685 751 2751 4.
790 2682 1017 2754 Inferias
1046 2684 1249 2756 Neroni
1274 2683 1434 2736 dedit.
1464 2683 1635 2734 Tacit.

626 2766 826 2818 Histor.
858 2765 930 2828 11,
954 2761 1051 2832 95,
1076 2785 1099 2810 ι
1118 2753 1317 2816 Laetum
1344 2761 1638 2816 foedissimo

630 2845 856 2914 cuique,
895 2839 1039 2914 apud
1066 2841 1239 2895 bonos
1271 2842 1477 2894 invidias
1504 2842 1640 2908 fuit,

630 2922 805 2996 quod,
838 2922 1115 2974 exstructis
1140 2925 1195 2972 in
1220 2941 1410 2994 campo
1443 2923 1637 2974 Martio

634 3003 761 3064 aris,
783 3001 996 3052 inferias
1016 3001 1215 3052 Neroni
1234 3001 1462 3052 fecisset.
1484 2999 1642 3052 Caesae

632 3078 847 3152 publice
878 3079 1102 3130 victimae
1140 3093 1517 3150 cremata-qum
1559 3079 1639 3131 fa-

630 3178 745 3210 cem
766 3155 1085 3228 Augustales
1104 3155 1407 3209 subdidere.
1430 3181 1453 3206 »
1478 3159 1635 3212 Coni'.

632 3237 888 3311 xiphilin.
916 3239 1073 3302 LXV,
1100 3257 1129 3308 7
1152 3238 1247 3306 (ex
1264 3240 1506 3310 Excerpt.
1531 3241 1640 3292 Pei·

634 3321 829 3390 resc.),
856 3317 949 3370 ubi
972 3320 1199 3370 Reimar.

706 3409 1644 3482 5.DeDominico.ItaoptimiCodd.‚

637 3510 689 3547 et
716 3507 1031 3565 receperunt
1054 3490 1163 3544 fere
1193 3509 1407 3558 omnes,
1439 3494 1532 3562 qui
1561 3510 1645 3544 re-

637 3575 843 3628 centius
880 3575 937 3623 in
976 3568 1185 3622 edendo
1224 3571 1479 3622 Suetonio
1516 3581 1647 3621 sunt

636 3655 853 3718 versati,
870 3669 968 3723 pro
984 3648 1123 3720 vulg.
1141 3649 1206 3701 de
1218 3649 1451 3702 Domitio
1464 3689 1481 3714 ‚
1498 3646 1648 3720 qnod

636 3751 861 3796 nomen,
892 3731 1093 3782 Neroni
1122 3729 1221 3800 ipsi
1250 3741 1373 3798 post
1400 3725 1647 3798 adoptio-

635 3834 761 3868 nem
776 3813 1021 3865 odiosum
1032 3809 1175 3880 (vide
1194 3811 1395 3860 Neron.
1416 3827 1445 3878 7
1468 3821 1520 3860 et
1535 3807 1646 3879 41),

636 3895 725 3946 vix
742 3891 930 3945 credas
950 3905 1235 3959 usurpasse
1254 3884 1459 3938 foedum
1481 3888 1648 3938 Nero-

637 3975 719 4024 nis
752 3970 1141 4022 admiratorem.
1174 3967 1375 4020 Contra
1405 3965 1646 4016 Domini-

636 4069 756 4104 cnm
776 4067 987 4100 cannen
1002 4063 1079 4100 est
1096 4047 1363 4107 canticum
1384 4046 1615 4098 Neronis
1633 4065 1646 4105 ;

638 4131 771 4183 etde
798 4130 1103 4194 Dominico,
1127 4127 1179 4180 id
1211 4141 1319 4193 est,
1352 4127 1419 4178 de
1450 4124 1651 4178 collec-

640 4212 783 4264 tione
822 4207 1150 4262 canticorum
1186 4206 1647 4270 Neronianorum,

1723 2110 1792 2161 cf.
1823 2108 1892 2161 ad
1915 2110 2114 2161 Neron.
2141 2108 2226 2161 38.
2251 2106 2472 2159 Domini
2499 2104 2735 2178 appella-

1722 2192 1921 2243 tionem
1959 2191 2186 2261 primum
2227 2186 2438 2259 quidem
2477 2187 2735 2245 Domitia-9

1725 2290 1854 2322 num
1882 2270 2096 2342 publice
2126 2268 2462 2331 assumsisse,
2487 2268 2734 2339 superio·

1725 2349 1872 2401 ribus
1891 2362 2067 2401 tamen
2091 2345 2421 2417 Principibus
2447 2364 2544 2415 per
2564 2362 2738 2397 assen-

1725 2430 1980 2481 tationem
2017 2428 2230 2495 datam,
2267 2438 2594 2477 monuerunt
2623 2426 2734 2497 jam

1725 2511 2057 2580 interpretes.

1797 2597 1911 2648 XII.
1945 2614 1986 2648 ι.
2019 2593 2324 2648 censuim...
2352 2591 2666 2646 histrionum
2689 2601 2739 2644 et

1727 2677 2048 2749 auriqarum.
2087 2676 2252 2728 Tacit.
2297 2673 2492 2724 Histor.
2533 2672 2582 2724 Π
2598 2709 2615 2738 ,
2649 2671 2737 2738 87,

1734 2778 1758 2802 ιι
1777 2754 2218 2826 Aggregabantur
2241 2772 2270 2806 e
2297 2750 2452 2824 plebe
2478 2750 2740 2820 flagitiosa

1729 2853 1826 2906 per
1843 2833 2102 2906 obsequia
2121 2829 2332 2884 Vitellio
2353 2827 2575 2898 cogniti,
2596 2845 2739 2880 scur-

1729 2933 1826 2979 rae,
1852 2912 2164 2980 histriones,
2189 2912 2410 2981 aurigae,
2438 2907 2631 2980 quibus
2649 2905 2738 2960 ille

1729 2998 2082 3050 amicitiarum
2102 2993 2586 3048 dehonestamentis
2605 2991 2740 3042 miro

1729 3075 2019 3146 gaudebat.
2042 3097 2064 3122 a

1801 3185 1850 3220 a.
1897 3167 1972 3217 Et
2013 3163 2242 3216 maxime
2283 3157 2506 3212 Asiatici
2551 3155 2740 3212 liberti.

1728 3246 1899 3298 Tacit.
1925 3263 2044 3316 cap.
2071 3241 2171 3313 95,
2197 3265 2219 3288 α
2239 3238 2495 3293 Nondum
2520 3249 2740 3308 quartus

1731 3343 1762 3378 a
1790 3325 2008 3378 victoria
2037 3323 2232 3374 mensis
2249 3359 2266 3386 ‚
2303 3333 2358 3371 et
2387 3315 2609 3369 libertus
2643 3317 2742 3373 Vi-

1731 3401 1888 3468 tellii,
1905 3403 2192 3462 Asiaticus,
2211 3395 2514 3469 Polycletos
2527 3433 2544 3462 ,
2559 3397 2744 3446 Patro-

1731 3483 1878 3548 bios,
1899 3497 1950 3535 et
1969 3494 2146 3534 vetera
2167 3475 2414 3530 odiorum
2433 3477 2656 3527 nomina
2675 3493 2744 3527 a·

1734 3561 1946 3634 quabat.
1967 3584 1989 3608 ι
2019 3561 2095 3612 De
2121 3561 2234 3628 ejus
2263 3570 2435 3613 morte
2461 3554 2628 3620 idem,
2652 3557 2744 3622 lv,

1742 3659 1758 3692 ι
1777 3659 1822 3706 1,
1848 3664 1872 3688 ιι
1891 3643 2152 3694 Asiaticus
2177 3637 2251 3709 (is
2271 3635 2527 3706 libertus)
2551 3634 2742 3686 malam

1735 3724 2026 3792 potentiam
2057 3717 2232 3780 servili
2263 3715 2529 3789 supplicio
2561 3716 2748 3787 expia-

1734 3813 1826 3854 Vlt.
1847 3824 1870 3848 ιι

1805 3888 1857 3939 3.
1878 3883 2314 3960 Reprehendisoet.
2337 3883 2458 3934 Haec
2481 3879 2644 3932 lectio
2667 3879 2748 3932 le-

1735 3969 2086 4022 ctissimorum
2103 3962 2377 4028 librorum,
2395 3974 2455 4013 ut
2463 3958 2628 4028 Calig.
2645 3959 2714 4025 45
2727 3995 2748 4024 ‚

1741 4069 1764 4092 κ
1786 4045 1944 4098 veluti
1973 4044 2232 4115 profugos
2259 4061 2322 4092 ac
2353 4037 2695 4111 reprehensos.
2717 4061 2738 4083 ι

1735 4127 1776 4174 V
1785 4125 1892 4194 ulg.
1907 4121 2335 4196 deprehendisset,
2349 4139 2466 4192 quae
2483 4133 2565 4171 est
2577 4135 2744 4170 emen·

1737 4201 1884 4258 (latio
1911 4221 2130 4268 eorum,
2161 4201 2252 4272 qui
2289 4201 2564 4272 propriam
2601 4195 2744 4252 verbi
