3050 5004
665 480 807 543 '132

1438 474 1509 537 G.
1563 473 1672 538 SU
1688 470 1944 535 ETON
1962 474 2032 535 11

674 604 938 693 peium,
985 594 1261 689 majoris
1314 594 1469 663 filiae
1518 597 1778 677 virum,
1829 610 1900 663 et
1942 599 2017 663 L.
2067 594 2408 663 Silanum8
2429 650 2446 681 ,
2493 600 2777 666 minoris

648 734 1023 805 sponsum.
1056 713 1159 775 Ex
1191 706 1435 802 quibus
1464 709 1876 799 Pompeius
1861 732 1932 774 111
1963 707 2326 775 concubitu
2362 708 2588 777 dilecti
2619 703 2814 778 ado-

670 820 1027 889 lescentuli
1080 818 1429 887 confossus
1482 833 1631 885 est.
1687 802 1962 887 Silanus
1998 816 2308 887 abdicare
2359 844 2430 887 se
2479 837 2780 913 praetura

667 948 827 999 ante
866 946 1187 1027 quartum
1230 928 1567 996 Kalendas
1608 930 2000 1011 samarias,
2044 932 2350 1024 morique
2387 933 2578 1000 initio
2613 936 2780 1001 anni

665 1057 979 1125 coactu5‚
1026 1040 1135 1108 die
1180 1043 1329 1133 ipso
1376 1038 1636 1107 Claudii
1689 1056 1756 1107 et
1801 1042 2185 1133 Agrippinas
2228 1044 2642 1134 nuptiarum.
2693 1048 2776 1113 In

650 1155 973 1249 -quinque
1030 1167 1098 1217 et
1146 1153 1419 1241 triginta
1474 1154 1868 1219 Senatores9
1893 1203 1910 1231 ‚
1961 1166 2433 1245 trecentosque
2483 1154 2774 1247 amplius

668 1267 943 1358 Equites
989 1252 1328 1329 Romanos
1377 1278 1566 1329 tanta
1607 1262 1922 1329 facilitate
1962 1262 2475 1346 animadvertit,
2521 1282 2595 1333 ut
2618 1317 2635 1347 ‚
2685 1265 2772 1333 de

664 1397 831 1441 nece
872 1372 1243 1441 consularis
1285 1374 1412 1440 viri
1456 1374 1896 1439 renunciante
1943 1375 2384 1457 Centurione‚
2439 1404 2468 1435 ιι
2491 1381 2772 1443 Factum

664 1503 811 1554 esse
855 1484 1038 1581 quod
1080 1488 1513 1577 imperasset,
1539 1516 1566 1545 υ
1618 1495 1992 1577 negaretm,
2037 1488 2401 1581 quicquam
2441 1511 2514 1555 se
2554 1491 2774 1581 impe-

663 1620 883 1678 rasse,
924 1594 1136 1663 nihilo
1173 1596 1399 1662 minus
1436 1617 1582 1662 rem
1619 1592 2124 1687 comprobarem
2165 1595 2657 1664 affirmantibus
2693 1596 2770 1666 li-

646 1706 903 1787 bertis,
929 1705 1152 1773 officio
1175 1703 1421 1772 milites
1449 1704 1752 1785 iunctm,
1780 1703 1964 1799 quod
1991 1704 2078 1772 ad
2107 1704 2436 1773 ultionem
2466 1710 2770 1800 Impera-

652 1820 825 1885 -toris
861 1815 1042 1883 ultro
1069 1817 1702 1908 procucurrissent
1709 1820 1888 1881 Nam
1919 1812 2090 1881 illud
2118 1838 2393 1883 omnem
2415 1814 2622 1884 fidem
2654 1842 2771 1885 ex-

662 1930 969 2010 cesserit,
999 1923 1182 2020 quod
1206 1926 1497 2017 nuptiis,
1524 1948 1694 2020 quas
1711 1924 2076 1993 Messalina
2093 1948 2250 1993 cum
2275 1925 2584 1995 adultero
2607 1927 2770 1997 Silio

642 2181 797 2237 aulit.
820 2206 844 2231 n
888 2184 1075 2235 Post-ea
1118 2204 1140 2229 ι
1161 2182 1409 2234 Crassum
1446 2194 1556 2233 tam
1581 2182 1663 2233 fa-

657 2279 855 2317 ’tauma
898 2262 1059 2330 dicit,
1100 2275 1205 2315 nut
1244 2264 1407 2315 etiam
1444 2280 1666 2333 regnare

660 2356 860 2416 poslet.
884 2365 908 2389 n

732 2424 781 2477 8.
793 2422 867 2473 Et
880 2422 939 2473 L.
954 2420 1201 2474 Silanum
1209 2442 1229 2482 ‚-
1244 2438 1501 2492 sponsum
1511 2420 1668 2472 Oeta·

648 2505 787 2563 viae,
810 2501 1029 2552 minoris
1054 2499 1263 2552 Claudii
1292 2499 1409 2552 filiae
1434 2517 1497 2551 ex
1523 2500 1666 2551 Mes

658 2579 829 2634 salina
846 2581 923 2648 (c.
944 2579 1060 2652 27).
1076 2583 1155 2632 De
1176 2582 1289 2650 eius
1308 2591 1479 2631 morte
1496 2578 1662 2630 Tacit.

658 2659 850 2714 Annal.
878 2662 1002 2724 XII,
1026 2659 1089 2726 4,
1113 2658 1394 2712 «vitellius
1410 2697 1427 2724 ,
1449 2661 1666 2710 nomine

658 2744 904 2796 Censoris
958 2741 1175 2792 serviles
1223 2740 1459 2793 fallacias
1510 2739 1664 2791 obte—

640 2840 789 2893 gens
805 2861 823 2888 ,
850 2823 1317 2891 ingruentiumque
1344 2819 1666 2871 dominatio-

657 2919 789 2952 num
810 2902 1075 2971 provisor,
1100 2916 1207 2969 quo
1228 2900 1453 2970 gratiam
1477 2899 1665 2970 Agrip-

654 2980 793 3049 pinae
820 2990 1062 3049 pararet,
1092 2976 1322 3028 consiliis
1346 2979 1461 3046 ejus
1490 2975 1666 3048 impli-

637 3058 799 3123 »can-i,
836 3073 1010 3107 serere
1046 3056 1265 3106 erimina
1300 3057 1357 3106 in
1393 3054 1662 3122 Silanum,

642 3136 745 3187 -cui
782 3151 909 3186 sane
945 3131 1142 3186 deeora
1180 3148 1233 3185 et
1261 3151 1461 3204 procax
1492 3151 1663 3201 soror,

642 3214 814 3266 ..lunia
837 3210 1085 3279 Calvina,
1115 3209 1261 3264 haud
1286 3211 1509 3262 multum
1539 3225 1664 3264 ante

654 3291 854 3344 vitellii
882 3309 1049 3343 nurus
1072 3291 1263 3342 fuerat.
1288 3291 1423 3342 Hinc
1450 3291 1662 3342 initium

658 3371 1047 3434 accusationis;
1070 3371 1403 3440 fratrumque
1435 3387 1548 3420 non
1573 3370 1660 3421 iu-

644 3467 859 3505 cestum
872 3491 888 3518 ,
908 3450 1004 3504 sed
1020 3448 1407 3502 incustoditum
1422 3466 1658 3500 amorem

654 3532 719 3584 ad
756 3533 1031 3584 infamiam
1066 3532 1240 3584 traxit.
1284 3531 1352 3581 Et
1388 3529 1658 3602 praebebat

650 3611 826 3666 Caesar
844 3629 995 3664 aures
1007 3650 1023 3679 ,
1044 3609 1363 3682 accipiendis
1378 3608 1658 3661 adversum

642 3710 907 3762 ‚generum
936 3689 1328 3762 suspicionibus
1352 3691 1574 3740 caritate
1593 3686 1659 3738 flu

655 3770 735 3824 liae
765 3771 1048 3844 promtior.
1078 3769 1149 3820 At
1175 3768 1416 3835 SilanuS,
1444 3767 1660 3820 insidia-

656 3869 773 3901 rum
793 3849 1034 3915 nescim,
1053 3866 1115 3900 ac
1129 3849 1270 3899 forte
1290 3865 1353 3898 eo
1370 3865 1511 3898 anno
1533 3849 1662 3898 Prae-

652 3941 757 3994 tor,
794 3941 1013 4000 repente
1050 3946 1148 3998 per
1187 3925 1421 3978 edictum
1460 3924 1664 3977 Vitellii

652 4011 837 4064 ordine
866 4010 1135 4064 senatorio
1160 4022 1430 4074 movetur,
1466 4025 1656 4077 quam-

650 4109 810 4160 quam
853 4088 995 4142 lecto
1041 4087 1245 4162 pridem
1293 4089 1489 4141 Senatu
1507 4125 1527 4153 ,
1577 4085 1656 4138 lu-

649 4183 867 4241 stroque
894 4168 1130 4222 condito.
1156 4163 1321 4221 Simul
1345 4167 1652 4220 affinitatem

1756 2182 2012 2237 Claudius
2044 2182 2287 2249 diremit,
2325 2180 2655 2257 adactusque
2683 2186 2768 2239 si-

1755 2261 1938 2327 lanus,
1964 2266 2172 2335 ejurare
2193 2264 2586 2333 magistratum,
2605 2280 2660 2317 et
2683 2285 2769 2319 re·

1755 2340 1933 2411 liquus
1949 2354 2184 2412 praeturae
2199 2340 2378 2394 diesin
2398 2346 2612 2414 Eprium
2629 2346 2772 2397 Mar-

1756 2420 1948 2472 cellum
1989 2420 2215 2473 collatus
2253 2434 2362 2482 θεῖς
2384 2444 2406 2469 n
2445 2435 2500 2479 et
2535 2440 2654 2494 cap.
2695 2425 2766 2489 8,

1753 2501 1902 2552 «Die
1931 2504 2238 2592 nuptiarum
2261 2500 2470 2554 Silanus
2494 2500 2593 2554 sibi
2616 2521 2768 2554 mor-

1756 2593 1860 2632 tem
1888 2580 2172 2644 conscivit,
2198 2580 2306 2632 sive
2329 2598 2392 2631 eo
2417 2597 2588 2650 usque
2613 2599 2768 2652 spem

1757 2661 1872 2712 vitm
1893 2658 2248 2731 produxerat,
2277 2677 2370 2710 seu
2403 2657 2611 2710 delecto
2639 2659 2768 2728 die,

1755 2737 2052 2809 augendam
2094 2735 2162 2789 ad
2199 2735 2466 2789 invidiam.
2507 2737 2768 2808 Calvina,

1756 2833 1906 2867 soror
1939 2817 2088 2885 ejus,
2125 2814 2276 2867 ltalia
2306 2814 2464 2887 pulsa
2497 2827 2594 2866 est.
2615 2839 2640 2863 υ
2677 2817 2767 2869 cf.

1753 2894 2022 2959 Zonaras,
2051 2910 2179 2963 pag.
2215 2893 2329 2946 185.

1823 2989 1878 3040 9.
1915 2972 1984 3023 In
2017 2973 2252 3044 quinque
2273 2983 2326 3023 et
2351 2972 2566 3044 triginta
2591 2973 2769 3026 Sena-

1754 3063 1912 3118 tores,
1944 3064 2045 3104 etc.
2073 3054 2296 3117 Seneca,
2322 3051 2424 3102 loc.
2453 3053 2541 3103 cit.
2573 3074 2595 3100 a
2616 3056 2772 3105 ocei-

1755 3151 1842 3185 sos
1864 3134 2144 3188 Senatores
2171 3149 2305 3199 xxx,
2328 3134 2548 3204 Equites
2571 3135 2769 3188 Roma-

1753 3231 1852 3265 nos
1889 3229 2050 3264 cccxv
2087 3226 2246 3284 atque
2296 3213 2510 3284 plures;
2551 3227 2770 3268 eeteros

1745 3308 1901 3345 ccxxi
1942 3288 2034 3344 ὅσα.
2065 3287 2308 3360 ψιζααθός
2339 3311 2392 3344 ers
2423 3289 2542 3349 κόνις
2567 3312 2671 3345 τι»
2705 3297 2769 3348 ei

1758 3372 1959 3444 objicit.

1823 3467 1904 3504 10.
1953 3452 2078 3505 Ut...
2109 3462 2347 3525 negaret,
2373 3463 2472 3505 etc.
2503 3451 2557 3503 h.
2587 3471 2636 3505 e.
2662 3471 2767 3508 ne·-

1743 3544 1896 3602 garet
1915 3529 2156 3602 quidem,
2175 3549 2232 3583 se
2247 3549 2562 3603 imperasse
2576 3543 2768 3588 tamen

1746 3629 1856 3663 rem
1877 3609 2268 3680 comprobaret.
2290 3610 2444 3663 Haud
2462 3624 2594 3704 puto
2619 3613 2772 3665 mul-—

1746 3703 1860 3741 tum
1883 3690 2016 3741 lucri
2037 3690 2217 3742 facere
2237 3691 2532 3742 orationem
2555 3693 2770 3746 inserto

1747 3787 1908 3843 quum
1939 3780 2062 3840 post
2091 3781 2180 3835 ut,
2217 3767 2362 3841 quod
2387 3789 2415 3820 e
2439 3768 2580 3822 MSS.
2611 3789 2768 3822 non-

1747 3848 1910 3902 nullis
1935 3849 2134 3919 recepit
2153 3847 2400 3902 Oudend.
2429 3862 2480 3901 et
2503 3847 2770 3918 probavit

1745 3924 2007 3993 Wolfius‚
2034 3929 2387 3996 interpretans
2411 3945 2570 3998 quum
2597 3945 2770 4000 nequ-

1743 4020 1820 4059 net
1841 4025 1938 4079 per
1961 4008 2202 4080 quamvis
2223 4017 2450 4081 neqaret.
2468 4009 2650 4078 Longe
2681 4009 2770 4062 fa—

1744 4085 1896 4138 cilior
1929 4084 2057 4137 mihi
2085 4084 2292 4138 videtur
2320 4089 2490 4138 oratio
2518 4087 2634 4139 sine
2656 4085 2768 4143 illa

1742 4165 1932 4238 copula
1953 4205 1970 4233 ‚
2005 4184 2164 4239 quam
2204 4169 2362 4220 etiam
2390 4170 2764 4224 necessariam
