3050 5004
585 398 714 463 232
1330 394 1402 456 C.
1455 391 1921 458 SUETONlI

582 518 1134 610 Semianimisque
1157 512 1380 581 adbuc
1403 512 1832 607 irrumpenti3
1852 516 2265 597 Centurioni,
2288 530 2377 599 et,
2403 515 2673 607 paenula

581 629 670 697 ad
689 628 936 696 vulnus
953 630 1284 719 apposita,
1313 629 1384 693 in
1407 620 1733 693 auxilium
1756 649 1827 693 se
1850 628 2111 692 venisse
2138 625 2502 708 simulanti,
2532 651 2675 694 non

583 737 768 807 aliud
799 734 1178 829 respondit,
1217 759 1426 830 quam
1449 738 1730 815 «Sero,n
1772 750 1921 816 et,«
1946 738 2107 801 Haec
2142 749 2245 801 est
2278 733 2521 801 fidesb·
2558 742 2673 803 At-

582 872 718 943 que
747 850 820 915 in
853 872 932 915 ea
958 870 1124 913 voce
1151 844 1424 928 defecit,
1473 844 1890 911 exstantibus
1922 844 2429 938 rigentibusque
2458 844 2675 913 oculis

583 982 802 1053 usque
821 957 908 1025 ad
927 958 1276 1025 horrorem
1293 953 1863 1048 formidinemque
1878 957 2259 1023 visentium.
2289 954 2463 1022 Nihil
2482 958 2675 1047 prius

585 1087 705 1139 aut
735 1075 990 1162 magis⁹
1016 1096 1057 1137 a
1093 1069 1451 1137 comitibus
1479 1082 1823 1158 exegerat,
1862 1070 2067 1161 q‘uam
2094 1092 2181 1134 ne
2208 1082 2505 1160 potestas
2530 1069 2675 1135 cui-

585 1204 793 1273 quam
821 1183 1054 1271 capitis
1082 1180 1187 1246 sui
1217 1180 1438 1259 fieret;
1471 1176 1592 1244 sed
1622 1194 1725 1258 ut,
1756 1200 2034 1271 quoquo
2061 1175 2297 1260 modo,
2322 1194 2505 1246 totus
2532 1200 2679 1245 cre-

586 1303 908 1357 maretur.
935 1289 1245 1355 Permisit
1265 1286 1397 1353 hoc
1425 1283 1969 1366 Icelus¹⁰,Galbae
1988 1284 2439 1366 libertus,non
2458 1285 2678 1354 multo

585 1417 742 1467 ante
769 1397 1056 1467 vinculis
1079 1397 1428 1466 exsolutus
1443 1451 1461 1480 ,
1485 1400 1557 1463 in
1587 1420 1741 1491 quae
1764 1399 1985 1488 primo
2012 1396 2311 1464 tumultu
2332 1394 2677 1490 conjectus

586 1510 830 1577 fuerat.

681 1623 758 1686 L.
811 1626 1187 1687 Funeratus
1216 1633 1321 1687 est
1349 1622 1657 1711 impensa
1690 1616 2139 1685 ducentorum
2164 1617 2479 1700 millium,
2508 1634 2679 1685 stra-

589 1726 765 1821 gulis
807 1728 977 1797 albis
1013 1754 1180 1798 auro
1215 1732 1521 1810 intextiS,
1564 1726 1811 1822 quibus
1841 1752 2003 1795 usus
2038 1725 2355 1797 Kalendis
2383 1732 2683 1797 ,Ianuarii

589 1838 830 1905 fuerat.
857 1838 1199 1933 Reliquias
1220 1838 1466 1929 Ecloge
1485 1853 1555 1903 et
1572 1836 1995 1905 Alexandria¹
2024 1840 2317 1905 nutrices
2342 1862 2499 1905 cum
2520 1846 2683 1906 Acte

589 1950 968 2018 concubina
985 1968 1010 1998 ²
1037 1950 1266 2041 gentili
1287 1951 1735 2018 Domitiorum
1754 1966 2195 2017 monumento
2218 1946 2685 2031 condiderunt,

593 2060 778 2155 quod
815 2064 1226 2154 prospicitur
1253 2085 1290 2127 e
1322 2084 1565 2153 campo
1601 2064 1878 2145 Martio,
1911 2063 2301 2154 impositum
2336 2059 2490 2128 colli
2523 2060 2685 2127 hor-

593 2188 842 2239 torum.
882 2176 960 2239 ln
989 2196 1070 2239 eo
1097 2189 1539 2239 monumento
1576 2171 1821 2240 solium
1836 2172 1864 2219 3
1910 2172 2371 2265 Porphyretici
2397 2194 2688 2238 marmo-

594 2283 689 2349 ris
731 2300 1153 2377 superstante
1189 2288 1490 2352 Lunensi
1532 2282 1718 2366 ara4,
1764 2286 2289 2377 circumseptum
2328 2299 2432 2351 est
2464 2281 2689 2375 lapide

595 2390 904 2460 Thasio⁵.

689 2508 798 2572 L1.
851 2511 1118 2576 Statura
1145 2501 1275 2575 fuit
1304 2530 1516 2600 prope
1543 2501 1753 2599 justa,
1783 2530 2067 2600 corpore
2100 2506 2444 2574 maculoso
2474 2525 2541 2574 et
2565 2507 2687 2575 foe-

669 2735 722 2786 8.
761 2735 1100 2808 Imtmpentt‘.
1139 2735 1280 2788 Male
1317 2737 1406 2788 alii
1443 2737 1603 2790 inter-
1690 2736 1821 2788 Plin.
1854 2737 1983 2789 nist.
2012 2739 2133 2790 Nat.
2172 2737 2387 2804 XXXV,
2422 2754 2483 2790 ιι
2518 2735 2693 2808 (46),

599 2815 880 2885 rumpenti.
1696 2841 1721 2864 ι
1742 2820 1869 2890 quin
1890 2831 1939 2870 et
1960 2817 2242 2872 defunctos
2264 2839 2377 2871 sese.
2398 2817 2547 2870 multi
2566 2819 2695 2870 fieti·

670 2908 722 2960 9.
751 2893 862 2944 Aut
882 2892 1062 2964 maqi's.
1086 2894 1164 2944 Ita
1185 2895 1390 2945 Ernest.
1415 2907 1472 2946 et
1491 2893 1604 2946 On·
1691 2895 1829 2949 libus
1868 2898 2011 2950 soliis
2044 2897 2206 2949 condi
2248 2897 2512 2963 maluere,
2532 2921 2554 2945 a
2598 2895 2695 2948 ubi

599 2967 758 3021 dend.
783 2989 844 3020 ex
863 2971 1078 3041 optimis
1095 2970 1267 3023 codd.
1293 2992 1393 3044 pro
1411 2991 1475 3024 ae
1490 2991 1607 3024 ma-
1691 2975 1948 3028 Hardnin.
1978 3006 2047 3018 —
2073 2977 2437 3049 Porphyretici
2466 2994 2693 3028 manno-

593 3050 691 3122 qi's.
716 3047 852 3101 Illud
877 3051 1040 3100 etiam
1061 3051 1317 3102 Latinius.
1692 3058 1777 3108 τὺ.
1802 3054 1933 3108 Plin.
1958 3055 2204 3122 XXXVI,
2236 3073 2264 3126 7
2290 3057 2379 3126 (ιι
2396 3055 2447 3126 )‚
2476 3077 2497 3100 ι
2520 3053 2693 3106 Rubet

691 3145 770 3180 Ιο.
815 3127 1003 3182 Icelus.
1053 3125 1184 3180 Vide
1225 3130 1400 3196 infra,
1447 3129 1601 3182 Galb.
1687 3135 2019 3206 porphyrites
2062 3136 2117 3186 in
2162 3134 2347 3186 eadem
2394 3135 2638 3206 AEgypto.
2663 3137 2723 3180 ι’

603 3225 722 3278 cap.
763 3208 842 3275 14.
1692 3213 1773 3266 cf.
1813 3211 2085 3284 Lamprid.
2124 3211 2397 3284 Heliogab.
2436 3231 2554 3282 cap.
2596 3211 2693 3277 243

667 3288 724 3339 L.
764 3305 806 3340 1.
833 3287 1174 3340 Alexandria.
1199 3287 1406 3360 Lipsius
1433 3290 1605 3341 corri-
1693 3294 2011 3365 Vopiscum,
2038 3292 2195 3345 Prob.
2226 3311 2346 3365 cap.
2384 3311 2443 3356 2;
2466 3291 2691 3364 Capitol.

596 3367 758 3441 gebat
779 3368 1101 3422 Alexandra.
1693 3375 1891 3428 Anton.
1922 3393 2040 3446 cap.
2074 3391 2154 3425 n.

674 3467 722 3502 2.
764 3451 892 3502 Cum
916 3448 1046 3501 Acte
1067 3447 1378 3502 concubina.
1396 3448 1533 3501 Vide
1556 3469 1605 3504 c.
1768 3453 1820 3520 4.
1868 3453 2101 3506 Lunensi
2142 3471 2265 3516 ara3
2306 3451 2620 3525 sepulcrali,
2666 3471 2694 3504 e

603 3528 684 3580 28.
703 3528 830 3578 Mox
845 3525 1086 3597 plerique
1099 3526 1260 3593 colle,
1283 3525 1480 3600 aliique
1497 3529 1611 3580 hor*-
1696 3549 1957 3583 marmore
1994 3533 2250 3598 Lunensi,
2278 3531 2423 3584 dicto
2452 3549 2487 3582 a
2514 3531 2693 3598 Luna,

599 3605 846 3659 fidorum.
871 3609 1172 3679 Utrumque
1201 3605 1369 3660 edidit
1388 3608 1607 3662 Ouden·
1694 3612 1913 3662 Etruriae
1936 3611 2084 3664 urbe.
2112 3610 2247 3663 Vide
2270 3611 2513 3663 Strabon.
2538 3614 2605 3676 V,
2636 3630 2663 3663 2
2678 3647 2697 3676 ‚

595 3684 834 3756 don-pius.
1698 3691 1759 3754 ⁵3
1784 3689 1914 3742 Plin.
1936 3692 2067 3742 Hist.
2093 3691 2215 3741 Nat.
2235 3690 2487 3756 XXXVI,
2513 3689 2545 3741 5
2566 3703 2619 3743 et
2636 3689 2697 3752 63

669 3764 720 3816 3.
745 3760 945 3816 Solium
958 3785 978 3825 ,-
996 3759 1190 3827 πύελος,
1210 3763 1609 3836 receptaculum
1695 3769 1879 3824 Silium
1900 3769 2013 3821 Ital.
2034 3771 2177 3834 VIII,
2202 3768 2323 3840 482.

599 3840 960 3913 reliquiarum.
985 3840 1130 3894 curt.
1156 3843 1232 3909 X,
1263 3859 1354 3908 ιο,
1379 3861 1441 3912 9.,
1471 3865 1493 3889 ιι
1513 3843 1603 3895 se·
1766 3849 1815 3901 5.
1835 3848 2031 3921 Lepide
2044 3847 2231 3901 Thasio
2241 3869 2261 3909 ‚·
2276 3845 2407 3899 Plin.
2424 3848 2557 3900 nist.
2574 3847 2693 3898 Nat.

597 3925 794 3992 ptimus
831 3923 942 3976 dies
980 3939 1094 3976 erat
1111 3961 1128 3990 ,
1163 3941 1228 3976 ex
1266 3941 1375 3994 quo
1405 3942 1603 3995 corpus
1689 3929 1907 3979 XXXVI
1924 3965 1941 3992 ,
1986 3927 2017 3979 5
2054 3926 2183 3999 (6),
2231 3948 2253 3972 σι
2274 3945 2303 3978 e
2345 3925 2547 3992 Thaso,
2590 3943 2693 3976 una

597 4006 734 4072 regis
770 4003 984 4074 jacebat
1021 4005 1074 4056 in
1107 4003 1252 4057 solio.
1276 4029 1299 4051 n
1334 4005 1417 4056 Cf.
1455 4005 1598 4057 Flor.
1690 4006 1979 4080 Cycladum
2012 4005 2322 4058 insularum.
2344 4029 2366 4053 ιι
2400 4004 2480 4056 Cf.
2510 4005 2693 4062 Senec.

590 4083 612 4132 l
622 4085 687 4152 V,
719 4101 801 4153 ιι,
825 4101 842 4134 1
860 4102 906 4150 1,
927 4083 1018 4137 ubi
1033 4085 1152 4138 vide
1169 4085 1490 4140 Freinshem.
1505 4123 1523 4153 ,
1549 4099 1601 4138 et
1690 4087 1853 4156 Epist.
1884 4084 2159 4136 Lxxxvl.
