3050 5004
963 466 1629 567 VESPASQANUS.

2218 476 2358 557 341-

249 596 455 665 berna
479 595 854 689 legionum,
882 611 951 663 et
962 598 1403 663 Germanicas
1424 596 1790 663 transferre
1808 598 1884 665 in
1899 599 2354 669 Oriente-mad

250 713 655 779 securiorem
678 708 1194 817 mollioremque
1218 707 1527 777 militiam
1555 734 1570 776 ε
1596 726 1920 801 praeterea
1945 734 2028 778 ex
2051 712 2354 804 praesidi-

247 819 373 888 bus
402 822 903 912 provinciarum
932 820 1224 885 Licinius
1252 820 1650 886 Mucianus-3⁹
1664 871 1682 901 ‚
1707 836 1779 887 et
1797 844 1833 886 e
1859 820 2129 911 regibus
2153 822 2352 890 Volo-

248 928 784 1021 gesueParthus3
807 928 949 1011 ille,
972 927 1277 1021 deposita
1294 928 1664 1011 simultate»,
1682 934 1978 1023 quam-in
1997 932 2064 999 id
2085 950 2354 1025 tempus

248 1064 329 1109 ex
364 1040 792 1109 aemulatione
828 1064 969 1107 non
1000 1039 1287 1107 obscure
1324 1040 1628 1131 gerebat,
1667 1043 2015 1133 Syriacum
2045 1046 2359 1133 promisit

245 1152 613 1219 exercitum
628 1160 707 1235 ¹⁰3
736 1148 849 1242 hic
870 1146 1313 1243 quadraginta
1338 1148 1550 1217 millia
1571 1153 2068 1243 sagittariorum
2089 1163 2104 1189 ¹
2119 1163 2132 1191 ¹
2147 1206 2162 1221 .

336 1282 487 1345 vn.
540 1280 862 1369 Suscepto
894 1273 1099 1368 igitur
1128 1274 1305 1342 civili
1337 1274 1550 1357 bello,
1584 1300 1664 1343 ao
1691 1276 1976 1346 ducibus
2010 1282 2354 1375 copiisque

235 1388 315 1483 „¹¹¹
358 1386 615 1453 Italiam
661 1387 1060 1479 praemissis,
1106 1386 1378 1451 interim
1423 1384 1896 1455 Alexandriam
1940 1393 2236 1472 transiit,
2283 1408 2358 1458 ut

246 1496 537 1569 claustra
558 1500 823 1591 AEgypti
846 1496 1177 1567 obtineret
1196 1506 1235 1562 ¹.
1263 1499 1389 1563 Hic
1410 1520 1622 1590 quum
1646 1497 1732 1567 de
1755 1494 2066 1567 firmitate
2089 1502 2356 1595 imperii

246 1746 333 1799 nio
350 1748 688 1819 gaudebant,
708 1749 946 1822 plerique
966 1750 1253 1802 necessitu-

246 1825 462 1880 dinibus
491 1842 545 1880 et
570 1830 1059 1901 propinquitatibus
1084 1831 1255 1896 mixti,

247 1920 297 1958 et
342 1906 600 1961 militibus
651 1922 911 1963 vetustate
957 1908 1253 1981 stipendio·-

246 2004 361 2039 rum
405 2001 624 2045 notaret
668 1988 945 2041 familiaria
986 2003 1160 2041 castra
1198 1990 1253 2041 in

246 2064 465 2119 modum
504 2068 778 2119 Penatium
821 2067 1197 2137 diligebantur.
1223 2092 1245 2116 ι

245 2144 441 2197 Nostro
470 2146 591 2197 loco
612 2149 817 2200 Ernest.
842 2166 964 2199 cum
990 2146 1136 2199 libris
1159 2146 1251 2198 ali·

246 2238 375 2295 quot
389 2224 580 2277 suadet
596 2224 967 2297 melioremque
984 2225 1251 2292 militiam,

244 2321 339 2374 pro
368 2304 687 2360 molliorem.
717 2306 843 2357 Jure
865 2304 921 2356 id
949 2304 1253 2375 improbant

245 2382 593 2457 Oudendorp.
617 2398 669 2437 et
686 2384 934 2436 Woliius.
956 2384 1255 2455 Opponun-

246 2474 329 2514 tur
352 2463 528 2516 Taciti
568 2463 817 2532 hiberna,
853 2461 981 2518 caelo
1010 2482 1073 2516 ac
1111 2460 1252 2515 labo-

246 2541 377 2594 ribus
397 2543 549 2594 dura.

311 2657 363 2710 9.
404 2643 735 2694 Praeterea...
752 2680 765 2693 .
794 2639 1021 2694 Licinian-
1048 2641 1252 2692 Mucia-

244 2737 362 2782 nus;
382 2719 450 2772 de
473 2740 579 2792 quo
600 2719 719 2772 vide
738 2720 907 2772 Tacit.
931 2721 1065 2771 Hist.
1085 2724 1135 2786 1,
1162 2738 1251 2788 to,

245 2811 295 2850 et
316 2799 389 2866 11,
411 2798 447 2865 4
474 2813 524 2850 et
547 2798 578 2850 5
596 2835 613 2864 ,
632 2796 725 2850 ubi
747 2812 872 2870 post
890 2799 1251 2868 comparatio-

244 2893 361 2928 nem
377 2877 697 2947 Vespasiani
718 2889 768 2940 et
786 2875 1020 2928 Muciani
1040 2877 1111 2927 ita
1133 2894 1251 2946 per-

242 2955 344 3024 git:
381 2977 403 3001 ιι
424 2953 669 3006 Ceterum
700 2953 787 3006 hic
819 2955 1003 3026 Syriae,
1032 2951 1121 3006 ille
1152 2955 1250 3004 Ju-

244 3031 358 3084 doeae
376 3033 700 3106 praepositus
712 3072 731 3099 ,
748 3032 935 3085 vicinis
957 3034 1253 3104 provincia·

244 3129 357 3162 rum
408 3110 960 3164 administrationibus
981 3151 999 3177 ‚
1054 3111 1251 3166 invidia

244 3187 543 3258 discor-dez,
581 3193 725 3242 exitu
752 3189 962 3241 demum
993 3191 1249 3258 Neronis,

244 3272 428 3340 positis
450 3269 584 3322 odiis
600 3307 616 3337 ,
637 3272 692 3322 in
716 3267 945 3321 medium
973 3268 1255 3338 consulue3

245 3366 331 3416 re,
352 3351 586 3420 primum
612 3368 708 3420 per
727 3350 956 3412 amieos;
981 3349 1103 3401 dein
1126 3369 1251 3420 prae·

245 3429 398 3498 cipua
427 3425 730 3488 eoncordia
754 3426 883 3479 fides
905 3428 1057 3482 Titus
1090 3449 1252 3500 prava

246 3509 533 3560 certamina
564 3509 833 3559 communi
864 3506 1089 3562 utilitate
1116 3507 1251 3562 abo-

245 3584 470 3654 leverat,
502 3600 686 3640 natura
713 3601 873 3659 atque
898 3602 1011 3640 arte
1031 3607 1251 3660 compo-

244 3667 372 3719 situs
392 3666 683 3720 alliciendis
707 3669 869 3720 etiam
888 3669 1124 3720 Muciani
1145 3689 1253 3721 mo·

246 3745 405 3800 ribus.
428 3771 452 3794 »
492 3749 833 3813 Orationem,
862 3765 966 3820 qua
999 3747 1253 3800 dubitan-

245 3838 345 3878 tem
365 3827 751 3900 Vespasianum
776 3825 843 3878 ad
866 3827 1253 3898 capessendum

244 3905 523 3978 imperium
549 3907 831 3960 Mucianus
855 3905 1117 3974 incendit,
1136 3907 1253 3978 lege

246 3985 387 4056 apud
412 3985 587 4037 Tacit.
612 3985 747 4037 nist.
772 3986 844 4051 Π,
876 3985 941 4055 76
968 4003 1079 4056 seq.

320 4093 401 4130 ιο.
438 4078 565 4132 Ille.
584 4117 597 4130 .
616 4117 629 4130 .
646 4116 661 4130 .
699 4079 978 4150 Syriacum
1011 4080 1253 4152 promisit

246 4159 539 4210 exercitum.
559 4157 731 4210 Tacit.
758 4175 876 4230 cap.
905 4157 1002 4228 76:
1038 4180 1060 4204 α
1079 4157 1201 4226 Tibi
1224 4178 1253 4212 e

1343 1748 1528 1805 Judaea
1566 1764 1618 1804 et
1649 1752 1802 1825 Syria.
1823 1764 1875 1803 et
1901 1752 2129 1825 AEgypto
2167 1768 2354 1802 novem

1346 1826 1574 1903 legiones
1596 1831 1836 1905 inteqroe,
1860 1829 2006 1883 nulla
2027 1832 2140 1882 acie
2159 1828 2354 1881 exhau-

1343 1921 1464 1975 stae,
1500 1928 1611 1960 non
1641 1908 1912 1963 discordia
1937 1923 2232 1979 corruptae,
2261 1908 2354 1959 sed

1344 1988 1582 2039 firmatus
1611 2008 1707 2040 usu
1735 1987 1915 2055 mila,
1947 2002 1994 2041 et
2025 1988 2148 2039 belli
2179 1986 2353 2039 domi-

1344 2080 1429 2115 tor
1446 2069 1644 2118 externi
1664 2088 1678 2129 ς
1705 2066 1982 2135 classium,
2003 2066 2233 2133 alarum,
2257 2084 2354 2117 co-

1341 2142 1576 2203 hortium
1598 2144 1821 2209 robora;
1842 2158 1895 2199 et
1917 2144 2152 2205 fidissimi
2178 2163 2354 2215 regem

1344 2237 1396 2274 et
1426 2237 1517 2274 tua
1543 2238 1664 2275 ante
1691 2242 1876 2277 omnes
1903 2236 2246 2293 experientia.
2271 2247 2293 2269 υ

1422 2336 1499 2370 11.
1541 2318 1646 2370 Ht'c
1682 2318 2035 2393 quadra-qima
2070 2318 2248 2371 millia
2273 2339 2356 2373 sa-

1338 2396 1691 2469 gittariorum.
1730 2398 1899 2451 Tacit.
1942 2399 2078 2449 nist.
2120 2401 2209 2463 lv,
2247 2396 2350 2449 51:

1350 2500 1371 2523 ι
1396 2474 1634 2530 Aderant
1675 2476 1836 2548 legati
1878 2477 2015 2548 regis
2059 2474 2354 2548 Vologesi,

1343 2555 1692 2629 quadraginta
1742 2555 2056 2608 Parthorum
2109 2559 2355 2628 equitum

1340 2633 1874 2706 (hippotoxotarum)
1911 2635 2076 2689 millia
2113 2636 2356 2688 offeren-

1342 2727 1437 2766 tes.
1472 2713 1816 2785 Magnificum
1851 2713 2163 2786 laetumque,
2194 2717 2354 2768 tantis

1342 2795 1613 2868 sociorum
1655 2794 1862 2848 auxiliis
1907 2795 2130 2860 ambiri,
2171 2814 2352 2868 neque

1341 2867 1614 2944 indigeres
1642 2873 1832 2924 Gratiae
1871 2871 2142 2946 Vologeso
2186 2888 2352 2940 actae,

1340 2946 1786 3024 mandatumque,
1803 2968 1862 3006 ut
1881 2951 2084 3026 legatos
2105 2951 2174 3006 ad
2194 2953 2354 3008 Sena·

1340 3045 1450 3082 tum
1470 3035 1726 3098 mitteret,
1741 3043 1793 3107 et
1805 3052 1992 3106 pacem
2011 3053 2128 3086 esse
2141 3036 2347 3088 sciret.-

1340 3110 1469 3164 Aliis
1488 3113 1546 3168 V
1540 3113 1786 3188 oloqoesus
1802 3133 1902 3188 pro
1922 3114 1976 3168 V
1972 3113 2205 3188 oloqesus
2222 3115 2354 3168 scri-

1341 3191 1500 3245 bitur.

1412 3289 1525 3341 vll.
1563 3307 1608 3342 1.
1637 3290 1709 3342 Ut
1727 3289 1951 3344 claustra
1975 3292 2197 3364 AEqyptt'
2219 3291 2352 3344 obe·-

1342 3379 1501 3423 neret.
1528 3369 1698 3420 Tacit.
1729 3369 1864 3420 Hist.
1893 3369 1969 3433 11,
1999 3371 2065 3424 82
2083 3391 2098 3422 z
2127 3370 2350 3422 «Titum
2451 3419 2456 3432 ‚

1340 3447 1542 3498 instare
1569 3445 1790 3512 sudam,
1813 3447 2198 3517 Vespasianum
2219 3446 2353 3498 obti-

1341 3543 1469 3587 nere
1496 3525 1720 3578 claustra
1737 3526 1965 3600 AE'qyptt'
1982 3527 2200 3597 placuit.
2230 3526 2351 3578 Suf-

1342 3603 1498 3656 ficere
1531 3603 1852 3668 videbantur
1887 3603 2140 3660 adversus
2178 3604 2354 3657 Vitel-

1341 3683 1470 3748 lium
1490 3702 1614 3755 pars
1637 3686 1916 3758 copiarum
1937 3698 1991 3738 et
2015 3685 2122 3738 dux
2145 3686 2352 3738 Mucia-

1342 3782 1445 3822 nus
1468 3779 1521 3816 et
1551 3767 1862 3835 Vespasiani
1880 3783 2110 3832 nomen,
2133 3783 2196 3816 ae
2219 3764 2352 3818 nihil

1344 3842 1568 3906 arduum
1593 3843 1732 3900 fat-is.
1757 3867 1779 3891 ι
1812 3843 2072 3896 Eumdem
2101 3843 2217 3896 vide
2247 3845 2316 3896 111
2332 3880 2351 3909 ,

1343 3922 1440 3989 48,
1469 3935 1522 3974 et
1552 3922 1701 3974 conf.
1733 3920 1931 3993 xiphil.
1955 3923 2114 3988 LXV,
2137 3941 2190 3990 9.
2219 3921 2352 3974 Uni-

1344 4020 1465 4056 cum
1522 4014 1704 4054 autem
1753 3999 1988 4071 intellige
2034 4003 2348 4072 Vespasiani

1345 4079 1623 4133 consilium
1644 4119 1662 4142 ,
1711 4095 1772 4132 ut
1827 4102 1849 4126 σι
1877 4079 2075 4134 Urbem
2126 4094 2350 4137 exterma

1345 4161 1461 4231 opis
1490 4159 1724 4230 indigam
1755 4161 1897 4212 fame
1923 4173 2131 4230 urgeret
2149 4183 2172 4209 a·
2209 4159 2348 4230 (¹1⁸⁸-⁴
