<?xml version="1.0" encoding="UTF-8"?>
<!DOCTYPE html PUBLIC "-//W3C//DTD XHTML 1.0 Transitional//EN"
    "http://www.w3.org/TR/xhtml1/DTD/xhtml1-transitional.dtd">
<html xmlns="http://www.w3.org/1999/xhtml" xml:lang="en" lang="en">
 <head>
  <title>
</title>
<meta http-equiv="Content-Type" content="text/html;charset=utf-8" />
  <meta name='ocr-system' content='tesseract 3.04.00' />
  <meta name='ocr-capabilities' content='ocr_page ocr_carea ocr_par ocr_line ocrx_word'/>
</head>
<body>
  <div class='ocr_page' id='page_1' title='image "./csuetoniitranqu09suetgoog_0294.png"; bbox 0 0 3050 5004; ppageno 0'>
   <div class='ocr_carea' id='block_1_1' title="bbox 1201 424 1534 489">
    <p class='ocr_par' dir='ltr' id='par_1_1' title="bbox 1201 424 1534 489">
     <span class='ocr_line' id='line_1_1' title="bbox 1201 424 1534 489; baseline -0.006 0"><span class='ocrx_word' id='word_1_1' title='bbox 1201 424 1534 489; x_wconf 81' lang='lat' dir='ltr'><strong>GALBA.</strong></span> 
     </span>
    </p>
   </div>
   <div class='ocr_carea' id='block_1_2' title="bbox 2282 430 2417 521">
    <p class='ocr_par' dir='ltr' id='par_1_2' title="bbox 2282 430 2417 521">
     <span class='ocr_line' id='line_1_2' title="bbox 2282 430 2417 521; baseline 0 -26"><span class='ocrx_word' id='word_1_2' title='bbox 2282 430 2417 521; x_wconf 80' lang='lat'>269</span> 
     </span>
    </p>
   </div>
   <div class='ocr_carea' id='block_1_3' title="bbox 321 544 2421 647">
    <p class='ocr_par' dir='ltr' id='par_1_3' title="bbox 321 544 2421 647">
     <span class='ocr_line' id='line_1_3' title="bbox 321 544 2421 647; baseline 0.005 -32"><span class='ocrx_word' id='word_1_3' title='bbox 321 546 700 615; x_wconf 81' lang='lat' dir='ltr'>dexteriore</span> <span class='ocrx_word' id='word_1_4' title='bbox 739 544 948 615; x_wconf 87' lang='lat' dir='ltr'>latere</span> <span class='ocrx_word' id='word_1_5' title='bbox 983 545 1172 640; x_wconf 82' lang='lat' dir='ltr'>ejus³</span> <span class='ocrx_word' id='word_1_6' title='bbox 1209 574 1402 633; x_wconf 88' lang='lat' dir='ltr'>caro,</span> <span class='ocrx_word' id='word_1_7' title='bbox 1445 549 2059 647; x_wconf 84' lang='lat' dir='ltr'>praependebatque</span> <span class='ocrx_word' id='word_1_8' title='bbox 2100 552 2302 639; x_wconf 85' lang='lat' dir='ltr'>adeo,</span> <span class='ocrx_word' id='word_1_9' title='bbox 2340 573 2421 625; x_wconf 89' lang='lat' dir='ltr'>ut</span> 
     </span>
    </p>
   </div>
   <div class='ocr_carea' id='block_1_4' title="bbox 323 656 1342 752">
    <p class='ocr_par' dir='ltr' id='par_1_4' title="bbox 323 656 1342 752">
     <span class='ocr_line' id='line_1_4' title="bbox 323 656 1342 752; baseline 0 -25"><span class='ocrx_word' id='word_1_10' title='bbox 323 684 498 752; x_wconf 82' lang='lat' dir='ltr'>aegre</span> <span class='ocrx_word' id='word_1_11' title='bbox 522 660 728 727; x_wconf 85' lang='lat' dir='ltr'>fascia</span> <span class='ocrx_word' id='word_1_12' title='bbox 750 656 1342 751; x_wconf 67' lang='lat' dir='ltr'>subse-ingeretur.</span> 
     </span>
    </p>
   </div>
   <div class='ocr_carea' id='block_1_5' title="bbox 317 722 2419 1210">
    <p class='ocr_par' dir='ltr' id='par_1_5' title="bbox 317 722 2419 1210">
     <span class='ocr_line' id='line_1_5' title="bbox 412 722 2419 875; baseline 0.002 -26"><span class='ocrx_word' id='word_1_13' title='bbox 412 784 623 849; x_wconf 87' lang='lat' dir='ltr'>xx11.</span> <span class='ocrx_word' id='word_1_14' title='bbox 675 778 820 847; x_wconf 90' lang='lat' dir='ltr'>Cibi</span> <span class='ocrx_word' id='word_1_15' title='bbox 861 778 1138 871; x_wconf 87' lang='lat' dir='ltr'>plurimi</span> <span class='ocrx_word' id='word_1_16' title='bbox 1180 780 1496 862; x_wconf 79' lang='lat' dir='ltr'>traditur,</span> <span class='ocrx_word' id='word_1_17' title='bbox 1544 804 1751 875; x_wconf 88' lang='lat' dir='ltr'>quem</span> <span class='ocrx_word' id='word_1_18' title='bbox 1790 722 2093 875; x_wconf 84' lang='lat' dir='ltr'>tempore</span> <span class='ocrx_word' id='word_1_19' title='bbox 2134 783 2419 854; x_wconf 89' lang='lat' dir='ltr'>hiberno</span> 
     </span>
     <span class='ocr_line' id='line_1_6' title="bbox 319 892 2415 986; baseline 0.004 -26"><span class='ocrx_word' id='word_1_20' title='bbox 319 894 523 961; x_wconf 89' lang='lat' dir='ltr'>etiam</span> <span class='ocrx_word' id='word_1_21' title='bbox 557 908 714 960; x_wconf 89' lang='lat' dir='ltr'>ante</span> <span class='ocrx_word' id='word_1_22' title='bbox 746 892 1000 960; x_wconf 84' lang='lat' dir='ltr'>lucem¹</span> <span class='ocrx_word' id='word_1_23' title='bbox 1037 916 1275 986; x_wconf 84' lang='lat' dir='ltr'>capere</span> <span class='ocrx_word' id='word_1_24' title='bbox 1312 911 1703 963; x_wconf 88' lang='lat' dir='ltr'>consuerat.</span> <span class='ocrx_word' id='word_1_25' title='bbox 1744 899 1921 964; x_wconf 85' lang='lat' dir='ltr'>inter</span> <span class='ocrx_word' id='word_1_26' title='bbox 1956 920 2215 965; x_wconf 86' lang='lat' dir='ltr'>coenam</span> <span class='ocrx_word' id='word_1_27' title='bbox 2254 924 2415 969; x_wconf 89' lang='lat' dir='ltr'>vero</span> 
     </span>
     <span class='ocr_line' id='line_1_7' title="bbox 318 1000 2414 1101; baseline 0.003 -32"><span class='ocrx_word' id='word_1_28' title='bbox 318 1026 536 1097; x_wconf 88' lang='lat' dir='ltr'>usque</span> <span class='ocrx_word' id='word_1_29' title='bbox 561 1026 642 1069; x_wconf 91' lang='lat' dir='ltr'>eo</span> <span class='ocrx_word' id='word_1_30' title='bbox 666 1000 1104 1085; x_wconf 81' lang='lat' dir='ltr'>abundantis,</span> <span class='ocrx_word' id='word_1_31' title='bbox 1133 1020 1210 1071; x_wconf 89' lang='lat' dir='ltr'>ut</span> <span class='ocrx_word' id='word_1_32' title='bbox 1231 1020 1581 1095; x_wconf 79' lang='lat' dir='ltr'>congestas</span> <span class='ocrx_word' id='word_1_33' title='bbox 1606 1028 1812 1097; x_wconf 90' lang='lat' dir='ltr'>super</span> <span class='ocrx_word' id='word_1_34' title='bbox 1832 1028 2073 1074; x_wconf 88' lang='lat' dir='ltr'>manus</span> <span class='ocrx_word' id='word_1_35' title='bbox 2100 1006 2414 1101; x_wconf 82' lang='lat' dir='ltr'>reliquias</span> 
     </span>
     <span class='ocr_line' id='line_1_8' title="bbox 317 1110 2417 1210; baseline 0.002 -29"><span class='ocrx_word' id='word_1_36' title='bbox 317 1112 733 1181; x_wconf 80' lang='lat' dir='ltr'>circumferri</span> <span class='ocrx_word' id='word_1_37' title='bbox 755 1110 1056 1204; x_wconf 82' lang='lat' dir='ltr'>juberet,</span> <span class='ocrx_word' id='word_1_38' title='bbox 1091 1116 1452 1210; x_wconf 77' lang='lat' dir='ltr'>spargique</span> <span class='ocrx_word' id='word_1_39' title='bbox 1481 1111 1569 1180; x_wconf 87' lang='lat' dir='ltr'>ad</span> <span class='ocrx_word' id='word_1_40' title='bbox 1601 1114 1808 1206; x_wconf 91' lang='lat' dir='ltr'>pedes</span> <span class='ocrx_word' id='word_1_41' title='bbox 1833 1117 2239 1185; x_wconf 78' lang='lat' dir='ltr'>stantibus²z</span> <span class='ocrx_word' id='word_1_42' title='bbox 2270 1117 2417 1187; x_wconf 92' lang='lat' dir='ltr'>libi·-</span> 
     </span>
    </p>
   </div>
   <div class='ocr_carea' id='block_1_6' title="bbox 248 1330 1320 4176">
    <p class='ocr_par' dir='ltr' id='par_1_6' title="bbox 248 1330 1320 2516">
     <span class='ocr_line' id='line_1_9' title="bbox 382 1330 1320 1405; baseline 0 -20"><span class='ocrx_word' id='word_1_43' title='bbox 382 1330 436 1385; x_wconf 82' lang='lat'>3.</span> <span class='ocrx_word' id='word_1_44' title='bbox 473 1333 600 1384; x_wconf 80' lang='lat' dir='ltr'>In...</span> <span class='ocrx_word' id='word_1_45' title='bbox 609 1331 814 1385; x_wconf 82' lang='lat' dir='ltr'>.latere</span> <span class='ocrx_word' id='word_1_46' title='bbox 839 1334 973 1405; x_wconf 64' lang='lat' dir='ltr'>ejus,</span> <span class='ocrx_word' id='word_1_47' title='bbox 1003 1347 1104 1385; x_wconf 88' lang='lat' dir='ltr'>etc.</span> <span class='ocrx_word' id='word_1_48' title='bbox 1136 1334 1320 1386; x_wconf 84' lang='lat' dir='ltr'>Posset</span> 
     </span>
     <span class='ocr_line' id='line_1_10' title="bbox 248 1408 1318 1485; baseline 0.003 -24"><span class='ocrx_word' id='word_1_49' title='bbox 248 1445 256 1460; x_wconf 83' lang='lat'>.</span> <span class='ocrx_word' id='word_1_50' title='bbox 313 1408 502 1463; x_wconf 86' lang='lat' dir='ltr'>abesse</span> <span class='ocrx_word' id='word_1_51' title='bbox 537 1414 680 1483; x_wconf 72' lang='lat' dir='ltr'>ejus,</span> <span class='ocrx_word' id='word_1_52' title='bbox 723 1412 817 1463; x_wconf 88' lang='lat' dir='ltr'>sed</span> <span class='ocrx_word' id='word_1_53' title='bbox 852 1430 964 1464; x_wconf 86' lang='lat' dir='ltr'>non</span> <span class='ocrx_word' id='word_1_54' title='bbox 1001 1430 1102 1483; x_wconf 86' lang='lat' dir='ltr'>pro</span> <span class='ocrx_word' id='word_1_55' title='bbox 1143 1413 1318 1485; x_wconf 75' lang='lat' dir='ltr'>glossa</span> 
     </span>
     <span class='ocr_line' id='line_1_11' title="bbox 312 1488 1320 1564; baseline 0.003 -24"><span class='ocrx_word' id='word_1_56' title='bbox 312 1488 674 1541; x_wconf 85' lang='lat' dir='ltr'>damnandum</span> <span class='ocrx_word' id='word_1_57' title='bbox 700 1504 808 1542; x_wconf 86' lang='lat' dir='ltr'>erat</span> <span class='ocrx_word' id='word_1_58' title='bbox 834 1490 902 1543; x_wconf 82' lang='lat' dir='ltr'>ab</span> <span class='ocrx_word' id='word_1_59' title='bbox 925 1490 1199 1557; x_wconf 84' lang='lat' dir='ltr'>Ernestio,</span> <span class='ocrx_word' id='word_1_60' title='bbox 1226 1493 1320 1564; x_wconf 87' lang='lat' dir='ltr'>qui</span> 
     </span>
     <span class='ocr_line' id='line_1_12' title="bbox 311 1568 1316 1644; baseline 0.003 -24"><span class='ocrx_word' id='word_1_61' title='bbox 311 1568 472 1621; x_wconf 81' lang='lat' dir='ltr'>modo</span> <span class='ocrx_word' id='word_1_62' title='bbox 501 1572 786 1641; x_wconf 82' lang='lat' dir='ltr'>recepisset</span> <span class='ocrx_word' id='word_1_63' title='bbox 817 1588 935 1641; x_wconf 85' lang='lat' dir='ltr'>cap.</span> <span class='ocrx_word' id='word_1_64' title='bbox 976 1590 1094 1642; x_wconf 83' lang='lat' dir='ltr'>sup.</span> <span class='ocrx_word' id='word_1_65' title='bbox 1133 1572 1189 1623; x_wconf 79' lang='lat' dir='ltr'>t&#39;n</span> <span class='ocrx_word' id='word_1_66' title='bbox 1219 1591 1316 1644; x_wconf 84' lang='lat' dir='ltr'>pa·</span> 
     </span>
     <span class='ocr_line' id='line_1_13' title="bbox 279 1648 1317 1714; baseline 0.004 -15"><span class='ocrx_word' id='word_1_67' title='bbox 279 1651 286 1659; x_wconf 89' lang='lat'>&#39;</span> <span class='ocrx_word' id='word_1_68' title='bbox 312 1658 516 1701; x_wconf 81' lang='lat' dir='ltr'>tronum</span> <span class='ocrx_word' id='word_1_69' title='bbox 546 1668 728 1714; x_wconf 81' lang='lat' dir='ltr'>suum,</span> <span class='ocrx_word' id='word_1_70' title='bbox 761 1648 854 1701; x_wconf 90' lang='lat' dir='ltr'>ubi</span> <span class='ocrx_word' id='word_1_71' title='bbox 891 1650 1038 1702; x_wconf 86' lang='lat' dir='ltr'>multi</span> <span class='ocrx_word' id='word_1_72' title='bbox 1067 1652 1317 1705; x_wconf 87' lang='lat' dir='ltr'>omittunt</span> 
     </span>
     <span class='ocr_line' id='line_1_14' title="bbox 308 1726 1316 1783; baseline 0.002 -2"><span class='ocrx_word' id='word_1_73' title='bbox 308 1746 475 1781; x_wconf 67' lang='lat' dir='ltr'>mum.</span> <span class='ocrx_word' id='word_1_74' title='bbox 513 1730 668 1781; x_wconf 81' lang='lat' dir='ltr'>Amat</span> <span class='ocrx_word' id='word_1_75' title='bbox 703 1726 872 1781; x_wconf 86' lang='lat' dir='ltr'>etiam</span> <span class='ocrx_word' id='word_1_76' title='bbox 901 1730 1184 1783; x_wconf 70' lang='lat' dir='ltr'>Suetonius</span> <span class='ocrx_word' id='word_1_77' title='bbox 1218 1730 1316 1783; x_wconf 85' lang='lat' dir='ltr'>ad-</span> 
     </span>
     <span class='ocr_line' id='line_1_15' title="bbox 309 1806 1316 1881; baseline 0.005 -23"><span class='ocrx_word' id='word_1_78' title='bbox 309 1806 434 1860; x_wconf 85' lang='lat' dir='ltr'>dere</span> <span class='ocrx_word' id='word_1_79' title='bbox 474 1820 667 1879; x_wconf 75' lang='lat' dir='ltr'>praeter</span> <span class='ocrx_word' id='word_1_80' title='bbox 705 1812 1070 1863; x_wconf 78' lang='lat' dir='ltr'>necessitatem</span> <span class='ocrx_word' id='word_1_81' title='bbox 1113 1830 1316 1881; x_wconf 89' lang='lat' dir='ltr'>prono-</span> 
     </span>
     <span class='ocr_line' id='line_1_16' title="bbox 309 1885 1313 1961; baseline 0.002 -23"><span class='ocrx_word' id='word_1_82' title='bbox 309 1888 465 1939; x_wconf 87' lang='lat' dir='ltr'>mina.</span> <span class='ocrx_word' id='word_1_83' title='bbox 509 1889 636 1940; x_wconf 83' lang='lat' dir='ltr'>Mox</span> <span class='ocrx_word' id='word_1_84' title='bbox 675 1885 917 1941; x_wconf 78' lang='lat' dir='ltr'>Ernestio</span> <span class='ocrx_word' id='word_1_85' title='bbox 959 1889 1313 1961; x_wconf 82' lang='lat' dir='ltr'>praeplacebat</span> 
     </span>
     <span class='ocr_line' id='line_1_17' title="bbox 307 1962 1312 2039; baseline 0.006 -24"><span class='ocrx_word' id='word_1_86' title='bbox 307 1962 463 2017; x_wconf 84' lang='lat' dir='ltr'>lectio</span> <span class='ocrx_word' id='word_1_87' title='bbox 491 1964 782 2019; x_wconf 86' lang='lat' dir='ltr'>editionum</span> <span class='ocrx_word' id='word_1_88' title='bbox 809 1968 1165 2039; x_wconf 86' lang='lat' dir='ltr'>antiquiorum</span> <span class='ocrx_word' id='word_1_89' title='bbox 1187 1972 1312 2039; x_wconf 83' lang='lat' dir='ltr'>pro&#39;-</span> 
     </span>
     <span class='ocr_line' id='line_1_18' title="bbox 301 2044 1312 2119; baseline 0.006 -26"><span class='ocrx_word' id='word_1_90' title='bbox 301 2044 662 2119; x_wconf 79' lang='lat' dir='ltr'>pendebatque</span> <span class='ocrx_word' id='word_1_91' title='bbox 681 2086 701 2114; x_wconf 89' lang='lat'>,</span> <span class='ocrx_word' id='word_1_92' title='bbox 755 2060 942 2099; x_wconf 83' lang='lat' dir='ltr'>centra</span> <span class='ocrx_word' id='word_1_93' title='bbox 993 2049 1202 2099; x_wconf 86' lang='lat' dir='ltr'>Memm.</span> <span class='ocrx_word' id='word_1_94' title='bbox 1257 2060 1312 2101; x_wconf 87' lang='lat' dir='ltr'>et</span> 
     </span>
     <span class='ocr_line' id='line_1_19' title="bbox 305 2122 1311 2197; baseline 0.005 -22"><span class='ocrx_word' id='word_1_95' title='bbox 305 2122 448 2177; x_wconf 78' lang='lat' dir='ltr'>MSS.</span> <span class='ocrx_word' id='word_1_96' title='bbox 476 2126 588 2177; x_wconf 86' lang='lat' dir='ltr'>fere</span> <span class='ocrx_word' id='word_1_97' title='bbox 615 2144 824 2193; x_wconf 83' lang='lat' dir='ltr'>omnes,</span> <span class='ocrx_word' id='word_1_98' title='bbox 853 2124 1159 2180; x_wconf 77' lang='lat' dir='ltr'>exhibentes</span> <span class='ocrx_word' id='word_1_99' title='bbox 1179 2144 1311 2197; x_wconf 81' lang='lat' dir='ltr'>proe-</span> 
     </span>
     <span class='ocr_line' id='line_1_20' title="bbox 303 2205 1308 2275; baseline 0.005 -20"><span class='ocrx_word' id='word_1_100' title='bbox 303 2205 670 2275; x_wconf 81' lang='lat' dir='ltr'>pendebatque.</span> <span class='ocrx_word' id='word_1_101' title='bbox 697 2205 985 2271; x_wconf 82' lang='lat' dir='ltr'>Nonnulli,</span> <span class='ocrx_word' id='word_1_102' title='bbox 1012 2229 1034 2252; x_wconf 93' lang='lat'>⁸</span> <span class='ocrx_word' id='word_1_103' title='bbox 1054 2208 1105 2259; x_wconf 90' lang='lat' dir='ltr'>in</span> <span class='ocrx_word' id='word_1_104' title='bbox 1131 2206 1308 2260; x_wconf 80' lang='lat' dir='ltr'>dextro</span> 
     </span>
     <span class='ocr_line' id='line_1_21' title="bbox 305 2282 1309 2359; baseline 0.005 -26"><span class='ocrx_word' id='word_1_105' title='bbox 305 2282 470 2335; x_wconf 85' lang='lat' dir='ltr'>latere</span> <span class='ocrx_word' id='word_1_106' title='bbox 485 2284 597 2352; x_wconf 82' lang='lat' dir='ltr'>ejus</span> <span class='ocrx_word' id='word_1_107' title='bbox 611 2284 792 2359; x_wconf 64' lang='lat' dir='ltr'>gibbus</span> <span class='ocrx_word' id='word_1_108' title='bbox 805 2284 890 2337; x_wconf 84' lang='lat' dir='ltr'>vel</span> <span class='ocrx_word' id='word_1_109' title='bbox 905 2303 1052 2336; x_wconf 88' lang='lat' dir='ltr'>caro.</span> <span class='ocrx_word' id='word_1_110' title='bbox 1069 2308 1092 2333; x_wconf 73' lang='lat' dir='ltr'>n</span> <span class='ocrx_word' id='word_1_111' title='bbox 1111 2287 1309 2337; x_wconf 84' lang='lat' dir='ltr'>Verum</span> 
     </span>
     <span class='ocr_line' id='line_1_22' title="bbox 305 2361 1308 2417; baseline 0.003 -5"><span class='ocrx_word' id='word_1_112' title='bbox 305 2362 554 2413; x_wconf 71' lang='lat' dir='ltr'>dexterius</span> <span class='ocrx_word' id='word_1_113' title='bbox 575 2361 709 2415; x_wconf 78' lang='lat' dir='ltr'>latus</span> <span class='ocrx_word' id='word_1_114' title='bbox 729 2361 1042 2415; x_wconf 84' lang='lat' dir='ltr'>servandum</span> <span class='ocrx_word' id='word_1_115' title='bbox 1060 2362 1128 2415; x_wconf 88' lang='lat' dir='ltr'>ob</span> <span class='ocrx_word' id='word_1_116' title='bbox 1153 2382 1308 2417; x_wconf 71' lang='lat' dir='ltr'>nsum</span> 
     </span>
     <span class='ocr_line' id='line_1_23' title="bbox 304 2440 1308 2516; baseline 0.003 -25"><span class='ocrx_word' id='word_1_117' title='bbox 304 2440 605 2512; x_wconf 76' lang='lat' dir='ltr'>scriptoris,</span> <span class='ocrx_word' id='word_1_118' title='bbox 625 2454 675 2491; x_wconf 92' lang='lat' dir='ltr'>et</span> <span class='ocrx_word' id='word_1_119' title='bbox 694 2441 874 2516; x_wconf 68' lang='lat' dir='ltr'>gibbus</span> <span class='ocrx_word' id='word_1_120' title='bbox 891 2459 922 2492; x_wconf 87' lang='lat' dir='ltr'>e</span> <span class='ocrx_word' id='word_1_121' title='bbox 939 2440 1118 2513; x_wconf 78' lang='lat' dir='ltr'>glossa</span> <span class='ocrx_word' id='word_1_122' title='bbox 1143 2445 1308 2494; x_wconf 83' lang='lat' dir='ltr'>intru-</span> 
     </span>
    </p>

    <p class='ocr_par' dir='ltr' id='par_1_7' title="bbox 306 2519 640 2572">
     <span class='ocr_line' id='line_1_24' title="bbox 306 2519 640 2572; baseline 0.003 -1"><span class='ocrx_word' id='word_1_123' title='bbox 306 2536 394 2572; x_wconf 83' lang='lat' dir='ltr'>sus</span> <span class='ocrx_word' id='word_1_124' title='bbox 418 2519 640 2572; x_wconf 78' lang='lat' dir='ltr'>videtur.</span> 
     </span>
    </p>

    <p class='ocr_par' dir='ltr' id='par_1_8' title="bbox 301 2599 1306 2832">
     <span class='ocr_line' id='line_1_25' title="bbox 369 2599 1306 2654; baseline 0.005 -5"><span class='ocrx_word' id='word_1_125' title='bbox 369 2599 531 2652; x_wconf 82' lang='lat' dir='ltr'>xxu.</span> <span class='ocrx_word' id='word_1_126' title='bbox 561 2616 604 2652; x_wconf 84' lang='grc' dir='ltr'>ι.</span> <span class='ocrx_word' id='word_1_127' title='bbox 626 2599 804 2652; x_wconf 80' lang='lat' dir='ltr'>Etiam</span> <span class='ocrx_word' id='word_1_128' title='bbox 825 2612 948 2652; x_wconf 77' lang='lat' dir='ltr'>ante</span> <span class='ocrx_word' id='word_1_129' title='bbox 967 2599 1151 2654; x_wconf 78' lang='lat' dir='ltr'>lucem.</span> <span class='ocrx_word' id='word_1_130' title='bbox 1173 2600 1306 2654; x_wconf 86' lang='lat' dir='ltr'>Cibo</span> 
     </span>
     <span class='ocr_line' id='line_1_26' title="bbox 301 2677 1305 2754; baseline 0 -23"><span class='ocrx_word' id='word_1_131' title='bbox 301 2681 624 2752; x_wconf 71' lang='lat' dir='ltr'>tempestivo,</span> <span class='ocrx_word' id='word_1_132' title='bbox 655 2677 721 2732; x_wconf 90' lang='lat' dir='ltr'>‹le</span> <span class='ocrx_word' id='word_1_133' title='bbox 757 2697 864 2752; x_wconf 84' lang='lat' dir='ltr'>quo</span> <span class='ocrx_word' id='word_1_134' title='bbox 895 2680 1016 2734; x_wconf 87' lang='lat' dir='ltr'>vide</span> <span class='ocrx_word' id='word_1_135' title='bbox 1042 2680 1110 2734; x_wconf 85' lang='lat' dir='ltr'>ad</span> <span class='ocrx_word' id='word_1_136' title='bbox 1139 2679 1305 2754; x_wconf 71' lang='lat' dir='ltr'>Calig.</span> 
     </span>
     <span class='ocr_line' id='line_1_27' title="bbox 301 2757 914 2832; baseline 0.003 -24"><span class='ocrx_word' id='word_1_137' title='bbox 301 2757 372 2828; x_wconf 67' lang='lat'>45</span> <span class='ocrx_word' id='word_1_138' title='bbox 390 2798 409 2827; x_wconf 88' lang='lat'>,</span> <span class='ocrx_word' id='word_1_139' title='bbox 436 2761 726 2832; x_wconf 84' lang='lat' dir='ltr'>opponitur</span> <span class='ocrx_word' id='word_1_140' title='bbox 753 2779 914 2812; x_wconf 84' lang='lat' dir='ltr'>coena.</span> 
     </span>
    </p>

    <p class='ocr_par' dir='ltr' id='par_1_9' title="bbox 282 2837 1302 4176">
     <span class='ocr_line' id='line_1_28' title="bbox 371 2837 1300 2910; baseline 0 -20"><span class='ocrx_word' id='word_1_141' title='bbox 371 2854 420 2890; x_wconf 77' lang='lat'>2.</span> <span class='ocrx_word' id='word_1_142' title='bbox 467 2837 634 2910; x_wconf 72' lang='lat' dir='ltr'>Usque</span> <span class='ocrx_word' id='word_1_143' title='bbox 658 2857 716 2890; x_wconf 90' lang='lat' dir='ltr'>eo</span> <span class='ocrx_word' id='word_1_144' title='bbox 745 2839 1082 2905; x_wconf 76' lang='lat' dir='ltr'>abundantis,</span> <span class='ocrx_word' id='word_1_145' title='bbox 1110 2847 1168 2889; x_wconf 82' lang='lat' dir='ltr'>ut</span> <span class='ocrx_word' id='word_1_146' title='bbox 1171 2875 1300 2890; x_wconf 88' lang='lat'><strong>.....</strong></span> 
     </span>
     <span class='ocr_line' id='line_1_29' title="bbox 294 2915 1302 2990; baseline -0.002 -21"><span class='ocrx_word' id='word_1_147' title='bbox 294 2918 563 2971; x_wconf 66' lang='lat' dir='ltr'>nantibus.</span> <span class='ocrx_word' id='word_1_148' title='bbox 598 2919 814 2990; x_wconf 82' lang='lat' dir='ltr'>Scripsit</span> <span class='ocrx_word' id='word_1_149' title='bbox 851 2937 1012 2988; x_wconf 86' lang='lat' dir='ltr'>super</span> <span class='ocrx_word' id='word_1_150' title='bbox 1041 2915 1185 2968; x_wconf 85' lang='lat' dir='ltr'>hunc</span> <span class='ocrx_word' id='word_1_151' title='bbox 1215 2915 1302 2968; x_wconf 87' lang='lat' dir='ltr'>lo-</span> 
     </span>
     <span class='ocr_line' id='line_1_30' title="bbox 295 2995 1302 3070; baseline -0.001 -23"><span class='ocrx_word' id='word_1_152' title='bbox 295 3015 417 3048; x_wconf 88' lang='lat' dir='ltr'>cum</span> <span class='ocrx_word' id='word_1_153' title='bbox 432 3037 449 3065; x_wconf 92' lang='lat'>,</span> <span class='ocrx_word' id='word_1_154' title='bbox 473 2999 527 3048; x_wconf 89' lang='lat' dir='ltr'>in</span> <span class='ocrx_word' id='word_1_155' title='bbox 553 3015 657 3070; x_wconf 91' lang='lat' dir='ltr'>quo</span> <span class='ocrx_word' id='word_1_156' title='bbox 679 2995 1052 3049; x_wconf 82' lang='lat' dir='ltr'>constituendo</span> <span class='ocrx_word' id='word_1_157' title='bbox 1074 3009 1125 3047; x_wconf 91' lang='lat' dir='ltr'>et</span> <span class='ocrx_word' id='word_1_158' title='bbox 1145 2998 1302 3048; x_wconf 87' lang='lat' dir='ltr'>inter-</span> 
     </span>
     <span class='ocr_line' id='line_1_31' title="bbox 292 3072 1300 3146; baseline 0.002 -22"><span class='ocrx_word' id='word_1_159' title='bbox 292 3073 553 3146; x_wconf 86' lang='lat' dir='ltr'>pretando</span> <span class='ocrx_word' id='word_1_160' title='bbox 570 3077 728 3126; x_wconf 86' lang='lat' dir='ltr'>nimia</span> <span class='ocrx_word' id='word_1_161' title='bbox 740 3072 952 3126; x_wconf 83' lang='lat' dir='ltr'>levitate</span> <span class='ocrx_word' id='word_1_162' title='bbox 969 3075 1160 3126; x_wconf 83' lang='lat' dir='ltr'>versati</span> <span class='ocrx_word' id='word_1_163' title='bbox 1177 3089 1300 3127; x_wconf 85' lang='lat' dir='ltr'>sunt</span> 
     </span>
     <span class='ocr_line' id='line_1_32' title="bbox 291 3153 1298 3227; baseline 0.002 -23"><span class='ocrx_word' id='word_1_164' title='bbox 291 3155 636 3226; x_wconf 83' lang='lat' dir='ltr'>interpretes,</span> <span class='ocrx_word' id='word_1_165' title='bbox 679 3169 730 3206; x_wconf 92' lang='lat' dir='ltr'>et</span> <span class='ocrx_word' id='word_1_166' title='bbox 758 3174 916 3226; x_wconf 86' lang='lat' dir='ltr'>quem</span> <span class='ocrx_word' id='word_1_167' title='bbox 951 3168 1011 3206; x_wconf 88' lang='lat' dir='ltr'>ut</span> <span class='ocrx_word' id='word_1_168' title='bbox 1043 3153 1298 3227; x_wconf 84' lang='lat' dir='ltr'>despera-</span> 
     </span>
     <span class='ocr_line' id='line_1_33' title="bbox 291 3232 1298 3305; baseline 0.003 -22"><span class='ocrx_word' id='word_1_169' title='bbox 291 3245 404 3284; x_wconf 86' lang='lat' dir='ltr'>tum</span> <span class='ocrx_word' id='word_1_170' title='bbox 433 3235 746 3300; x_wconf 77' lang='lat' dir='ltr'>transmisit,</span> <span class='ocrx_word' id='word_1_171' title='bbox 784 3251 814 3284; x_wconf 83' lang='lat' dir='ltr'>a</span> <span class='ocrx_word' id='word_1_172' title='bbox 843 3253 950 3305; x_wconf 87' lang='lat' dir='ltr'>quo</span> <span class='ocrx_word' id='word_1_173' title='bbox 988 3232 1215 3304; x_wconf 84' lang='lat' dir='ltr'>plurima</span> <span class='ocrx_word' id='word_1_174' title='bbox 1245 3247 1298 3286; x_wconf 83' lang='lat' dir='ltr'>et</span> 
     </span>
     <span class='ocr_line' id='line_1_34' title="bbox 291 3307 1295 3386; baseline 0.001 -23"><span class='ocrx_word' id='word_1_175' title='bbox 291 3315 494 3384; x_wconf 84' lang='lat' dir='ltr'>optima</span> <span class='ocrx_word' id='word_1_176' title='bbox 516 3326 900 3386; x_wconf 73' lang='lat' dir='ltr'>exspectasses,</span> <span class='ocrx_word' id='word_1_177' title='bbox 917 3307 1169 3379; x_wconf 70' lang='lat' dir='ltr'>Wolfius,</span> <span class='ocrx_word' id='word_1_178' title='bbox 1189 3315 1295 3366; x_wconf 91' lang='lat' dir='ltr'>sin-</span> 
     </span>
     <span class='ocr_line' id='line_1_35' title="bbox 288 3389 1296 3460; baseline 0.003 -20"><span class='ocrx_word' id='word_1_179' title='bbox 288 3409 356 3460; x_wconf 74' lang='lat' dir='ltr'>gu</span> <span class='ocrx_word' id='word_1_180' title='bbox 365 3390 524 3442; x_wconf 85' lang='lat' dir='ltr'>larem</span> <span class='ocrx_word' id='word_1_181' title='bbox 538 3390 716 3444; x_wconf 78' lang='lat' dir='ltr'>dissert</span> <span class='ocrx_word' id='word_1_182' title='bbox 723 3393 947 3446; x_wconf 83' lang='lat' dir='ltr'>ationem</span> <span class='ocrx_word' id='word_1_183' title='bbox 956 3389 1139 3444; x_wconf 84' lang='lat' dir='ltr'>David.</span> <span class='ocrx_word' id='word_1_184' title='bbox 1151 3391 1296 3444; x_wconf 82' lang='lat' dir='ltr'>Chri-</span> 
     </span>
     <span class='ocr_line' id='line_1_36' title="bbox 289 3469 1294 3542; baseline 0.001 -21"><span class='ocrx_word' id='word_1_185' title='bbox 289 3471 444 3521; x_wconf 85' lang='lat' dir='ltr'>stian.</span> <span class='ocrx_word' id='word_1_186' title='bbox 462 3469 682 3522; x_wconf 88' lang='lat' dir='ltr'>Grimm.</span> <span class='ocrx_word' id='word_1_187' title='bbox 703 3471 825 3542; x_wconf 77' lang='lat' dir='ltr'>Lyc.</span> <span class='ocrx_word' id='word_1_188' title='bbox 851 3471 1178 3522; x_wconf 83' lang='lat' dir='ltr'>Annaemont.</span> <span class='ocrx_word' id='word_1_189' title='bbox 1202 3471 1294 3522; x_wconf 79' lang='lat' dir='ltr'>Re-</span> 
     </span>
     <span class='ocr_line' id='line_1_37' title="bbox 288 3547 1290 3620; baseline 0.001 -22"><span class='ocrx_word' id='word_1_190' title='bbox 288 3561 422 3614; x_wconf 89' lang='lat' dir='ltr'>ctor‚</span> <span class='ocrx_word' id='word_1_191' title='bbox 447 3550 587 3619; x_wconf 90' lang='lat' dir='ltr'>Lips.</span> <span class='ocrx_word' id='word_1_192' title='bbox 621 3552 779 3620; x_wconf 78' lang='lat'>1798,</span> <span class='ocrx_word' id='word_1_193' title='bbox 808 3549 1021 3601; x_wconf 82' lang='lat' dir='ltr'>doctam</span> <span class='ocrx_word' id='word_1_194' title='bbox 1048 3547 1290 3620; x_wconf 83' lang='lat' dir='ltr'>quidem,</span> 
     </span>
     <span class='ocr_line' id='line_1_38' title="bbox 289 3625 1291 3694; baseline 0 -16"><span class='ocrx_word' id='word_1_195' title='bbox 289 3625 378 3678; x_wconf 85' lang='lat' dir='ltr'>sed</span> <span class='ocrx_word' id='word_1_196' title='bbox 398 3626 464 3679; x_wconf 86' lang='lat' dir='ltr'>ad</span> <span class='ocrx_word' id='word_1_197' title='bbox 480 3647 730 3680; x_wconf 82' lang='lat' dir='ltr'>nauseam</span> <span class='ocrx_word' id='word_1_198' title='bbox 751 3629 860 3680; x_wconf 83' lang='lat' dir='ltr'>fere</span> <span class='ocrx_word' id='word_1_199' title='bbox 875 3628 1148 3680; x_wconf 85' lang='lat' dir='ltr'>verbosam</span> <span class='ocrx_word' id='word_1_200' title='bbox 1163 3665 1179 3694; x_wconf 89' lang='lat'>,</span> <span class='ocrx_word' id='word_1_201' title='bbox 1197 3647 1291 3679; x_wconf 90' lang='lat' dir='ltr'>cu-</span> 
     </span>
     <span class='ocr_line' id='line_1_39' title="bbox 282 3705 1289 3777; baseline 0.002 -21"><span class='ocrx_word' id='word_1_202' title='bbox 282 3707 370 3775; x_wconf 84' lang='lat' dir='ltr'>jus</span> <span class='ocrx_word' id='word_1_203' title='bbox 393 3721 764 3777; x_wconf 75' lang='lat' dir='ltr'>argumentum</span> <span class='ocrx_word' id='word_1_204' title='bbox 787 3705 894 3760; x_wconf 88' lang='lat' dir='ltr'>huc</span> <span class='ocrx_word' id='word_1_205' title='bbox 921 3705 1073 3760; x_wconf 82' lang='lat' dir='ltr'>redit.</span> <span class='ocrx_word' id='word_1_206' title='bbox 1098 3707 1289 3759; x_wconf 84' lang='lat' dir='ltr'>Osten-</span> 
     </span>
     <span class='ocr_line' id='line_1_40' title="bbox 289 3783 1290 3851; baseline 0.002 -16"><span class='ocrx_word' id='word_1_207' title='bbox 289 3783 391 3851; x_wconf 83' lang='lat' dir='ltr'>dit,</span> <span class='ocrx_word' id='word_1_208' title='bbox 413 3786 468 3836; x_wconf 90' lang='lat' dir='ltr'>in</span> <span class='ocrx_word' id='word_1_209' title='bbox 494 3787 661 3838; x_wconf 87' lang='lat' dir='ltr'>altero</span> <span class='ocrx_word' id='word_1_210' title='bbox 683 3786 920 3838; x_wconf 87' lang='lat' dir='ltr'>membro</span> <span class='ocrx_word' id='word_1_211' title='bbox 941 3805 1050 3838; x_wconf 90' lang='lat' dir='ltr'>non</span> <span class='ocrx_word' id='word_1_212' title='bbox 1071 3784 1136 3837; x_wconf 85' lang='lat' dir='ltr'>de</span> <span class='ocrx_word' id='word_1_213' title='bbox 1155 3783 1290 3838; x_wconf 88' lang='lat' dir='ltr'>libe-</span> 
     </span>
     <span class='ocr_line' id='line_1_41' title="bbox 289 3863 1288 3939; baseline 0.004 -23"><span class='ocrx_word' id='word_1_214' title='bbox 289 3863 492 3918; x_wconf 85' lang='lat' dir='ltr'>ralitate</span> <span class='ocrx_word' id='word_1_215' title='bbox 544 3867 722 3939; x_wconf 79' lang='lat' dir='ltr'>aliqua</span> <span class='ocrx_word' id='word_1_216' title='bbox 767 3867 946 3921; x_wconf 80' lang='lat' dir='ltr'>Gatbae</span> <span class='ocrx_word' id='word_1_217' title='bbox 991 3886 1288 3920; x_wconf 80' lang='lat' dir='ltr'>sermonem</span> 
     </span>
     <span class='ocr_line' id='line_1_42' title="bbox 290 3949 1285 4017; baseline 0.003 -22"><span class='ocrx_word' id='word_1_218' title='bbox 290 3963 428 4012; x_wconf 80' lang='lat' dir='ltr'>esse,</span> <span class='ocrx_word' id='word_1_219' title='bbox 460 3965 618 4017; x_wconf 85' lang='lat' dir='ltr'>quam</span> <span class='ocrx_word' id='word_1_220' title='bbox 657 3949 988 4000; x_wconf 83' lang='lat' dir='ltr'>somniarunt</span> <span class='ocrx_word' id='word_1_221' title='bbox 1022 3949 1285 4016; x_wconf 87' lang='lat' dir='ltr'>interpre-</span> 
     </span>
     <span class='ocr_line' id='line_1_43' title="bbox 289 4023 1288 4097; baseline 0.004 -25"><span class='ocrx_word' id='word_1_222' title='bbox 289 4033 392 4090; x_wconf 77' lang='lat' dir='ltr'>tes,</span> <span class='ocrx_word' id='word_1_223' title='bbox 412 4023 506 4078; x_wconf 90' lang='lat' dir='ltr'>sed</span> <span class='ocrx_word' id='word_1_224' title='bbox 530 4025 733 4092; x_wconf 84' lang='lat' dir='ltr'>adhuc,</span> <span class='ocrx_word' id='word_1_225' title='bbox 755 4040 812 4079; x_wconf 89' lang='lat' dir='ltr'>ut</span> <span class='ocrx_word' id='word_1_226' title='bbox 836 4029 889 4078; x_wconf 90' lang='lat' dir='ltr'>in</span> <span class='ocrx_word' id='word_1_227' title='bbox 907 4027 1098 4097; x_wconf 82' lang='lat' dir='ltr'>priori,</span> <span class='ocrx_word' id='word_1_228' title='bbox 1121 4023 1188 4077; x_wconf 90' lang='lat' dir='ltr'>de</span> <span class='ocrx_word' id='word_1_229' title='bbox 1209 4026 1288 4076; x_wconf 87' lang='lat' dir='ltr'>ni·</span> 
     </span>
     <span class='ocr_line' id='line_1_44' title="bbox 287 4101 1281 4176; baseline 0.004 -26"><span class='ocrx_word' id='word_1_230' title='bbox 287 4103 388 4153; x_wconf 87' lang='lat' dir='ltr'>mia</span> <span class='ocrx_word' id='word_1_231' title='bbox 409 4101 684 4167; x_wconf 77' lang='lat' dir='ltr'>edacitate,</span> <span class='ocrx_word' id='word_1_232' title='bbox 709 4101 949 4174; x_wconf 77' lang='lat' dir='ltr'>adeoque</span> <span class='ocrx_word' id='word_1_233' title='bbox 967 4101 1281 4176; x_wconf 81' lang='lat' dir='ltr'>particulam</span> 
     </span>
    </p>
   </div>
   <div class='ocr_carea' id='block_1_7' title="bbox 1373 1335 2415 4168">
    <p class='ocr_par' dir='ltr' id='par_1_10' title="bbox 1373 1335 2415 4168">
     <span class='ocr_line' id='line_1_45' title="bbox 1408 1335 2415 1391; baseline 0.007 -7"><span class='ocrx_word' id='word_1_234' title='bbox 1408 1352 1527 1385; x_wconf 83' lang='lat' dir='ltr'>vero</span> <span class='ocrx_word' id='word_1_235' title='bbox 1558 1352 1669 1385; x_wconf 88' lang='lat' dir='ltr'>non</span> <span class='ocrx_word' id='word_1_236' title='bbox 1698 1335 1977 1387; x_wconf 84' lang='lat' dir='ltr'>transitum</span> <span class='ocrx_word' id='word_1_237' title='bbox 2008 1336 2182 1389; x_wconf 88' lang='lat' dir='ltr'>facere</span> <span class='ocrx_word' id='word_1_238' title='bbox 2205 1336 2273 1389; x_wconf 85' lang='lat' dir='ltr'>ad</span> <span class='ocrx_word' id='word_1_239' title='bbox 2301 1356 2415 1391; x_wconf 86' lang='lat' dir='ltr'>rem</span> 
     </span>
     <span class='ocr_line' id='line_1_46' title="bbox 1407 1410 2412 1488; baseline 0.008 -27"><span class='ocrx_word' id='word_1_240' title='bbox 1407 1410 1694 1479; x_wconf 83' lang='lat' dir='ltr'>diversam,</span> <span class='ocrx_word' id='word_1_241' title='bbox 1719 1411 1813 1465; x_wconf 83' lang='lat' dir='ltr'>sed</span> <span class='ocrx_word' id='word_1_242' title='bbox 1838 1417 2182 1483; x_wconf 85' lang='lat' dir='ltr'>continuare,</span> <span class='ocrx_word' id='word_1_243' title='bbox 2209 1416 2275 1468; x_wconf 86' lang='lat' dir='ltr'>de</span> <span class='ocrx_word' id='word_1_244' title='bbox 2304 1436 2412 1488; x_wconf 88' lang='lat' dir='ltr'>quo</span> 
     </span>
     <span class='ocr_line' id='line_1_47' title="bbox 1403 1490 2414 1567; baseline 0.007 -26"><span class='ocrx_word' id='word_1_245' title='bbox 1403 1491 1553 1563; x_wconf 87' lang='lat' dir='ltr'>prius</span> <span class='ocrx_word' id='word_1_246' title='bbox 1570 1490 1746 1544; x_wconf 85' lang='lat' dir='ltr'>dicere</span> <span class='ocrx_word' id='word_1_247' title='bbox 1763 1506 1997 1565; x_wconf 87' lang='lat' dir='ltr'>coeperat</span> <span class='ocrx_word' id='word_1_248' title='bbox 2015 1508 2218 1561; x_wconf 87' lang='lat' dir='ltr'>auctor,</span> <span class='ocrx_word' id='word_1_249' title='bbox 2238 1510 2297 1547; x_wconf 86' lang='lat' dir='ltr'>ut</span> <span class='ocrx_word' id='word_1_250' title='bbox 2316 1515 2414 1567; x_wconf 88' lang='lat' dir='ltr'>op-</span> 
     </span>
     <span class='ocr_line' id='line_1_48' title="bbox 1405 1572 2414 1649; baseline 0.008 -30"><span class='ocrx_word' id='word_1_251' title='bbox 1405 1582 1577 1639; x_wconf 85' lang='lat' dir='ltr'>ponat</span> <span class='ocrx_word' id='word_1_252' title='bbox 1598 1572 1767 1623; x_wconf 81' lang='lat' dir='ltr'>cibum</span> <span class='ocrx_word' id='word_1_253' title='bbox 1791 1583 1914 1625; x_wconf 79' lang='lat' dir='ltr'>ante</span> <span class='ocrx_word' id='word_1_254' title='bbox 1934 1572 2103 1625; x_wconf 82' lang='lat' dir='ltr'>lucem</span> <span class='ocrx_word' id='word_1_255' title='bbox 2124 1585 2337 1649; x_wconf 80' lang='lat' dir='ltr'>captum</span> <span class='ocrx_word' id='word_1_256' title='bbox 2358 1588 2414 1629; x_wconf 86' lang='lat' dir='ltr'>et</span> 
     </span>
     <span class='ocr_line' id='line_1_49' title="bbox 1403 1653 2408 1725; baseline 0.008 -25"><span class='ocrx_word' id='word_1_257' title='bbox 1403 1668 1639 1717; x_wconf 81' lang='lat' dir='ltr'>coenam,</span> <span class='ocrx_word' id='word_1_258' title='bbox 1678 1664 1839 1722; x_wconf 88' lang='lat' dir='ltr'>atque</span> <span class='ocrx_word' id='word_1_259' title='bbox 1874 1653 2197 1725; x_wconf 84' lang='lat' dir='ltr'>respondeat</span> <span class='ocrx_word' id='word_1_260' title='bbox 2233 1656 2408 1708; x_wconf 89' lang='lat' dir='ltr'>Germ.</span> 
     </span>
     <span class='ocr_line' id='line_1_50' title="bbox 1405 1727 2412 1804; baseline 0.007 -25"><span class='ocrx_word' id='word_1_261' title='bbox 1405 1727 1667 1781; x_wconf 85' lang='lat' dir='ltr'>vocabulo</span> <span class='ocrx_word' id='word_1_262' title='bbox 1688 1729 1948 1793; x_wconf 58' lang='lat' dir='ltr'>volumen,-</span> <span class='ocrx_word' id='word_1_263' title='bbox 1968 1730 2024 1783; x_wconf 89' lang='lat' dir='ltr'>id</span> <span class='ocrx_word' id='word_1_264' title='bbox 2040 1732 2187 1804; x_wconf 89' lang='lat' dir='ltr'>quod</span> <span class='ocrx_word' id='word_1_265' title='bbox 2203 1736 2412 1795; x_wconf 71' lang='lat' dir='ltr'>verissi-</span> 
     </span>
     <span class='ocr_line' id='line_1_51' title="bbox 1401 1808 2408 1879; baseline 0.008 -22"><span class='ocrx_word' id='word_1_266' title='bbox 1401 1824 1547 1859; x_wconf 86' lang='lat' dir='ltr'>mum</span> <span class='ocrx_word' id='word_1_267' title='bbox 1576 1820 1709 1879; x_wconf 86' lang='lat' dir='ltr'>puto</span> <span class='ocrx_word' id='word_1_268' title='bbox 1740 1822 1793 1861; x_wconf 85' lang='lat' dir='ltr'>et</span> <span class='ocrx_word' id='word_1_269' title='bbox 1820 1808 2197 1863; x_wconf 83' lang='lat' dir='ltr'>adstruendum</span> <span class='ocrx_word' id='word_1_270' title='bbox 2226 1812 2408 1865; x_wconf 82' lang='lat' dir='ltr'>Graeco</span> 
     </span>
     <span class='ocr_line' id='line_1_52' title="bbox 1401 1880 2411 1957; baseline 0.011 -23"><span class='ocrx_word' id='word_1_271' title='bbox 1401 1880 1456 1935; x_wconf 67' lang='grc' dir='ltr'>δῖ</span> <span class='ocrx_word' id='word_1_272' title='bbox 1473 1922 1490 1947; x_wconf 85' lang='grc'><strong><em>,</em></strong></span> <span class='ocrx_word' id='word_1_273' title='bbox 1540 1886 1683 1957; x_wconf 88' lang='lat' dir='ltr'>quod</span> <span class='ocrx_word' id='word_1_274' title='bbox 1726 1890 2117 1941; x_wconf 85' lang='lat' dir='ltr'>continuationi</span> <span class='ocrx_word' id='word_1_275' title='bbox 2157 1893 2411 1945; x_wconf 83' lang='lat' dir='ltr'>inservire</span> 
     </span>
     <span class='ocr_line' id='line_1_53' title="bbox 1399 1964 2405 2037; baseline 0.009 -20"><span class='ocrx_word' id='word_1_276' title='bbox 1399 1964 1553 2017; x_wconf 87' lang='lat' dir='ltr'>solet.</span> <span class='ocrx_word' id='word_1_277' title='bbox 1578 1967 1781 2019; x_wconf 90' lang='lat' dir='ltr'>Locum</span> <span class='ocrx_word' id='word_1_278' title='bbox 1809 1969 1969 2037; x_wconf 74' lang='lat' dir='ltr'>igitur</span> <span class='ocrx_word' id='word_1_279' title='bbox 1993 1968 2069 2021; x_wconf 88' lang='lat' dir='ltr'>ita</span> <span class='ocrx_word' id='word_1_280' title='bbox 2099 1972 2405 2027; x_wconf 76' lang='lat' dir='ltr'>constituit:</span> 
     </span>
     <span class='ocr_line' id='line_1_54' title="bbox 1406 2043 2409 2115; baseline 0.015 -26"><span class='ocrx_word' id='word_1_281' title='bbox 1406 2065 1428 2088; x_wconf 74' lang='grc' dir='ltr'>ιι</span> <span class='ocrx_word' id='word_1_282' title='bbox 1448 2043 1566 2095; x_wconf 91' lang='lat' dir='ltr'>Cibi</span> <span class='ocrx_word' id='word_1_283' title='bbox 1583 2043 1797 2115; x_wconf 88' lang='lat' dir='ltr'>plurimi</span> <span class='ocrx_word' id='word_1_284' title='bbox 1818 2044 2059 2097; x_wconf 87' lang='lat' dir='ltr'>traditur.</span> <span class='ocrx_word' id='word_1_285' title='bbox 2081 2048 2254 2115; x_wconf 88' lang='lat' dir='ltr'>Quem</span> <span class='ocrx_word' id='word_1_286' title='bbox 2275 2064 2409 2103; x_wconf 86' lang='lat' dir='ltr'>tem-</span> 
     </span>
     <span class='ocr_line' id='line_1_55' title="bbox 1397 2120 2409 2193; baseline 0.012 -22"><span class='ocrx_word' id='word_1_287' title='bbox 1397 2140 1529 2193; x_wconf 88' lang='lat' dir='ltr'>pore</span> <span class='ocrx_word' id='word_1_288' title='bbox 1552 2120 1776 2175; x_wconf 85' lang='lat' dir='ltr'>hiberno</span> <span class='ocrx_word' id='word_1_289' title='bbox 1802 2122 1959 2176; x_wconf 80' lang='lat' dir='ltr'>etiam</span> <span class='ocrx_word' id='word_1_290' title='bbox 1984 2138 2104 2178; x_wconf 86' lang='lat' dir='ltr'>ante</span> <span class='ocrx_word' id='word_1_291' title='bbox 2127 2127 2299 2181; x_wconf 88' lang='lat' dir='ltr'>lucem</span> <span class='ocrx_word' id='word_1_292' title='bbox 2325 2150 2409 2182; x_wconf 90' lang='lat' dir='ltr'>ca-</span> 
     </span>
     <span class='ocr_line' id='line_1_56' title="bbox 1394 2205 2406 2270; baseline 0.01 -19"><span class='ocrx_word' id='word_1_293' title='bbox 1394 2219 1524 2270; x_wconf 86' lang='lat' dir='ltr'>pere</span> <span class='ocrx_word' id='word_1_294' title='bbox 1550 2215 1861 2266; x_wconf 86' lang='lat' dir='ltr'>consuerat;</span> <span class='ocrx_word' id='word_1_295' title='bbox 1886 2205 2031 2256; x_wconf 89' lang='lat' dir='ltr'>inter·</span> <span class='ocrx_word' id='word_1_296' title='bbox 2045 2223 2251 2259; x_wconf 82' lang='lat' dir='ltr'>coenam</span> <span class='ocrx_word' id='word_1_297' title='bbox 2274 2225 2406 2261; x_wconf 79' lang='lat' dir='ltr'>vero</span> 
     </span>
     <span class='ocr_line' id='line_1_57' title="bbox 1397 2280 2407 2358; baseline 0.009 -28"><span class='ocrx_word' id='word_1_298' title='bbox 1397 2296 1570 2350; x_wconf 83' lang='lat' dir='ltr'>usque</span> <span class='ocrx_word' id='word_1_299' title='bbox 1590 2298 1655 2331; x_wconf 86' lang='lat' dir='ltr'>eo</span> <span class='ocrx_word' id='word_1_300' title='bbox 1673 2280 2022 2333; x_wconf 77' lang='lat' dir='ltr'>abundantem</span> <span class='ocrx_word' id='word_1_301' title='bbox 2042 2282 2190 2353; x_wconf 89' lang='lat' dir='ltr'>(scil.</span> <span class='ocrx_word' id='word_1_302' title='bbox 2210 2304 2407 2358; x_wconf 88' lang='lat' dir='ltr'>capere</span> 
     </span>
     <span class='ocr_line' id='line_1_58' title="bbox 1396 2357 2406 2449; baseline 0.007 -40"><span class='ocrx_word' id='word_1_303' title='bbox 1396 2357 1661 2429; x_wconf 76' lang='lat' dir='ltr'>solebat),</span> <span class='ocrx_word' id='word_1_304' title='bbox 1692 2369 1752 2409; x_wconf 85' lang='lat' dir='ltr'>ut.</span> <span class='ocrx_word' id='word_1_305' title='bbox 1785 2373 2063 2449; x_wconf 69' lang='lat' dir='ltr'>congestas</span> <span class='ocrx_word' id='word_1_306' title='bbox 2089 2380 2257 2432; x_wconf 85' lang='lat' dir='ltr'>super</span> <span class='ocrx_word' id='word_1_307' title='bbox 2288 2382 2406 2417; x_wconf 82' lang='lat' dir='ltr'>ma-</span> 
     </span>
     <span class='ocr_line' id='line_1_59' title="bbox 1395 2438 2405 2511; baseline 0.008 -24"><span class='ocrx_word' id='word_1_308' title='bbox 1395 2454 1498 2490; x_wconf 87' lang='lat' dir='ltr'>nus</span> <span class='ocrx_word' id='word_1_309' title='bbox 1528 2438 1778 2510; x_wconf 89' lang='lat' dir='ltr'>reliquias</span> <span class='ocrx_word' id='word_1_310' title='bbox 1805 2438 1995 2490; x_wconf 79' lang='lat' dir='ltr'>circum</span> <span class='ocrx_word' id='word_1_311' title='bbox 2020 2439 2221 2511; x_wconf 55' lang='lat' dir='ltr'>sefer-14</span> <span class='ocrx_word' id='word_1_312' title='bbox 2238 2440 2405 2511; x_wconf 86' lang='lat' dir='ltr'>jube-</span> 
     </span>
     <span class='ocr_line' id='line_1_60' title="bbox 1393 2517 2399 2590; baseline 0.002 -22"><span class='ocrx_word' id='word_1_313' title='bbox 1393 2531 1499 2582; x_wconf 86' lang='lat' dir='ltr'>ret,</span> <span class='ocrx_word' id='word_1_314' title='bbox 1520 2520 1806 2590; x_wconf 66' lang='lat' dir='ltr'>spargique</span> <span class='ocrx_word' id='word_1_315' title='bbox 1826 2519 1893 2569; x_wconf 87' lang='lat' dir='ltr'>ad</span> <span class='ocrx_word' id='word_1_316' title='bbox 1912 2517 2076 2588; x_wconf 88' lang='lat' dir='ltr'>pedes</span> <span class='ocrx_word' id='word_1_317' title='bbox 2097 2520 2358 2574; x_wconf 84' lang='lat' dir='ltr'>stantibus</span> <span class='ocrx_word' id='word_1_318' title='bbox 2375 2545 2399 2570; x_wconf 69' lang='lat' dir='ltr'><em>n</em></span> 
     </span>
     <span class='ocr_line' id='line_1_61' title="bbox 1396 2595 2402 2672; baseline 0.005 -24"><span class='ocrx_word' id='word_1_319' title='bbox 1396 2596 1641 2666; x_wconf 84' lang='lat' dir='ltr'>(Dissert.</span> <span class='ocrx_word' id='word_1_320' title='bbox 1668 2616 1788 2668; x_wconf 81' lang='lat' dir='ltr'>pag.</span> <span class='ocrx_word' id='word_1_321' title='bbox 1817 2595 1943 2668; x_wconf 84' lang='lat'>31),</span> <span class='ocrx_word' id='word_1_322' title='bbox 1971 2601 2226 2671; x_wconf 81' lang='lat' dir='ltr'>vertitque</span> <span class='ocrx_word' id='word_1_323' title='bbox 2252 2619 2304 2672; x_wconf 88' lang='lat' dir='ltr'>p.</span> <span class='ocrx_word' id='word_1_324' title='bbox 2332 2599 2402 2654; x_wconf 82' lang='lat'>33</span> 
     </span>
     <span class='ocr_line' id='line_1_62' title="bbox 1394 2675 2405 2748; baseline 0.006 -21"><span class='ocrx_word' id='word_1_325' title='bbox 1394 2675 1605 2748; x_wconf 75' lang='lat' dir='ltr'>(lingua</span> <span class='ocrx_word' id='word_1_326' title='bbox 1644 2688 1825 2728; x_wconf 86' lang='lat' dir='ltr'>nostra</span> <span class='ocrx_word' id='word_1_327' title='bbox 1862 2697 1962 2748; x_wconf 87' lang='lat' dir='ltr'>pro</span> <span class='ocrx_word' id='word_1_328' title='bbox 1999 2679 2293 2734; x_wconf 85' lang='lat' dir='ltr'>Teutonica</span> <span class='ocrx_word' id='word_1_329' title='bbox 2324 2683 2405 2733; x_wconf 89' lang='lat' dir='ltr'>uti</span> 
     </span>
     <span class='ocr_line' id='line_1_63' title="bbox 1393 2755 2403 2832; baseline 0.005 -24"><span class='ocrx_word' id='word_1_330' title='bbox 1393 2755 1616 2828; x_wconf 85' lang='lat' dir='ltr'>liceat):</span> <span class='ocrx_word' id='word_1_331' title='bbox 1665 2756 1797 2808; x_wconf 89' lang='lat' dir='ltr'>⁸On</span> <span class='ocrx_word' id='word_1_332' title='bbox 1842 2755 1920 2808; x_wconf 89' lang='lat' dir='ltr'>dit</span> <span class='ocrx_word' id='word_1_333' title='bbox 1964 2776 2033 2829; x_wconf 86' lang='lat' dir='ltr'>qu</span> <span class='ocrx_word' id='word_1_334' title='bbox 2036 2757 2089 2808; x_wconf 89' lang='lat' dir='ltr'>’il</span> <span class='ocrx_word' id='word_1_335' title='bbox 2136 2763 2403 2832; x_wconf 79' lang='lat' dir='ltr'>mangeait</span> 
     </span>
     <span class='ocr_line' id='line_1_64' title="bbox 1399 2833 2403 2916; baseline 0.006 -30.288"><span class='ocrx_word' id='word_1_336' title='bbox 1399 2833 1746 2916; x_wconf 79' lang='lat' dir='ltr'>-beaucoup,</span> <span class='ocrx_word' id='word_1_337' title='bbox 1763 2849 1813 2888; x_wconf 89' lang='lat' dir='ltr'>et</span> <span class='ocrx_word' id='word_1_338' title='bbox 1824 2855 1891 2887; x_wconf 88' lang='lat' dir='ltr'>en</span> <span class='ocrx_word' id='word_1_339' title='bbox 1907 2833 2231 2890; x_wconf 87' lang='lat' dir='ltr'>hivermeme</span> <span class='ocrx_word' id='word_1_340' title='bbox 2242 2851 2403 2892; x_wconf 81' lang='lat' dir='ltr'>avant</span> 
     </span>
     <span class='ocr_line' id='line_1_65' title="bbox 1399 2913 2402 2986; baseline 0.004 -21"><span class='ocrx_word' id='word_1_341' title='bbox 1399 2937 1421 2960; x_wconf 93' lang='lat'>⁸</span> <span class='ocrx_word' id='word_1_342' title='bbox 1439 2913 1488 2965; x_wconf 90' lang='lat' dir='ltr'>le</span> <span class='ocrx_word' id='word_1_343' title='bbox 1510 2919 1653 2986; x_wconf 87' lang='lat' dir='ltr'>jour.</span> <span class='ocrx_word' id='word_1_344' title='bbox 1678 2917 1834 2968; x_wconf 87' lang='lat' dir='ltr'>Etant</span> <span class='ocrx_word' id='word_1_345' title='bbox 1863 2917 1893 2966; x_wconf 75' lang='lat' dir='ltr'>a</span> <span class='ocrx_word' id='word_1_346' title='bbox 1917 2913 2059 2966; x_wconf 88' lang='lat' dir='ltr'>table</span> <span class='ocrx_word' id='word_1_347' title='bbox 2083 2915 2119 2966; x_wconf 88' lang='lat' dir='ltr'>il</span> <span class='ocrx_word' id='word_1_348' title='bbox 2147 2919 2402 2969; x_wconf 88' lang='lat' dir='ltr'>montrait</span> 
     </span>
     <span class='ocr_line' id='line_1_66' title="bbox 1395 2991 2399 3066; baseline 0.005 -20"><span class='ocrx_word' id='word_1_349' title='bbox 1395 3015 1418 3040; x_wconf 92' lang='lat'>⁸</span> <span class='ocrx_word' id='word_1_350' title='bbox 1439 3007 1552 3046; x_wconf 84' lang='lat' dir='ltr'>tant</span> <span class='ocrx_word' id='word_1_351' title='bbox 1570 2992 1615 3044; x_wconf 90' lang='lat' dir='ltr'>d’</span> <span class='ocrx_word' id='word_1_352' title='bbox 1622 2995 1851 3065; x_wconf 70' lang='lat' dir='ltr'>appetit,</span> <span class='ocrx_word' id='word_1_353' title='bbox 1873 3012 1943 3066; x_wconf 91' lang='lat' dir='ltr'>qu</span> <span class='ocrx_word' id='word_1_354' title='bbox 1944 2991 1996 3046; x_wconf 89' lang='lat' dir='ltr'>’il</span> <span class='ocrx_word' id='word_1_355' title='bbox 2012 3013 2068 3046; x_wconf 79' lang='lat' dir='ltr'>se</span> <span class='ocrx_word' id='word_1_356' title='bbox 2082 2995 2253 3047; x_wconf 84' lang='lat' dir='ltr'>faisait</span> <span class='ocrx_word' id='word_1_357' title='bbox 2274 3015 2399 3066; x_wconf 84' lang='lat' dir='ltr'>pas-</span> 
     </span>
     <span class='ocr_line' id='line_1_67' title="bbox 1395 3069 2396 3128; baseline 0.009 -9"><span class='ocrx_word' id='word_1_358' title='bbox 1395 3096 1417 3119; x_wconf 72' lang='lat'><strong>·</strong></span> <span class='ocrx_word' id='word_1_359' title='bbox 1438 3092 1522 3124; x_wconf 84' lang='lat' dir='ltr'>ser</span> <span class='ocrx_word' id='word_1_360' title='bbox 1560 3069 1626 3124; x_wconf 87' lang='lat' dir='ltr'>de</span> <span class='ocrx_word' id='word_1_361' title='bbox 1656 3073 1798 3124; x_wconf 87' lang='lat' dir='ltr'>main</span> <span class='ocrx_word' id='word_1_362' title='bbox 1838 3092 1903 3124; x_wconf 90' lang='lat' dir='ltr'>en</span> <span class='ocrx_word' id='word_1_363' title='bbox 1942 3073 2083 3125; x_wconf 86' lang='lat' dir='ltr'>main</span> <span class='ocrx_word' id='word_1_364' title='bbox 2121 3072 2198 3126; x_wconf 84' lang='lat' dir='ltr'>les</span> <span class='ocrx_word' id='word_1_365' title='bbox 2230 3087 2396 3128; x_wconf 81' lang='lat' dir='ltr'>restes</span> 
     </span>
     <span class='ocr_line' id='line_1_68' title="bbox 1395 3150 2397 3224; baseline 0.008 -26"><span class='ocrx_word' id='word_1_366' title='bbox 1395 3175 1416 3198; x_wconf 69' lang='grc' dir='ltr'>ι</span> <span class='ocrx_word' id='word_1_367' title='bbox 1439 3150 1619 3204; x_wconf 67' lang='grc' dir='ltr'>ἰείεςόε</span> <span class='ocrx_word' id='word_1_368' title='bbox 1660 3171 1760 3224; x_wconf 87' lang='lat' dir='ltr'>par</span> <span class='ocrx_word' id='word_1_369' title='bbox 1800 3151 2008 3224; x_wconf 82' lang='lat' dir='ltr'>chaque</span> <span class='ocrx_word' id='word_1_370' title='bbox 2051 3155 2267 3204; x_wconf 79' lang='lat' dir='ltr'>convive</span> <span class='ocrx_word' id='word_1_371' title='bbox 2282 3192 2299 3220; x_wconf 97' lang='lat'>,</span> <span class='ocrx_word' id='word_1_372' title='bbox 2342 3165 2397 3206; x_wconf 88' lang='lat' dir='ltr'>et</span> 
     </span>
     <span class='ocr_line' id='line_1_69' title="bbox 1395 3228 2393 3302; baseline 0.003 -21"><span class='ocrx_word' id='word_1_373' title='bbox 1395 3252 1416 3276; x_wconf 88' lang='lat'>⁸</span> <span class='ocrx_word' id='word_1_374' title='bbox 1439 3228 1559 3302; x_wconf 82' lang='lat' dir='ltr'>qu’il</span> <span class='ocrx_word' id='word_1_375' title='bbox 1591 3230 1667 3282; x_wconf 89' lang='lat' dir='ltr'>les</span> <span class='ocrx_word' id='word_1_376' title='bbox 1694 3233 1946 3282; x_wconf 83' lang='lat' dir='ltr'>entassait</span> <span class='ocrx_word' id='word_1_377' title='bbox 1972 3243 2165 3282; x_wconf 79' lang='lat' dir='ltr'>nutour</span> <span class='ocrx_word' id='word_1_378' title='bbox 2194 3229 2261 3283; x_wconf 84' lang='lat' dir='ltr'>de</span> <span class='ocrx_word' id='word_1_379' title='bbox 2289 3232 2393 3299; x_wconf 89' lang='lat' dir='ltr'>lui,</span> 
     </span>
     <span class='ocr_line' id='line_1_70' title="bbox 1392 3307 2395 3366; baseline 0.005 -6"><span class='ocrx_word' id='word_1_380' title='bbox 1392 3332 1414 3355; x_wconf 93' lang='lat'>⁸</span> <span class='ocrx_word' id='word_1_381' title='bbox 1437 3321 1593 3360; x_wconf 84' lang='lat' dir='ltr'>avant</span> <span class='ocrx_word' id='word_1_382' title='bbox 1616 3307 1683 3360; x_wconf 87' lang='lat' dir='ltr'>de</span> <span class='ocrx_word' id='word_1_383' title='bbox 1710 3309 1787 3360; x_wconf 83' lang='lat' dir='ltr'>les</span> <span class='ocrx_word' id='word_1_384' title='bbox 1811 3307 2158 3361; x_wconf 80' lang='lat' dir='ltr'>abandonncr</span> <span class='ocrx_word' id='word_1_385' title='bbox 2181 3328 2283 3362; x_wconf 83' lang='lat' dir='ltr'>aux</span> <span class='ocrx_word' id='word_1_386' title='bbox 2308 3329 2395 3366; x_wconf 87' lang='lat' dir='ltr'>es-</span> 
     </span>
     <span class='ocr_line' id='line_1_71' title="bbox 1389 3386 2391 3454; baseline 0.006 -20"><span class='ocrx_word' id='word_1_387' title='bbox 1389 3411 1411 3434; x_wconf 72' lang='lat'><strong>·</strong></span> <span class='ocrx_word' id='word_1_388' title='bbox 1433 3387 1623 3440; x_wconf 84' lang='lat' dir='ltr'>claves.</span> <span class='ocrx_word' id='word_1_389' title='bbox 1645 3410 1668 3435; x_wconf 73' lang='lat' dir='ltr'>n</span> <span class='ocrx_word' id='word_1_390' title='bbox 1698 3387 1871 3454; x_wconf 88' lang='lat' dir='ltr'>Quam</span> <span class='ocrx_word' id='word_1_391' title='bbox 1896 3386 2060 3439; x_wconf 88' lang='lat' dir='ltr'>multa</span> <span class='ocrx_word' id='word_1_392' title='bbox 2086 3390 2138 3440; x_wconf 88' lang='lat' dir='ltr'>in</span> <span class='ocrx_word' id='word_1_393' title='bbox 2176 3387 2275 3440; x_wconf 81' lang='lat' dir='ltr'>hac</span> <span class='ocrx_word' id='word_1_394' title='bbox 2308 3389 2391 3440; x_wconf 90' lang='lat' dir='ltr'>in-</span> 
     </span>
     <span class='ocr_line' id='line_1_72' title="bbox 1381 3467 2387 3538; baseline 0.002 -20"><span class='ocrx_word' id='word_1_395' title='bbox 1381 3468 1758 3538; x_wconf 87' lang='lat' dir='ltr'>terpretatione</span> <span class='ocrx_word' id='word_1_396' title='bbox 1778 3481 1979 3519; x_wconf 83' lang='lat' dir='ltr'>mutata</span> <span class='ocrx_word' id='word_1_397' title='bbox 2002 3467 2134 3534; x_wconf 84' lang='lat' dir='ltr'>sint,</span> <span class='ocrx_word' id='word_1_398' title='bbox 2148 3467 2231 3519; x_wconf 83' lang='lat' dir='ltr'>vel</span> <span class='ocrx_word' id='word_1_399' title='bbox 2246 3468 2387 3520; x_wconf 79' lang='lat' dir='ltr'>falso</span> 
     </span>
     <span class='ocr_line' id='line_1_73' title="bbox 1381 3544 2388 3617; baseline 0.004 -21"><span class='ocrx_word' id='word_1_400' title='bbox 1381 3544 1611 3612; x_wconf 86' lang='lat' dir='ltr'>reddita,</span> <span class='ocrx_word' id='word_1_401' title='bbox 1636 3558 1695 3596; x_wconf 89' lang='lat' dir='ltr'>ut</span> <span class='ocrx_word' id='word_1_402' title='bbox 1717 3563 1868 3617; x_wconf 83' lang='lat' dir='ltr'>super</span> <span class='ocrx_word' id='word_1_403' title='bbox 1894 3564 2108 3612; x_wconf 73' lang='lat' dir='ltr'>nunnus,</span> <span class='ocrx_word' id='word_1_404' title='bbox 2134 3548 2283 3616; x_wconf 85' lang='lat' dir='ltr'>quasi</span> <span class='ocrx_word' id='word_1_405' title='bbox 2314 3566 2388 3600; x_wconf 85' lang='lat' dir='ltr'>es-</span> 
     </span>
     <span class='ocr_line' id='line_1_74' title="bbox 1379 3625 2385 3696; baseline 0.002 -20"><span class='ocrx_word' id='word_1_406' title='bbox 1379 3638 1456 3676; x_wconf 87' lang='lat' dir='ltr'>set</span> <span class='ocrx_word' id='word_1_407' title='bbox 1471 3644 1569 3696; x_wconf 87' lang='lat' dir='ltr'>per</span> <span class='ocrx_word' id='word_1_408' title='bbox 1584 3641 1767 3675; x_wconf 82' lang='lat' dir='ltr'>manus</span> <span class='ocrx_word' id='word_1_409' title='bbox 1778 3661 1794 3687; x_wconf 94' lang='lat'>,</span> <span class='ocrx_word' id='word_1_410' title='bbox 1819 3633 1990 3696; x_wconf 87' lang='lat' dir='ltr'>neque‘</span> <span class='ocrx_word' id='word_1_411' title='bbox 2007 3626 2298 3696; x_wconf 87' lang='lat' dir='ltr'>pertineret</span> <span class='ocrx_word' id='word_1_412' title='bbox 2316 3625 2385 3678; x_wconf 85' lang='lat' dir='ltr'>ad</span> 
     </span>
     <span class='ocr_line' id='line_1_75' title="bbox 1377 3701 2383 3776; baseline -0.001 -20"><span class='ocrx_word' id='word_1_413' title='bbox 1377 3715 1662 3776; x_wconf 73' lang='lat' dir='ltr'>conqestas,</span> <span class='ocrx_word' id='word_1_414' title='bbox 1686 3701 1777 3754; x_wconf 84' lang='lat' dir='ltr'>sed</span> <span class='ocrx_word' id='word_1_415' title='bbox 1800 3703 1867 3754; x_wconf 88' lang='lat' dir='ltr'>ad</span> <span class='ocrx_word' id='word_1_416' title='bbox 1890 3702 2242 3774; x_wconf 75' lang='lat' dir='ltr'>circumferri,</span> <span class='ocrx_word' id='word_1_417' title='bbox 2266 3703 2383 3771; x_wconf 79' lang='lat' dir='ltr'>vel,</span> 
     </span>
     <span class='ocr_line' id='line_1_76' title="bbox 1377 3783 2383 3856; baseline 0.002 -21"><span class='ocrx_word' id='word_1_418' title='bbox 1377 3799 1437 3836; x_wconf 88' lang='lat' dir='ltr'>ut</span> <span class='ocrx_word' id='word_1_419' title='bbox 1456 3785 1542 3838; x_wconf 88' lang='lat' dir='ltr'>ille</span> <span class='ocrx_word' id='word_1_420' title='bbox 1560 3783 1715 3856; x_wconf 72' lang='lat' dir='ltr'>legit,</span> <span class='ocrx_word' id='word_1_421' title='bbox 1740 3785 1933 3836; x_wconf 79' lang='lat' dir='ltr'>circum</span> <span class='ocrx_word' id='word_1_422' title='bbox 1954 3802 2004 3836; x_wconf 85' lang='lat' dir='ltr'>se</span> <span class='ocrx_word' id='word_1_423' title='bbox 2010 3783 2152 3854; x_wconf 77' lang='lat' dir='ltr'>ferri</span> <span class='ocrx_word' id='word_1_424' title='bbox 2157 3823 2177 3851; x_wconf 90' lang='lat'>‚</span> <span class='ocrx_word' id='word_1_425' title='bbox 2198 3797 2256 3836; x_wconf 86' lang='lat' dir='ltr'>ut</span> <span class='ocrx_word' id='word_1_426' title='bbox 2276 3783 2383 3837; x_wconf 83' lang='lat' dir='ltr'>alia</span> 
     </span>
     <span class='ocr_line' id='line_1_77' title="bbox 1379 3860 2381 3935; baseline 0.002 -21"><span class='ocrx_word' id='word_1_427' title='bbox 1379 3875 1613 3929; x_wconf 83' lang='lat' dir='ltr'>taceam,</span> <span class='ocrx_word' id='word_1_428' title='bbox 1636 3863 1859 3934; x_wconf 83' lang='lat' dir='ltr'>quisque</span> <span class='ocrx_word' id='word_1_429' title='bbox 1882 3860 2040 3913; x_wconf 86' lang='lat' dir='ltr'>videt.</span> <span class='ocrx_word' id='word_1_430' title='bbox 2062 3863 2186 3914; x_wconf 77' lang='lat' dir='ltr'>&#39;Non</span> <span class='ocrx_word' id='word_1_431' title='bbox 2212 3865 2381 3935; x_wconf 75' lang='lat' dir='ltr'>magis</span> 
     </span>
     <span class='ocr_line' id='line_1_78' title="bbox 1375 3940 2378 4014; baseline 0.002 -22"><span class='ocrx_word' id='word_1_432' title='bbox 1375 3941 1592 4014; x_wconf 85' lang='lat' dir='ltr'>placent</span> <span class='ocrx_word' id='word_1_433' title='bbox 1612 3981 1629 4008; x_wconf 91' lang='lat'>,</span> <span class='ocrx_word' id='word_1_434' title='bbox 1684 3961 1799 4014; x_wconf 78' lang='lat' dir='ltr'>quoe</span> <span class='ocrx_word' id='word_1_435' title='bbox 1850 3943 2085 3994; x_wconf 87' lang='lat' dir='ltr'>Bremius</span> <span class='ocrx_word' id='word_1_436' title='bbox 2134 3941 2155 4012; x_wconf 94' lang='lat'>(</span> <span class='ocrx_word' id='word_1_437' title='bbox 2174 3940 2378 3994; x_wconf 83' lang='lat' dir='ltr'>Gallice</span> 
     </span>
     <span class='ocr_line' id='line_1_79' title="bbox 1373 4021 2374 4094; baseline -0.001 -19"><span class='ocrx_word' id='word_1_438' title='bbox 1373 4023 1621 4094; x_wconf 86' lang='lat' dir='ltr'>nempe):</span> <span class='ocrx_word' id='word_1_439' title='bbox 1649 4045 1670 4067; x_wconf 85' lang='lat'>⁸</span> <span class='ocrx_word' id='word_1_440' title='bbox 1687 4021 1725 4072; x_wconf 86' lang='lat' dir='ltr'>n</span> <span class='ocrx_word' id='word_1_441' title='bbox 1746 4021 1898 4072; x_wconf 87' lang='lat' dir='ltr'>fesait</span> <span class='ocrx_word' id='word_1_442' title='bbox 1917 4039 2097 4092; x_wconf 85' lang='lat' dir='ltr'>passer</span> <span class='ocrx_word' id='word_1_443' title='bbox 2116 4021 2189 4072; x_wconf 83' lang='lat' dir='ltr'>les</span> <span class='ocrx_word' id='word_1_444' title='bbox 2209 4033 2374 4074; x_wconf 82' lang='lat' dir='ltr'>restes</span> 
     </span>
     <span class='ocr_line' id='line_1_80' title="bbox 1380 4099 2375 4168; baseline 0 -18"><span class='ocrx_word' id='word_1_445' title='bbox 1380 4128 1401 4150; x_wconf 66' lang='grc' dir='ltr'><strong>α</strong></span> <span class='ocrx_word' id='word_1_446' title='bbox 1423 4101 1489 4154; x_wconf 84' lang='lat' dir='ltr'>de</span> <span class='ocrx_word' id='word_1_447' title='bbox 1509 4103 1649 4152; x_wconf 85' lang='lat' dir='ltr'>main</span> <span class='ocrx_word' id='word_1_448' title='bbox 1662 4119 1733 4152; x_wconf 80' lang='lat' dir='ltr'>en</span> <span class='ocrx_word' id='word_1_449' title='bbox 1754 4101 1924 4168; x_wconf 84' lang='lat' dir='ltr'>main,</span> <span class='ocrx_word' id='word_1_450' title='bbox 1948 4114 2000 4154; x_wconf 83' lang='lat' dir='ltr'>ct</span> <span class='ocrx_word' id='word_1_451' title='bbox 2022 4101 2097 4154; x_wconf 86' lang='lat' dir='ltr'>les</span> <span class='ocrx_word' id='word_1_452' title='bbox 2116 4099 2269 4153; x_wconf 78' lang='lat' dir='ltr'>sesait</span> <span class='ocrx_word' id='word_1_453' title='bbox 2292 4099 2375 4150; x_wconf 84' lang='lat' dir='ltr'>di-</span> 
     </span>
    </p>
   </div>
  </div>
 </body>
</html>
