3050 5004
600 521 611 528 .
688 460 820 545 416
1440 458 1513 523 c.
1567 458 2041 525 snEToun

685 611 891 683 quam
923 603 1151 656 tamen
1178 601 1299 654 aut
1322 583 1622 654 historias
1636 639 1654 670 ,
1683 585 2182 656 carminibusve
2209 586 2601 672 noscendis,
2631 615 2788 684 ope-

685 723 831 766 ram
869 696 1112 779 ullam,
1156 711 1276 764 aut
1302 695 1457 764 stilo
1484 696 1593 764 vel
1622 699 2003 766 necessario
2037 696 2285 766 dedit².
2327 705 2579 769 Praeter
2616 727 2788 772 com-

684 810 1049 877 mentarios
1088 823 1159 874 et
1190 821 1339 874 acta
1372 806 1626 874 Tiberii
1661 809 1944 875 Caesaris
1961 805 1986 846 ³
2009 807 2200 876 'nihil
2242 808 2615 880 lectitabat:
2655 817 2790 906 epi-

684 918 925 1000 stola5‚
963 921 1438 1013 orationesque
1455 971 1473 1003 ‚
1509 935 1577 986 et
1609 917 1829 986 edicta
1857 918 2078 988 alieno
2112 921 2448 990 formabat
2484 925 2783 1016 ingenio:

686 1031 1016 1097 sermonis
1036 1045 1261 1097 tamen
1280 1053 1406 1096 nec
1430 1029 1850 1122 inelegantis,
1872 1029 2208 1098 dictorum
2226 1032 2570 1100 interdum
2589 1039 2788 1104 etiam

684 1140 1107 1209 notabilium.
1175 1172 1201 1201 α
1230 1140 1524 1225 Vellem,
1551 1173 1578 1202 κ
1641 1145 1897 1238 inquit,
1933 1171 1990 1202 τι
2018 1158 2158 1210 tam
2213 1145 2554 1215 formosus
2602 1173 2746 1217 esse
2771 1205 2788 1232 ,

688 1277 893 1348 quam
925 1251 1216 1320 Metius4
1252 1251 1379 1320 sibi
1410 1252 1700 1322 videtur.
1732 1285 1758 1315 ιο
1799 1259 1887 1321 Et
1913 1251 2270 1347 cujusdam
2307 1276 2544 1351 caput,
2583 1265 2792 1330 varie-

686 1379 822 1432 tate
866 1363 1094 1456 capilli
1140 1363 1551 1432 subrutilum
1597 1380 1665 1432 et
1713 1367 2065 1448 incanum,
2127 1396 2154 1426 e<
2175 1367 2520 1460 perfusam
2566 1373 2790 1440 nivem

686 1474 910 1542 mulso
933 1505 960 1535 n
998 1472 1186 1542 dixit.

778 1591 955 1654 XXI.
1013 1615 1040 1646 α
1062 1585 1531 1656 Conditionem
1571 1589 1960 1681 Principum
1993 1592 2441 1658 miserrimam
2466 1621 2493 1651 υ
2533 1591 2787 1674 aiebat,

696 1729 723 1760 a
748 1700 997 1795 quibus
1024 1698 1109 1766 de
1139 1696 1604 1792 conjuratione
1635 1718 1979 1794 comperta
2011 1726 2150 1770 non
2179 1701 2572 1769 crederetur
2589 1713 2632 1787 ¹,
2661 1704 2793 1769 nisi

688 1810 947 1878 occisis.
974 1841 1002 1872 n
1046 1814 1323 1896 Quoties
1360 1813 1574 1878 otium
1613 1826 1820 1894 esset,
1855 1810 2000 1878 alea
2039 1835 2110 1878 se
2149 1810 2792 1894 oblectabat,'efiam

686 1921 1003 2014 profestis
1030 1918 1269 1988 diebus
1285 1972 1302 2003 ‚
1332 1922 1814 2016 matutinisque
1844 1920 2028 1989 horis
2045 1939 2106 1988 ²:
2137 1947 2218 1989 ac
2243 1921 2513 1989 lavabat
2534 1921 2621 1990 de
2647 1922 2756 1990 die
2773 1974 2790 2004 ,

689 2028 1197 2123 prandebatque
1218 2028 1304 2098 ad
1330 2032 1704 2098 satietatem
1721 2057 1737 2112 ;
1759 2047 1839 2098 ut
1853 2055 1995 2099 non
2013 2048 2265 2100 temere
2284 2055 2492 2124 super
2509 2055 2790 2114 cumam,

688 2156 937 2232 praeter
954 2141 1330 2207 Matianum
1348 2139 1608 2207 malum
1619 2139 1667 2225 ³,
1687 2158 1755 2207 et
1771 2141 2106 2209 modicam
2125 2145 2195 2208 in
2211 2141 2510 2234 ampulla
2532 2145 2796 2235 potiun-

688 2249 914 2318 culam
960 2267 1278 2318 sumeret.
1324 2250 1824 2319 Convivabatur
1862 2251 2250 2346 fiequenter
2291 2275 2370 2319 ac
2409 2250 2629 2343 large,
2677 2251 2794 2319 'sed

690 2383 885 2452 paene
903 2363 1179 2454 raptim:
1206 2377 1387 2429 certe
1411 2379 1550 2429 non
1571 2361 1748 2429 ultra
1768 2361 1928 2429 solis
1953 2385 2266 2429 occasum
2279 2414 2297 2446 ,
2324 2385 2452 2430 nec
2469 2379 2549 2431 ut
2564 2379 2794 2455 postea

692 2564 725 2615 1.
750 2562 1025 2635 intelligit,
1052 2562 1121 2617 ab
1145 2564 1383 2618 Antonio
1406 2565 1698 2639 Cleopatrae
1787 2567 2030 2637 Excerpt.
2061 2568 2288 2619 Peiresc.
2310 2567 2511 2618 inserta
2538 2564 2786 2639 xiphilin.

690 2642 947 2704 donatam
982 2656 1034 2694 et
1068 2642 1442 2697 Alexandriam
1468 2645 1698 2697 transla-
1786 2646 2001 2713 vau,
2037 2663 2114 2697 ιι.

692 2734 817 2775 tam.

766 2818 814 2854 2.
842 2804 1129 2875 Nunquam
1149 2813 1389 2855 tamen...
1405 2803 1565 2855 dedit.
1589 2804 1700 2855 Pri-

690 2892 842 2931 vatus
876 2882 1015 2931 enim
1042 2880 1309 2932 simulavit
1334 2892 1542 2931 tantum
1574 2899 1702 2952 poe-

692 2958 808 3009 ticae
830 2957 1065 3010 studium
1088 2957 1239 3027 (vide
1263 2977 1382 3029 cap.
1412 2958 1490 3030 2).
1512 2962 1700 3011 Poeta-

692 3058 845 3103 rum,
880 3041 973 3111 qui
1000 3038 1261 3092 extollunt
1297 3039 1548 3093 laudibus
1587 3042 1700 3110 ejus

693 3118 1043 3171 eruditionem
1070 3158 1087 3187 ‚
1146 3121 1413 3181 neminem
1468 3119 1704 3171 movebit

694 3196 948 3250 adulatio.
969 3226 1042 3237 —-
1064 3198 1361 3251 NoscendiS.
1386 3198 1702 3269 Recepimus

692 3275 798 3327 hoc
830 3295 952 3328 cum
984 3275 1233 3329 Oudeud.
1278 3278 1600 3347 optimorum
1637 3276 1704 3327 li·-

692 3358 915 3411 brorum
941 3357 1061 3409 fide.
1085 3358 1169 3409 Al.
1196 3359 1588 3432 cognoscendis,
1621 3372 1704 3411 at-

696 3456 799 3509 que
830 3439 899 3489 ita
934 3454 1236 3511 coqnoscere
1268 3436 1473 3491 libellos
1507 3435 1704 3507 legitur

692 3515 773 3567 Ill.
798 3515 1031 3568 Gramm.
1057 3517 1139 3581 24.
1168 3518 1460 3588 Utrumque
1482 3530 1564 3569 est
1583 3515 1704 3569 ιίηι-

691 3593 891 3663 γιόηυ,
919 3594 1084 3667 leqere
1098 3633 1115 3659 ,
1140 3594 1299 3667 idque
1320 3615 1443 3647 cum
1468 3596 1660 3650 studio.

768 3673 817 3725 3.
858 3674 1053 3727 Proeter
1082 3676 1479 3727 commentarios
1510 3688 1562 3728 et
1587 3687 1704 3728 acta

698 3753 895 3805 Tiberii
938 3754 1181 3819 Caesaris,
1226 3767 1326 3805 etc.
1376 3755 1704 3805 Commenta-

697 3832 800 3883 rius
823 3844 899 3884 est
914 3869 931 3895 ‚
962 3850 1113 3904 quem
1142 3831 1205 3882 de
1228 3832 1333 3883 vita
1356 3850 1447 3885 sua
1474 3850 1704 3884 summa-

699 3909 793 3961 tim
810 3908 1126 3980 breviterque
1142 3912 1431 3982 composuit
1452 3911 1697 3963 Tiberius.

697 3984 778 4037 Cf.
807 3986 979 4039 Tiber.
1006 3986 1091 4038 61.
1128 3986 1263 4039 Acta
1288 4001 1463 4040 autem
1490 3976 1702 4053 ὀπομηῖ-

1859 2724 1909 2796 4.
1953 2725 2147 2777 Metius
2159 2746 2179 2787 ,-
2205 2723 2272 2777 de
2296 2742 2404 2796 quo
2427 2722 2551 2775 vide
2575 2724 2786 2795 vespas.

1797 2805 1892 2872 14,
1923 2818 1976 2856 et
2003 2805 2200 2856 Domit.
2239 2820 2316 2855 ιο.

1858 2886 1996 2935 XXI.
2027 2902 2068 2935 1.
2096 2883 2348 2953 Quibus...
2369 2900 2478 2935 non
2493 2884 2794 2947 crederetur,

1791 2975 1892 3015 etc.
1929 2960 2127 3013 Eadem
2161 2973 2242 3016 cst
2283 2962 2543 3013 sententia
2580 2962 2794 3027 Dionis,

1789 3040 1920 3105 LIV,
1945 3038 2023 3093 15.
2051 3040 2281 3111 Repetiit
2292 3040 2586 3091 Domitiani
2602 3038 2794 3091 dictum

1790 3118 2122 3183 Hadrianus,
2163 3118 2380 3171 auctore
2407 3118 2620 3171 Vulcat.
2658 3118 2790 3171 Gall.

1790 3198 1848 3250 in
1876 3199 1994 3250 Vita
2015 3195 2192 3250 Avidii
2221 3199 2419 3264 Cassii,
2450 3216 2570 3271 cap.
2605 3217 2652 3250 2.

1867 3295 1915 3329 2.
1957 3278 2137 3331 Etiam
2167 3277 2410 3349 profestis
2439 3278 2649 3342 diebus,
2687 3296 2798 3331 ma—

1793 3357 2072 3428 latinisque
2089 3356 2256 3417 hori„
2282 3370 2521 3429 tempore
2537 3396 2556 3425 ‚
2580 3358 2796 3430 negotiis

1795 3434 1925 3487 alias
1953 3435 2098 3488 dato.

1865 3515 1914 3567 3.
1956 3517 2156 3568 Proeter
2173 3516 2473 3568 Matianum
2493 3514 2711 3567 malum.
2733 3514 2790 3567 C.

1791 3592 2016 3654 Matius,
2055 3595 2281 3664 Augusti
2314 3596 2549 3662 amicus,
2589 3596 2800 3647 invene-

1793 3686 1877 3725 rat
1922 3692 2138 3725 nemora
2187 3671 2398 3725 tonsilia
2437 3671 2614 3742 (Plin.
2663 3674 2790 3723 nist.

1792 3753 1916 3805 Nat.
1936 3753 2059 3818 ΧΠ,
2083 3770 2110 3803 2
2129 3749 2198 3826 [6]
2215 3752 2234 3823 )
2249 3789 2266 3817 ‚
2281 3765 2334 3803 et
2349 3754 2632 3823 scripserat
2647 3752 2800 3805 etiam

1797 3829 1862 3883 de
1901 3844 2010 3883 arte
2045 3833 2360 3901 coquinaria
2393 3830 2638 3900 (Colum.
2675 3832 2800 3897 xa,

1797 3909 1866 3976 44
1877 3910 1911 3979 ).
1937 3909 2022 3961 Ab
2045 3929 2108 3961 eo
2137 3909 2418 3961 conditore
2437 3928 2635 3962 nomen
2658 3928 2802 3961 acce·

1796 3992 1874 4059 pit
1910 3989 2115 4060 malurn
2153 3989 2472 4041 Matianum.
2515 3988 2647 4039 Plin.
2685 3989 2801 4051 XV,

693 4084 868 4132 μεντοι,
900 4076 1017 4117 acta
1038 4065 1267 4137 publica.
1298 4064 1432 4118 Vide
1464 4070 1606 4139 Lips.
1640 4066 1708 4118 ad
1735 4076 1746 4085 ⁶
1803 4069 1865 4135 14
1896 4070 2038 4139 (15);
2067 4068 2300 4121 Macrob.
2331 4069 2432 4122 Sat.
2473 4070 2552 4135 11,
2583 4069 2644 4121 15
2661 4068 2800 4130 ;.Co—

700 4146 867 4213 Tacit.
904 4145 1090 4197 Annal.
1130 4148 1197 4213 V,
1238 4147 1306 4215 4,
1335 4160 1388 4200 et
1417 4148 1593 4201 Vales.
1639 4147 1707 4199 ad
1797 4148 1921 4201 lum.
1952 4154 2019 4215 V,
2049 4164 2126 4201 ιο.
2165 4149 2245 4200 Cf.
2285 4146 2539 4201 Harduin.
2569 4146 2636 4199 ad
2665 4146 2792 4199 Plio.
