3050 5004
646 451 778 520 258

1392 451 1462 514 C.
1510 449 1976 517 SUETONII

640 579 868 646 cuncti
896 572 1098 644 simul
1122 589 1530 667 spectatores
1554 578 2012 643 consentiente
2035 595 2199 642 voce
2223 573 2560 669 reliquam
2587 601 2734 669 par-

640 703 781 757 tem
808 686 1211 768 retulerunt3
1246 711 1325 754 ac
1352 683 1596 780 saepius
1629 709 1829 755 versu
1863 691 2146 779 repetito
2167 703 2468 780 egenmt.

734 803 912 866 XIV.
948 794 1203 888 Majore
1228 796 1401 863 adeo
1427 813 1494 864 et
1516 797 1746 866 favore
1775 812 1842 864 et
1867 799 2260 864 auctoritate
2287 796 2571 891 adeptus
2595 815 2722 883 est,

640 932 849 1006 quam
896 911 1121 1002 gessit,
1163 911 1553 1000 imperium3
1607 933 2020 1004 quamquam
2054 909 2268 976 multa
2311 909 2721 979 documenta

642 1025 889 1115 egregii
908 1023 1229 1114 Principis
1254 1019 1446 1088 daret
1463 1031 1477 1058 ¹
1503 1047 1517 1088 :
1548 1019 1666 1088 sed
1690 1043 2116 1116 nequaquam
2135 1037 2273 1088 tam
2293 1037 2479 1114 grata
2499 1037 2718 1106 erant,

642 1157 845 1228 quam
879 1134 1123 1210 invisa,
1164 1149 1319 1225 quae
1365 1153 1558 1198 secus
1595 1129 1851 1197 fierent.
1897 1131 2274 1222 Regebatur
2307 1135 2512 1200 trium
2549 1132 2721 1200 arbi·

608 1285 619 1294 -
642 1244 809 1311 trio²
825 1296 842 1327 ‚
860 1265 1031 1335 quos
1055 1266 1189 1308 una
1213 1259 1279 1308 et
1297 1243 1471 1308 intra
1490 1240 1816 1308 Palatium
1837 1239 2212 1310 habitantes
2228 1295 2247 1325 ,
2267 1265 2394 1310 nec
2411 1262 2720 1337 unquam

638 1494 894 1552 corrupto
931 1478 1207 1551 dubiaeque
1235 1479 1475 1532 lectionis
1511 1479 1637 1552 plu-

636 1563 891 1612 rimorum
934 1573 1145 1612 secutus
1188 1578 1305 1611 sum
1346 1562 1639 1612 auctorita-

636 1653 740 1692 tem
760 1678 776 1705 ,
806 1652 967 1710 atque
988 1639 1037 1690 io
1062 1641 1134 1690 ita
1158 1637 1397 1690 dolorem
1424 1653 1477 1690 et
1500 1639 1640 1692 indi-

635 1721 941 1791 gnationem
978 1719 1267 1789 significat,
1304 1737 1459 1790 quem
1482 1737 1640 1771 usum

636 1800 889 1870 exemplis
904 1799 1253 1870 comprobant
1266 1801 1554 1851 Burmann.
1571 1799 1640 1853 ad

637 1879 791 1931 ovid.
828 1881 940 1930 Art.
980 1883 1153 1930 Aiuat.
1191 1881 1291 1946 Ill,
1330 1880 1467 1948 7423
1496 1884 1638 1934 Fast.

520 1983 527 1992 ¹
635 1960 725 2024 IV,
747 1958 879 2026 4473
908 1957 1087 2009 Barth.
1112 1957 1180 2008 ad
1200 1957 1328 2009 Stat.
1352 1958 1518 2010 Theb.
1544 1960 1641 2027 111,

642 2053 700 2088 21
718 2054 736 2088 1
758 2059 771 2097 ;
794 2035 1062 2088 Drakenb.
1090 2036 1154 2088 ad
1178 2035 1265 2089 Sil.
1294 2035 1404 2088 Ital.
1427 2040 1492 2104 V,
1516 2038 1639 2104 654.

637 2117 872 2169 Gronov.
892 2116 1067 2186 legere
1088 2116 1313 2168 malebat
1333 2139 1345 2167 ε
1374 2117 1532 2170 Venit
1545 2118 1643 2170 ohe

635 2197 820 2259 simus,
854 2208 954 2245 etc.
984 2193 1115 2246 Mihi
1143 2196 1297 2247 etiam
1328 2194 1642 2267 praeplacet,

639 2272 786 2345 quod
814 2286 937 2344 post
960 2277 1082 2325 Ant.
1114 2277 1463 2344 Augustinum
1490 2295 1642 2327 com-

634 2351 905 2405 mendavit
926 2355 1194 2419 Muretus,
1213 2358 1333 2406 Var.
1358 2355 1499 2406 Lect.
1520 2357 1640 2423 XV,

648 2449 665 2482 1
685 2449 729 2498 Ι,
750 2445 801 2484 et
828 2433 1025 2502 recepit
1048 2431 1493 2504 Oudendorpius,
1518 2454 1641 2507 pro·

638 2510 803 2563 hante
826 2512 1055 2579 Wolfio,
1079 2530 1141 2563 ex
1162 2511 1390 2565 lectione
1416 2516 1643 2585 optimo·

638 2610 753 2642 rum
775 2588 943 2642 codd.
964 2604 1211 2661 corrupta
1232 2590 1644 2645 venitionesinms

640 2683 877 2735 erutum,
901 2670 1059 2722 Venit
1074 2670 1124 2721 ἰο
1143 2668 1412 2721 Onesimus
1429 2690 1460 2720 a
1480 2668 1638 2735 villa,

642 2752 893 2821 quoniam
932 2750 1228 2815 Onesimus,
1266 2752 1519 2801 usitatum
1547 2750 1644 2802 vil-

636 2826 864 2879 licorum
890 2847 1112 2893 nomen,
1135 2830 1288 2899 parci
1318 2843 1370 2879 et
1397 2832 1543 2882 avari
1571 2831 1644 2881 si-

637 2905 1027 2977 gnificationem
1050 2906 1301 2958 continet.
1325 2908 1646 2974 Quamcum-

640 3002 745 3054 que
762 2983 1044 3035 lectionem
1061 2991 1342 3054 receperis,
1364 3004 1550 3039 seusus
1565 2999 1645 3039 est

638 3062 829 3116 facilis.
854 3063 1172 3115 Referebant
1194 3063 1260 3115 ad
1280 3065 1529 3133 Galbam,
1551 3069 1640 3140 qui

638 3145 693 3197 in
724 3160 964 3207 secessu,
996 3162 1115 3195 mox
1149 3144 1203 3194 in
1234 3145 1519 3217 Hispanica
1547 3149 1645 3199 mi-

634 3222 749 3275 litia
784 3221 1039 3287 latuerat,
1078 3240 1267 3273 saevum
1306 3237 1357 3274 et
1395 3243 1642 3291 avarum,

643 3301 829 3373 quod'
815 3320 870 3352 m
908 3298 1090 3353 fabula
1128 3300 1325 3353 dietum
1364 3302 1540 3356 fuerat
1576 3304 1642 3359 de

635 3378 855 3435 'homine
898 3382 1099 3443 rustico
1143 3394 1195 3432 et
1236 3380 1483 3445 sordido,
1521 3401 1642 3434 cum

638 3480 832 3533 magno
872 3478 1088 3515 suorum
1128 3460 1314 3515 dolore
1349 3464 1404 3515 in
1443 3462 1642 3517 Urbem

636 3555 959 3604 revertente;
982 3541 1123 3593 unde
1144 3556 1197 3595 et
1215 3562 1337 3597 voce
1356 3541 1645 3595 retulerunt

636 3633 965 3691 spectatores
1008 3639 1251 3685 carmen,
1294 3635 1346 3674 et
1385 3632 1604 3694 egerunt
1621 3658 1640 3687 ,

633 3698 743 3751 hoc
780 3713 892 3766 est,
930 3694 1233 3766 histrionis,
1268 3714 1643 3769 argumentum

634 3778 870 3851 gestibus
888 3780 1224 3849 exprimentis
1236 3817 1253 3845 ,
1270 3782 1530 3832 actionem
1547 3780 1641 3850 (vi-

636 3856 702 3909 de
736 3858 935 3909 Neron.
966 3876 1089 3929 cap.
1112 3858 1210 3927 39,
1235 3856 1302 3909 de
1324 3859 1493 3931 Dato)
1517 3860 1640 3911 imi-

633 3940 729 3991 tati
754 3952 892 3990 sunt.

668 4076 675 4081 ·
708 4016 841 4067 XIV.
880 4032 924 4067 1.
968 4016 1298 4088 Quamquam
1335 4014 1505 4069 multa
1540 4015 1638 4069 ‹lo-

636 4105 876 4146 cumenta
890 4094 1084 4167 eqreqii
1100 4094 1362 4167 Principis
1374 4095 1537 4151 dant.
1559 4096 1638 4149 Ad
1665 4106 1672 4115 '

1726 1495 1789 1532 ea
1817 1481 2086 1550 pertinent
2113 1477 2372 1551 supplicia
2398 1479 2732 1533 Neroniano·

1725 1577 1872 1625 rum,
1894 1559 1966 1612 de
1989 1558 2184 1631 quibus
2207 1560 2328 1614 vide
2351 1559 2618 1612 Plutarch.
2647 1577 2734 1632 17,

1727 1652 1778 1692 et
1800 1638 2001 1710 Xiphil.
2022 1641 2204 1704 Lx1V‚
2222 1641 2273 1692 3.
2301 1642 2376 1692 Ac
2392 1641 2546 1712 plura
2573 1639 2731 1694 laude

1729 1717 1888 1790 digna
1907 1719 2068 1771 refert
2083 1717 2334 1772 laudatus
2347 1721 2458 1789 Jam
2477 1740 2506 1771 a
2527 1721 2734 1772 Reima-

1727 1815 1790 1848 ro
1822 1796 1890 1849 ad
1923 1797 1957 1850 l.
1985 1818 2036 1850 c.
2067 1799 2297 1851 Zonaras
2317 1838 2332 1864 ,
2359 1815 2482 1869 pag.
2515 1799 2638 1868 571,
2667 1801 2730 1852 G.

1801 1894 1850 1929 2.
1875 1879 2167 1951 Reqebatur
2187 1879 2342 1930 trium
2365 1879 2610 1944 arbitrio,
2627 1893 2730 1930 etc.

1728 1959 1895 2008 Tacit.
1921 1957 2050 2008 Hist.
2077 1959 2127 2021 1,
2154 1959 2248 2010 13:
2281 1981 2303 2005 α
2323 1959 2564 2010 Potentia
2585 1960 2734 2030 prin-

1728 2037 1936 2105 cipatus
1978 2033 2144 2086 divisa
2186 2037 2326 2088 inter
2369 2035 2431 2087 T.
2477 2031 2732 2104 Vinium,

1729 2112 2010 2166 Consulem
2021 2151 2040 2178 .,
2055 2129 2110 2166 et
2125 2113 2426 2167 Cornelium
2443 2113 2702 2167 Laconem
2713 2153 2732 2180 ,

1729 2193 1964 2243 Praetorii
2009 2194 2337 2245 Praefectum.
2393 2193 2507 2246 Nec
2557 2196 2735 2246 minor

1729 2271 1897 2341 gratia
1923 2269 2094 2337 Icelo,
2124 2268 2301 2322 Galbae
2331 2271 2547 2336 liberto,
2573 2289 2734 2344 quem

1731 2349 1904 2402 anulis
1935 2349 2222 2418 donatum,
2253 2353 2488 2422 equestri
2517 2353 2735 2404 nomine

1728 2430 2050 2482 Martianum
2072 2430 2392 2483 vocitabant.
2414 2455 2436 2479 ι
2463 2430 2618 2482 Conf.
2639 2433 2738 2483 Xi-

1729 2508 1860 2581 phil.
1899 2509 2080 2577 LXIV,
2121 2528 2168 2562 2.
2207 2512 2287 2563 De
2327 2512 2390 2563 T.
2433 2510 2624 2580 Vinio,
2649 2512 2738 2564 vel

1735 2588 1789 2643 V
1785 2589 1932 2641 inuio
1943 2628 1961 2655 ‚
2003 2588 2120 2641 vide
2163 2588 2427 2641 Plutarch.
2469 2590 2622 2642 Galb.
2669 2609 2698 2661 7
2718 2629 2737 2657 ‚

1738 2684 1834 2742 ιο,
1873 2685 1971 2729 12,
2012 2666 2103 2732 16,
2135 2668 2355 2739 aliisque
2394 2668 2526 2721 locis
2561 2669 2739 2741 pluri·

1731 2746 1848 2797 mis.
1878 2744 1958 2797 Cf.
1995 2748 2152 2798 etiam
2179 2746 2245 2798 ad
2275 2744 2460 2799 Claud.
2493 2746 2580 2799 32.
2609 2748 2739 2801 Bre-
2837 2780 2844 2787 ·

1732 2843 1848 2877 vem
1894 2828 2008 2877 vitae
2049 2826 2277 2879 hominis
2319 2824 2592 2879 historiam
2643 2826 2740 2882 dat

1729 2901 1900 2956 Tacit.
1935 2906 2064 2958 nist.
2101 2908 2148 2969 1,
2185 2906 2270 2973 48.
2292 2936 2364 2947 --
2385 2907 2465 2957 De
2493 2904 2738 2959 Cornelio

1733 2982 1936 3035 Lacone
1975 2984 2094 3037 vide
2137 2982 2400 3037 Plutarch.
2453 2986 2514 3037 13
2552 2998 2606 3037 et
2649 3003 2736 3055 29.

1727 3058 1902 3117 Tacit.
1933 3066 2067 3117 Hist.
2100 3068 2146 3131 1,
2180 3066 2244 3115 6:
2281 3064 2618 3116 «Invalidum
2651 3084 2738 3117 se-

1730 3160 1854 3193 nem
1881 3147 1941 3195 T.
1973 3145 2156 3195 Vinius
2187 3151 2239 3194 et
2274 3142 2544 3197 Cornelius·
2565 3145 2737 3212 Laco,

1733 3222 1868 3276 alter
1894 3224 2208 3277 deterrimus
2239 3226 2572 3291 mortalium,
2602 3224 2742 3277 aiter

1733 3304 2116 3376 ignavissimus,
2136 3303 2260 3356 odio
2285 3302 2600 3374 flagitiorum
2625 3302 2740 3373 (vi-

1731 3382 1842 3453 nii)
1880 3396 2192 3449 oneratum,
2230 3396 2502 3452 contemtu
2537 3384 2738 3435 inertiae

1730 3460 1997 3531 (Laconis)
2011 3460 2374 3513 destruebant.
2391 3484 2415 3509 ο
2437 3462 2600 3527 Idem,
2615 3480 2736 3535 cap.

1733 3539 1828 3604 26,
1864 3562 1886 3586 α
1906 3537 2076 3591 Multa
2105 3542 2428 3611 erumpentis
2461 3538 2737 3591 seditionis

1729 3616 1922 3670 indicia
1935 3636 2034 3689 per
2045 3622 2287 3671 conscios
2299 3638 2553 3690 oppressa
2565 3639 2581 3678 ;
2600 3637 2740 3688 qua.-

1731 3696 1852 3751 dam
1882 3697 2024 3771 apud
2059 3698 2238 3751 Galbae
2265 3718 2422 3751 aures
2451 3700 2738 3753 Praefectus

1729 3781 1870 3833 Laco
1888 3781 2044 3834 elusit
2055 3820 2072 3847 ,
2085 3783 2297 3851 ignat-us
2313 3781 2618 3833 militarium
2629 3783 2740 3838 ani-

1731 3878 1936 3911 morum
1952 3898 1968 3926 ,
1993 3858 2306 3930 consiliique
2331 3862 2570 3931 quamvis
2593 3878 2741 3930 egre-

1729 3940 1828 4009 gii,
1855 3938 2000 4010 quod
2022 3958 2132 3993 non
2155 3941 2269 4011 ipse
2293 3940 2540 4007 afferret,
2563 3941 2738 3993 inimi·

1730 4035 1851 4083 cus,
1871 4030 1924 4068 et
1939 4016 2190 4070 adversus
2203 4020 2405 4091 peritos
2421 4021 2684 4091 pervicax.
2707 4041 2732 4069 ι

1728 4100 1808 4153 De
1822 4099 2140 4153 assessoribus
2149 4097 2472 4169 judiciorum
2487 4099 2604 4171 lege
2617 4100 2738 4153 flei-
