3050 5004
1191 464 1482 531 OTHO.

2254 469 2391 559 289
2420 432 2423 437 Ι

297 590 591 661 necdum
627 588 914 667 conditis
948 588 1356 673 ancilibus9,
1389 586 1577 684 quod
1609 592 1983 683 antiquitus
2018 591 2394 661 infaustum

299 700 624 785 hahetur3
649 715 717 769 et
737 698 879 784 die,
917 724 1054 795 quo
1087 699 1383 768 cultores
1421 705 1643 769 Deum
1681 703 1915 769 matris
1951 701 2305 772 lamentari
2330 720 2401 774 et

229 862 242 875 .
297 813 621 907 plangere
646 813 982 905 incipiunt
1001 826 1089 903 ¹93
1115 827 1444 904 praeterea
1469 810 1963 882 adversissimis
1994 823 2039 853 ¹¹
2058 818 2397 907 auspiciis.

299 928 471 991 Nam
491 939 560 989 et
581 924 854 989 victima
873 924 1007 989 Diti
1030 924 1204 1014 patri
1232 945 1406 989 caesa
1423 919 1677 1005 ¹litavit3
1702 946 1915 1016 quum
1938 922 2056 992 tali
2076 925 2405 995 sacrificio

301 1034 642 1101 contraria
665 1048 818 1099 exta
845 1034 1108 1123 potiora
1140 1033 1294 1099 sint.
1341 1036 1426 1099 Et
1459 1034 1685 1123 primo
1714 1054 1990 1123 egressu
2024 1033 2405 1103 inundatio·

302 1144 512 1213 nibus
551 1142 816 1211 Tiberis
851 1142 1228 1210 retardatus
1244 1196 1260 1225 ,
1299 1143 1386 1211 ad
1428 1144 1828 1211 vicesimum
1867 1146 2071 1212 etiam
2111 1144 2408 1241 lapidem

309 1256 504 1323 ruina
531 1253 969 1325 aedificiorum
991 1253 1393 1346 proeclusam
1421 1256 1601 1323 viam
1627 1254 1915 1353 offendit
1933 1264 2005 1321 ¹².
2116 1292 2123 1299 ·
2314 1252 2319 1257 ’

306 1546 360 1599 in
373 1558 548 1599 castra
563 1546 727 1610 inviti,
745 1560 920 1618 neque
934 1544 1264 1599 innoeentes.
1283 1568 1308 1594 ι

371 1642 424 1695 9.
451 1624 556 1677 Sed
569 1636 619 1676 et
631 1624 842 1676 motis...
861 1622 1127 1677 ancilibus.
1142 1625 1310 1676 Tacit.

305 1722 418 1777 cap.
444 1706 540 1773 89:
573 1704 778 1755 -Fuere
795 1740 813 1768 ‚
843 1704 934 1774 qui
955 1703 1316 1775 proficiscenti

303 1782 505 1836 Othoni
527 1798 706 1833 moras
737 1780 1152 1856 religionemque
1177 1800 1312 1833 non-

305 1862 430 1915 dum
470 1860 804 1915 conditorum
854 1859 1107 1913 ancilium
1147 1862 1310 1914 affer-

305 1955 436 1995 rent.
457 1939 827 2011 Adspernatus
847 1954 928 1992 est
944 1954 1156 1993 omnem
1175 1959 1310 1992 cun—

305 2022 622 2085 ctationem,
644 2032 704 2070 ut
731 2020 932 2070 Neroni
962 2037 1180 2091 quoqne
1203 2021 1310 2071 exi—

303 2098 492 2149 tiosam
516 2132 535 2163 ,
590 2108 643 2147 et
693 2095 896 2148 Caecina
921 2134 938 2163 ‚
987 2100 1101 2167 jam
1145 2096 1310 2169 Alpes

304 2188 682 2247 transgressus,
697 2174 1081 2244 ex‘stimulabat.
1091 2199 1114 2224 n
1133 2178 1312 2228 Move-

307 2256 494 2309 bantur
507 2254 700 2307 ancilia
723 2255 777 2307 h.
802 2274 848 2309 e.
871 2256 1256 2327 promebantur
1275 2275 1306 2308 e

303 2333 502 2406 templo
527 2335 709 2385 Martis
733 2332 799 2385 ad
829 2332 1120 2385 solemnem
1148 2332 1309 2386 Salio-

303 2430 418 2465 rum
443 2410 785 2466 saltationem
803 2410 924 2463 Kal.
949 2412 1151 2463 Martiis
1166 2448 1183 2477 ,
1214 2410 1308 2464 dn-

303 2494 542 2564 ravitque
557 2511 620 2544 ea
635 2489 936 2546 solemnitas
957 2491 1170 2564 triginta
1183 2491 1306 2559 dies,

307 2575 522 2626 auctore
545 2571 796 2644 Polybio,
823 2572 949 2623 Exc.
973 2573 1156 2642 Le3at.
1183 2591 1303 2644 cap.

308 2653 400 2714 a3;
430 2653 576 2710 Otho
596 2665 772 2705 autem
791 2653 1064 2724 profectus
1086 2665 1164 2704 est
1184 2665 1307 2704 ante

305 2733 460 2786 finem
485 2734 676 2785 mensis
700 2733 911 2798 Martii,
936 2743 996 2784 ut
1019 2750 1142 2782 mox
1162 2729 1307 2783 vide·

305 2809 502 2879 bimus,
515 2809 774 2864 ancilibus
793 2810 927 2864 adeo
939 2809 1174 2862 nondum
1188 2828 1309 2863 con-

306 2889 438 2943 ditis.
463 2891 546 2943 cf.
571 2893 884 2961 interpretes
903 2889 974 2941 ad
991 2903 1234 2943 nostrum
1253 2903 1308 2942 et

305 2969 480 3022 Taciti·
509 2969 613 3021 loc.
645 2969 734 3020 cit.
763 2969 987 3020 maxime
1017 2970 1305 3036 Graevium,

308 3049 396 3118 qui
416 3047 611 3119 allegat
627 3047 737 3098 Liv.
753 3047 1022 3113 XXXVII,
1043 3046 1138 3110 333
1161 3069 1182 3093 ιι
1199 3047 1308 3099 Sta-

304 3127 406 3178 tiva
445 3125 640 3178 deinde
677 3123 747 3176 ad
779 3123 1184 3197 Hellespontum
1216 3125 1308 3178 ali-

307 3203 554 3276 quamdiu
576 3201 898 3269 habuerunt,
927 3203 1052 3274 quia
1069 3203 1183 3256 dies
1202 3205 1307 3256 for-

306 3297 384 3351 te,
415 3284 608 3358 quibus
633 3283 824 3336 ancilia
853 3297 1163 3347 moventur,
1189 3283 1308 3336 reli—

305 3367 437 3434 giosi
451 3364 522 3417 ad
543 3366 670 3432 iter,
694 3361 1008 3434 inciderant.
1019 3385 1042 3410 n

381 3461 464 3498 ιο.
498 3446 570 3496 Et
591 3445 701 3512 die,
722 3461 884 3516 quo...
898 3442 1152 3516 planyere
1177 3441 1306 3495 inci·

302 3526 430 3594 piam
439 3534 475 3575 t.
493 3525 618 3577 Dies
633 3522 722 3575 bic
745 3536 859 3575 erat
871 3522 1165 3594 εαπςαίηἰε,
1193 3539 1304 3592 quo

307 3601 647 3654 celebrabant
668 3601 888 3654 cultores
905 3602 1086 3652 matris
1102 3601 1303 3667 Deum,

308 3697 396 3732 seu
417 3679 582 3746 Galli,
607 3677 905 3732 sacerdotes
925 3678 1175 3751 Cybeles,
1199 3697 1306 3730 me·

308 3758 530 3810 moriam
573 3757 768 3810 Attidis
821 3761 972 3829 pueri
990 3795 1008 3823 ‚
1064 3759 1137 3808 lx
1182 3755 1304 3808 Kal.

309 3837 471 3908 April.
527 3838 826 3908 Conjuneta
875 3849 1022 3889 erant
1063 3834 1306 3902 Hilaria,

313 3931 426 3986 quae
442 3933 616 3988 usque
635 3916 700 3970 ad
719 3915 857 3987 prid.
877 3914 997 3968 Kal.
1016 3913 1185 3986 April.
1206 3913 1308 3965 du-

312 3993 513 4046 rabant.

387 4090 404 4123 1
423 4089 440 4126 ι
453 4113 464 4124 .
503 4074 759 4126 Praeterea
772 4073 1130 4126 adversissimi}
1141 4073 1310 4144 auspi-

315 4153 416 4209 ciis.
449 4156 619 4208 Tacit.
645 4156 778 4209 Hist.
799 4156 852 4224 1,
885 4155 986 4210 86:
1029 4154 1309 4226 «Prodigia

531 4248 628 4314 II.

1402 1547 1622 1618 insuper
1635 1544 1929 1612 terrebant,
1949 1543 2165 1599 diversis
2182 1552 2415 1603 auctorid

1399 1622 1504 1677 bus
1528 1624 1760 1696 vulgata.
1790 1626 1851 1676 In
1881 1624 2145 1696 vestibulo
2168 1626 2418 1699 Capitolii

1402 1704 1625 1756 omissas
1641 1701 1881 1755 habenas
1900 1702 2053 1773 bigat,
2076 1707 2164 1757 cui
2176 1708 2421 1773 Victoria

1400 1783 1692 1846 institerat;
1738 1784 1973 1854 erupisse
2012 1782 2147 1835 cella
2186 1786 2413 1838 Junonis

1399 1881 1452 1914 m
1461 1864 1659 1932 ajorem
1674 1860 1833 1913 huma
1840 1879 1911 1913 na
1922 1862 2174 1934 speciem3
2183 1878 2415 1919 statuam

1398 1942 1464 1993 D.
1499 1941 1627 1993 Julii
1654 1943 1710 1993 in
1742 1939 1913 1993 insula
1945 1940 2183 1993 Tiberini
2212 1946 2414 2013 amnis,

1401 2038 1587 2073 sereno
1603 2034 1653 2071 et
1667 2023 1891 2072 immoto
1905 2019 2013 2085 die,
2031 2019 2097 2072 ab
2114 2021 2413 2076 Occidente

1397 2102 1455 2151 in
1484 2100 1762 2153 Orientem
1790 2116 2129 2163 conversam5
2167 2100 2416 2172 prolocu-

1399 2190 1513 2229 tum
1550 2179 1603 2228 in
1654 2176 1867 2229 Etruria
1901 2177 2123 2241 bovem3
2168 2180 2412 2235 insolitos

1397 2256 1703 2307 animalium
1743 2267 1955 2325 partus;
2004 2268 2057 2306 et
2088 2255 2243 2326 plura
2280 2256 2409 2325 alia,

1396 2332 1620 2385 rudibus
1651 2330 1843 2385 seculis
1876 2332 2034 2383 etiam
2061 2333 2115 2383 in
2139 2351 2276 2403 pace
2305 2334 2410 2386 ob*

1398 2426 1632 2476 servata,
1660 2429 1775 2483 quae
1794 2427 1937 2461 nunc
1958 2423 2163 2462 tantum
2182 2411 2237 2462 in
2262 2425 2411 2465 metu

1399 2490 1709 2544 audiuntur.
1730 2515 1752 2538 a
1774 2489 1854 2542 Cf.
1872 2487 2137 2542 Plutarch.
2153 2488 2340 2544 othe.
2354 2493 2408 2560 4.

1475 2585 1554 2620 12.
1592 2569 1669 2619 Et
1690 2566 1863 2638 primo
1896 2585 2149 2640 eqoessu...
2180 2570 2407 2622 retarda-

1398 2656 1535 2700 tus...
1577 2645 1821 2717 offendit.
1876 2647 2045 2698 Tacit.
2085 2647 2120 2699 l.
2160 2665 2209 2698 c.
2257 2671 2279 2694 ιι
2301 2647 2407 2701 Sed

1395 2727 1696 2800 praecipuus
1730 2739 1782 2778 et
1820 2743 1941 2778 cum
1967 2730 2213 2798 praesenti
2244 2731 2405 2784 exitio

1398 2808 1557 2859 etiam
1586 2807 1749 2857 futuri
1772 2824 1965 2878 pavor,
1986 2805 2161 2859 subita
2182 2809 2406 2862 inunda-

1397 2887 1545 2938 tione
1567 2885 1772 2940 Tiberis
1785 2921 1803 2953 ‚
1824 2886 1913 2958 qui
1936 2887 2195 2940 immenso
2212 2904 2402 2960 auctu,

1391 2977 1621 3037 proruto
1645 2979 1811 3035 ponte
1836 2963 2097 3030 sublicio,
2139 2985 2201 3019 ac
2226 2981 2403 3039 strage

1395 3043 1659 3097 obstantis
1676 3043 1829 3095 molis
1848 3045 2086 3111 refusus,
2109 3065 2221 3100 non
2237 3049 2401 3102 modo

1388 3125 1623 3193 jacentia
1660 3137 1713 3174 et
1735 3122 1897 3194 plana
1930 3122 2087 3178 Urbis
2115 3127 2267 3194 loca,
2304 3129 2400 3183 sed
2458 3131 2465 3140 ’

1394 3222 1579 3256 secura
1605 3202 1867 3274 ejusmodi
1890 3223 2112 3257 casuum
2144 3208 2399 3279 implevit.

1392 3284 1529 3355 Rapi
1552 3301 1581 3334 e
1609 3281 1830 3354 publico
1852 3281 2119 3356 plerique,
2141 3285 2320 3356 plures
2343 3291 2401 3342 in

1392 3360 1628 3416 tabernis
1680 3375 1733 3414 et
1787 3361 2051 3415 cubilibus
2098 3363 2397 3438 intercepti.

1392 3445 1579 3495 Fames
1602 3445 1657 3494 in
1682 3441 1898 3510 vulgus,
1935 3443 2117 3513 inopia
2142 3458 2399 3515 quaestus,

1394 3533 1447 3573 et
1465 3523 1691 3592 penuria
1714 3519 2101 3574 alimentorum.
2128 3524 2399 3597 Corrupta

1395 3599 1762 3670 stagnantibus
1776 3601 1939 3670 'aquis
1961 3600 2253 3654 insularum
2282 3606 2401 3657 fun-

1394 3679 1671 3746 damenta,
1694 3677 1843 3745 dein,
1863 3693 2131 3732 remeante
2152 3681 2399 3752 flumine,

1396 3756 1617 3828 dilapsa.
1660 3758 1835 3827 thue
1869 3760 2095 3829 primum
2128 3778 2327 3815 vacuus
2366 3782 2402 3816 a

1393 3836 1636 3909 periculo
1678 3839 1884 3889 animus
1916 3839 2051 3906 fuit,
2096 3839 2151 3890 id
2188 3843 2398 3912 ipsum,

1397 3917 1543 3990 quod
1553 3918 1766 3989 paranti
1778 3918 2079 3989 expedition
2086 3938 2169 3971 em
2176 3922 2403 3990 Othoni,

1396 4015 1617 4068 campus
1654 3998 1873 4048 Martius
1911 4009 1962 4048 et
1996 3999 2079 4051 via
2116 3997 2398 4069 Flaminia,

1395 4080 1496 4129 iter
1519 4075 1643 4128 belli
1668 4091 1835 4142 esset,
1869 4075 2201 4130 obstructum
2231 4099 2259 4132 a
2286 4082 2405 4134 for-

1395 4156 1545 4208 tuitis
1558 4155 1642 4209 vel
1654 4153 1982 4209 naturalibus
1998 4159 2172 4209 causis
2182 4195 2198 4224 .,
2216 4160 2268 4211 in
2283 4179 2408 4232 pro·-

2040 4273 2119 4338 ¹9
