3050 5004
607 442 742 511 266
1360 440 1434 505 C.
1485 439 1955 506 SUETONII

604 578 784 649 tes⁷,
805 564 1056 661 quibus
1091 562 1412 637 mandata
1441 564 1663 634 caedes
1695 582 1869 649 erat,
1904 588 2121 661 quum
2146 588 2273 658 per
2304 562 2693 659 publicum,

605 678 860 747 dimota
883 700 1305 769 paganorum
1328 676 1531 745 turha
1548 728 1567 759 ,
1601 700 1813 771 equos
1836 676 2221 767 adegissent
2235 731 2254 760 ,
2292 677 2437 745 viso
2460 675 2701 769 procul

606 813 690 859 eo
704 841 723 871 ,
743 812 1112 881 parumper
1129 789 1520 855 restiterunt
1540 813 1553 852 z
1574 786 1733 855 dein
1754 809 2030 853 rursum
2050 786 2303 856 incitati
2324 836 2341 865 ,
2358 784 2703 853 desertum

607 924 650 969 a
671 903 814 969 suis
837 894 1454 969 contrucidarunt⁸.

699 1024 844 1089 XX.
893 1022 1102 1100 Sunt,
1137 1020 1256 1112 qui
1283 1017 1583 1098 tradant,
1616 1015 1707 1115 ad
1738 1019 2037 1109 primum
2061 1013 2432 1083 tumultum
2452 1015 2709 1109 procla·

609 1152 832 1197 masse
855 1152 1016 1197 eum
1031 1139 1074 1210 ¹,
1089 1126 1318 1215 ‚cQuid
1339 1130 1556 1221 agitis,
1581 1125 2113 1196 commilitones?
2134 1148 2259 1221 ego
2282 1142 2505 1193 vester
2526 1148 2706 1210 sum,

615 1256 684 1309 et
711 1263 831 1309 vos
861 1242 1026 1321 mei;
1049 1270 1076 1301 n
1117 1238 1518 1307 donativum
1550 1240 1755 1306 etiam
1786 1235 2181 1329 pollicitum.
2216 1235 2448 1304 Plures
2480 1241 2711 1305 autem

613 1350 1094 1445 prodiderunt,
1141 1350 1466 1419 obtulisse
1509 1350 1688 1419 ultro
1716 1346 2065 1441 jugulum,
2106 1364 2205 1431 et,
2252 1364 2375 1416 aut
2403 1346 2535 1416 hoc
2570 1372 2717 1441 age-

615 1476 796 1541 rent,
835 1486 914 1529 ac
945 1463 1256 1546 ferirent,
1298 1462 1575 1557 quando
1616 1464 1709 1529 ita
1741 1457 2114 1543 videretur,
2134 1490 2163 1522 υ
2212 1458 2579 1529 hortatum.
2631 1458 2725 1526 11-·

615 1572 738 1643 lud
772 1578 1024 1644 mirum
1059 1572 1428 1643 admodum
1459 1576 1737 1656 fuerit2,
1765 1596 1989 1668 neque
2020 1574 2455 1664 praesentium
2486 1594 2717 1667 quem-

621 1709 826 1780 quam
849 1710 1052 1779 opem
1077 1691 1481 1781 Imperatori
1514 1687 1693 1755 ferre
1714 1685 2105 1768 conatum-⁹⁹3
2132 1700 2201 1752 et
2220 1708 2455 1753 omnes
2480 1687 2599 1783 qui
2624 1708 2719 1751 ar-

623 1926 711 1975 cit.
755 1940 874 1994 cap.
919 1922 1013 1979 352
1067 1921 1306 1976 «Obvius
1337 1926 1392 1975 in
1425 1924 1629 1975 Palatio

621 2000 794 2053 Julius
817 2002 1054 2067 Atticus,
1079 2002 1410 2073 speculator,
1436 2021 1629 2055 cruen-

623 2092 738 2131 tum
773 2078 1008 2147 gladium
1047 2094 1350 2146 ostentans,
1393 2084 1630 2133 occisum

626 2174 660 2209 a
684 2175 740 2209 se
757 2156 1052 2225 Othonem,
1081 2158 1412 2224 exclamavit3
1439 2176 1488 2213 et
1507 2160 1631 2213 Gal-

625 2236 726 2302 ba,
747 2235 1074 2305 Commilito,
1099 2240 1300 2311 inquit,
1325 2242 1635 2315 quisjussit?

574 2335 576 2337 ’
627 2317 818 2387 insigni
843 2320 1017 2373 animo
1038 2318 1105 2370 ad
1131 2320 1482 2373 coercendam
1507 2322 1637 2373 mili-

629 2409 795 2447 tarem
813 2394 1080 2449 licentiam
1093 2435 1110 2463 ,
1135 2399 1458 2453 minantibus
1473 2402 1638 2453 intre-

628 2473 816 2548 pidus,
844 2474 1092 2530 adversus
1105 2475 1437 2532 blandientes
1459 2479 1637 2531 incor—

630 2569 840 2627 ruptus.
859 2579 882 2603 ι
941 2557 1023 2609 Cf.
1065 2557 1334 2610 Plutarch.
1375 2579 1494 2632 cap.
1542 2560 1636 2624 263

631 2635 830 2706 xiphil.
843 2637 1088 2702 Lx1V‚6.
1101 2667 1176 2680 --
1188 2639 1362 2711 Atque
1377 2640 1430 2692 in
1445 2641 1639 2692 Forum

636 2732 799 2784 usque
812 2718 1086 2785 processit,-
1113 2717 1206 2768 ubi
1225 2718 1280 2768 in
1298 2720 1414 2789 ipsa
1432 2721 1519 2770 via
1539 2737 1642 2790 op·-

634 2809 852 2860 pressus
881 2807 958 2846 est
973 2830 990 2856 ,
1015 2794 1334 2864 Capitolium
1355 2815 1419 2848 ex
1440 2795 1641 2848 Palatio

634 2883 844 2940 potens.
863 2871 944 2922 Cf.
961 2874 1126 2926 Tacit.
1151 2874 1219 2943 39
1245 2888 1297 2926 et
1311 2876 1410 2942 4ο,
1431 2889 1485 2928 et
1505 2895 1641 2950 quos

525 2972 532 2979 ·
635 2951 910 3004 Reimarus
925 2952 992 3004 ad
1007 2953 1206 3025 Xipbil.
1223 2958 1419 3008 citavit.

711 3045 760 3098 7.
800 3029 882 3080 Iba·
915 3032 1136 3099 equites,
1176 3047 1292 3086 etc.·
1317 3037 1484 3087 Tacit.
1521 3054 1641 3107 cap.

639 3109 742 3176 40,
801 3107 1032 3162 ιΜίΙίιεε
1073 3112 1382 3166 Romani...
1427 3113 1644 3183 disjecta

637 3184 829 3257 plebe,
875 3186 1184 3254 proculcato
1208 3190 1433 3256 Senatu,
1473 3205 1645 3243 truces

641 3265 834 3329 armiS,
876 3265 1076 3336 rapidis
1119 3269 1303 3338 equis,
1343 3271 1540 3322 Forum
1574 3271 1648 3320 ir·-

642 3354 926 3412 rumpunt,
951 3355 1054 3396 etc.
1072 3370 1093 3393 ιι
1127 3347 1209 3398 Cf.
1241 3345 1506 3400 Plutarch.
1534 3347 1568 3400 l.
1598 3367 1647 3403 e.

643 3423 794 3486 —De
805 3424 1056 3494 paqanis,
1079 3425 1168 3496 qui
1184 3439 1534 3496 opponuntur
1546 3427 1650 3478 mi-

645 3501 850 3567 litibus,
875 3500 991 3554 vide
1015 3502 1083 3554 ad
1107 3503 1332 3573 August.
1359 3523 1442 3576 27.

717 3583 770 3634 8.
809 3581 1007 3633 Dein...
1043 3583 1294 3638 desertum
1329 3608 1362 3638 a
1392 3587 1492 3638 suis
1529 3603 1651 3639 con·

649 3660 994 3715 trucidarunt.
1057 3663 1318 3716 Plutarch.
1381 3684 1498 3737 cap.
1559 3668 1649 3717 cit.

649 3759 813 3792 unum
840 3739 1205 3814 Sempronium
1229 3745 1514 3798 Indistrum
1544 3744 1655 3814 (uti

649 3838 846 3870 nomen
882 3823 1071 3874 vitiose
1100 3822 1349 3895 legitur),
1375 3839 1426 3876 et
1450 3824 1653 3895 Xiphil.

651 3897 840 3961 Lxlv,
863 3898 924 3963 6,
941 3899 1144 3972 Sempr.
1169 3903 1424 3967 Densum,
1455 3903 1657 3955 Ceam·-

653 3978 888 4042 rionem‚
933 3978 1060 4032 dum
1099 3996 1308 4051 posset,
1349 3981 1653 4034 defendisse

657 4074 775 4106 eum
811 4072 1042 4112 narrant.
1081 4062 1329 4128 Tacitus,
1369 4065 1456 4114 cui
1483 4065 1656 4132 major

657 4133 802 4200 fides,
821 4153 942 4207 cap.
959 4135 988 4205 4
995 4139 1048 4208 3,
1062 4138 1206 4193 hunc
1221 4142 1458 4193 Densum
1471 4141 1656 4194 Pisoni

1719 1922 1977 1992 effugium
2014 1920 2141 1973 forti
2168 1920 2479 1973 defensione
2508 1920 2721 1974 dedisse

1718 2000 1875 2065 dicit,
1898 1999 1991 2051 ubi
2012 2000 2130 2053 vide
2154 2001 2373 2071 interpr.
2403 1999 2577 2065 Idem,
2602 2018 2719 2070 cap.

1721 2081 1782 2147 41
1802 2118 1819 2145 ,
1858 2102 1879 2125 ιι
1895 2081 1973 2131 De
1992 2097 2278 2151 percussore
2308 2098 2414 2131 non
2440 2082 2567 2131 satis
2592 2098 2723 2131 con-

1722 2172 1839 2213 stat.
1856 2158 2399 2224 QuidamTerentium
2412 2160 2723 2221 Evocatum,

1724 2239 1811 2291 alii
1838 2240 2154 2302 Lecanium,
2189 2238 2427 2291 crebrior
2454 2240 2595 2290 fama
2622 2252 2727 2289 tra·

1723 2318 1857 2371 didit
1879 2320 2213 2383 Camurium,
2252 2320 2345 2370 XV
2374 2318 2597 2391 legionis
2626 2318 2724 2369 mi·

1724 2399 1870 2452 litem
1891 2437 1907 2465 ,
1956 2402 2211 2470 impresso
2262 2399 2439 2469 gladio
2479 2398 2727 2471 jugulum

1725 2481 1837 2549 ejus
1884 2478 2140 2531 hausisse.
2172 2500 2195 2526 ιι
2244 2480 2403 2532 Conf.
2460 2476 2727 2531 Plutarch.

1726 2577 1845 2630 cap.
1879 2575 1962 2629 27.

1796 2637 1913 2688 XX.
1959 2654 2003 2688 1.
2050 2636 2141 2688 Ad
2162 2637 2397 2710 primum
2442 2635 2731 2690 tumultum

1726 2715 2069 2788 proclamasse
2090 2735 2242 2782 eum,
2270 2731 2371 2769 etc.
2410 2716 2581 2769 Tacit.
2610 2733 2729 2786 cap.

1730 2796 1827 2864 4¹³
1876 2793 2213 2848 «Extremam
2256 2799 2372 2866 ejus
2418 2813 2637 2860 vocem,
2672 2805 2735 2845 ut

1732 2877 1924 2946 cuique
1956 2875 2139 2926 odium
2172 2889 2265 2928 aut
2294 2877 2573 2938 admiratio
2602 2875 2733 2938 fuit,

1731 2958 1873 3008 varie
1906 2955 2207 3026 prodidere.
2257 2957 2390 3020 Alii,
2425 2955 2736 3028 suppliciter

1731 3037 2113 3107 interrogasse,
2138 3037 2267 3109 quid
2282 3037 2417 3090 mali
2442 3033 2740 3088 meruisset?

1730 3135 1927 3187 paucos
1980 3116 2089 3170 dies
2138 3117 2445 3170 exsolvendo
2491 3115 2736 3169 donativo

1735 3197 2077 3268 deprecatum
2092 3219 2105 3258 ς
2119 3199 2316 3268 plures»,
2329 3198 2583 3250 obtulisse
2596 3196 2737 3247 ultro

1732 3277 2136 3345 percussoribus
2154 3275 2399 3346 jugulum
2412 3314 2429 3338 ,
2449 3283 2662 3348 oyen-nt
2676 3292 2739 3326 ac

1724 3353 1978 3426 ferirent,
2004 3355 2047 3407 si
2072 3356 2145 3407 ita
2170 3374 2199 3406 e
2221 3355 2438 3428 Republ.
2467 3357 2735 3408 videretur.

1736 3435 1859 3484 Non
1897 3433 2135 3484 interfuit
2175 3431 2568 3498 occidentium,
2608 3429 2741 3504 quid

1738 3511 1951 3564 diceret.
1974 3535 1997 3559 ιο
2032 3513 2187 3564 Conf.
2214 3513 2480 3566 Plutarch.
2507 3532 2626 3585 cap.
2643 3529 2737 3582 273

1738 3589 1937 3660 Xiphil.
1970 3593 2155 3655 wa,
2180 3593 2231 3645 6.
2254 3593 2331 3644 De
2358 3593 2530 3646 verbis
2560 3603 2620 3644 ut
2646 3591 2744 3642 hoe

1740 3681 1951 3743 aqerent
1972 3669 2089 3721 vide
2112 3670 2253 3722 dicta
2279 3670 2345 3722 ad
2372 3671 2543 3742 Calig.
2570 3669 2655 3723 58.

1816 3765 1863 3799 ².
1886 3749 2075 3802 Fuerit.
2108 3749 2188 3800 cf.
2207 3753 2334 3802 Caes.
2352 3751 2449 3816 63,
2471 3765 2521 3803 et
2542 3753 2743 3802 Neron.

1745 3825 1848 3894 39,
1886 3845 1955 3878 ne
1996 3830 2113 3900 quis
2158 3847 2280 3881 cum
2318 3829 2583 3882 Boxhorn.
2627 3847 2745 3880 sua·-

1744 3905 1866 3956 deat
1880 3905 2011 3976 fuit.
2746 3901 2757 3908 ”

1816 3983 1864 4034 3.
1885 3986 2071 4058 Neque
2083 3991 2411 4058 proesentium
2428 4007 2747 4062 quemquam

1754 4097 1769 4111 .
1791 4099 1802 4111 .
1827 4075 2117 4115 acuatum.
2145 4068 2261 4118 Hoc
2282 4067 2561 4118 confirmat
2578 4067 2750 4120 Taciti

1745 4143 2749 4218 narrationem,SemproniumDensum
