3050 5004
650 387 734 451 32
1399 387 1472 452 C.
1524 386 1999 454 SUETONII

649 513 880 579 uxoris
916 511 1266 604 propalam
1303 509 1562 580 habuit.
1604 513 1943 582 Heredem
1981 539 2256 615 quoque
2293 517 2631 586 bonorum
2666 537 2771 588 at-

648 649 783 720 que
823 627 1086 718 imperii
1125 649 1304 716 aeger
1339 627 1649 694 instituit.
1691 627 1948 695 Eadem
1989 625 2387 710 defuncta³‚
2420 627 2771 723 justitium

646 734 918 802 indixit:
955 737 1025 802 in
1053 759 1190 830 quo
1213 737 1442 804 risisse
1462 789 1479 820 ,
1508 736 1786 819 lavisse,
1814 763 2118 808 coenasse
2146 764 2304 808 cum
2328 742 2731 834 parentibus
2751 797 2771 825 ‚

645 862 768 913 aut
811 843 1097 939 conjuge
1143 845 1493 932 liberisve‚
1541 849 1786 943 capital
1829 849 2019 918 fuit4.
2070 858 2163 920 Ac
2200 855 2507 921 moeroris
2554 856 2779 947 impa-

646 957 860 1025 tiens⁵
883 1011 900 1040 ,
952 983 1169 1052 quum
1221 976 1500 1052 repente
1553 978 1897 1056 noctuque
1944 963 2351 1056 profugisset
2398 965 2484 1033 ab
2531 963 2723 1032 Urbe
2753 1019 2773 1047 ‚

645 1073 1382 1164 transcucurrissetque
1421 1075 1863 1164 Campaniam
1882 1127 1899 1156 ‚
1944 1077 2307 1167 Syracusas
2349 1078 2575 1167 petiit3
2612 1101 2778 1143 rur-

648 1205 901 1276 susque
940 1181 1099 1249 inde
1134 1206 1426 1276 propere
1460 1182 1658 1252 rediit
1674 1238 1691 1266 ‚
1724 1185 1935 1253 barba
1978 1186 2358 1282 capilloque
2399 1191 2770 1281 promisso,

645 1295 785 1359 Nec
809 1316 1112 1386 unquam
1133 1309 1370 1386 postea
1394 1298 1946 1390 quantiscunque
1971 1296 2056 1365 de
2081 1297 2285 1366 rebus
2304 1353 2319 1382 ,
2346 1323 2436 1366 ne
2458 1324 2585 1391 pro
2610 1323 2778 1368 con-

647 1404 838 1470 cione
861 1401 1137 1496 quidem
1159 1403 1435 1496 populi,
1459 1421 1579 1472 aut
1607 1404 1792 1499 apud
1816 1405 2061 1475 milites
2076 1461 2094 1491 ‚
2130 1411 2260 1476 nisi
2300 1439 2329 1469 ει
2352 1433 2476 1500 per
2506 1435 2777 1479 numen

646 1512 958 1583 Drusillae
981 1543 1008 1574 υ
1072 1511 1461 1606 dejeravit⁶.
1521 1515 1844 1612 Reliquas
1897 1542 2165 1588 sorores
2214 1542 2344 1586 nec
2398 1519 2775 1612 cupiditate

645 1721 706 1772 L.
736 1721 947 1773 Cassius
971 1732 1160 1791 postea
1183 1721 1318 1773 Asiae
1345 1723 1657 1794 praefectus‚

640 1803 797 1872 jussu
825 1801 938 1852 Caii
968 1801 1024 1851 in
1055 1799 1280 1853 vinculis
1308 1801 1529 1854 Romam
1560 1803 1659 1854 ‹le-
1750 1803 1935 1858 Senec.
1962 1807 2179 1860 Consol.
2208 1805 2279 1858 ad
2302 1806 2485 1880 Polyb.
2517 1825 2635 1878 cap.
2660 1806 2736 1857 36
2757 1827 2774 1858 :

647 1877 840 1930 ductus
853 1915 870 1943 .‚
892 1890 1118 1929 mortem
1140 1881 1335 1930 evasit:
1362 1881 1464 1931 Dio
1477 1917 1494 1942 .‚
1515 1881 1657 1947 LIX,
1757 1907 1780 1930 ιι
1800 1887 1859 1936 C.
1876 1887 2068 1952 Caesar,
2089 1885 2284 1938 amissa
2302 1902 2487 1937 sorore
2502 1881 2735 1936 Drusilla
2750 1919 2773 1942 ,

651 1975 749 2028 29,
782 1958 877 2010 ubi
903 1959 1178 2029 scriptoris
1205 1957 1288 2009 vel
1321 1959 1506 2011 scribae
1532 1963 1659 2014 vitio
1752 1966 1797 2016 is
1841 1963 2007 2016 homo
2030 2003 2046 2031 ‚
2089 1965 2182 2035 qui
2222 1983 2333 2016 non
2376 1964 2545 2033 magis
2582 1961 2777 2015 dolere

647 2041 807 2093 Caius
821 2039 1031 2092 dicitur.
1042 2037 1180 2092 Vide
1193 2039 1422 2094 Reimar.
1436 2041 1501 2094 ad
1516 2041 1661 2094 hunc
1755 2062 1913 2115 quam
1930 2043 2165 2115 gaudere
2182 2042 2550 2115 principaliter
2560 2056 2775 2114 posset,

647 2121 828 2172 locum
853 2133 978 2191 post
996 2115 1290 2190 Glandorp.
1313 2121 1510 2173 Onom.
1536 2141 1659 2193 pag.
1754 2134 2103 2193 conspectum
2122 2122 2686 2193 conversationemque
2702 2123 2777 2172 ci-

653 2199 753 2254 205
770 2237 787 2264 ,
816 2214 871 2252 et
893 2201 1134 2270 Lipsium
1169 2199 1239 2251 ad
1263 2201 1437 2252 Tacit.
1465 2201 1659 2255 Annal.
1750 2203 1897 2252 vium
1923 2219 2143 2252 suorum
2172 2201 2444 2270 profugit,
2475 2200 2779 2270 exsequiis-

1822 1727 1874 1779 5.
1921 1728 2000 1780 Ac
2036 1729 2267 1781 moerort‘s
2305 1727 2616 1800 impatiens,
2659 1739 2772 1778 etc.

647 2282 747 2346 vl,
775 2279 837 2332 15
853 2319 872 2346 ‚
898 2277 1260 2349 disputantem
1291 2294 1478 2332 contra
1503 2284 1663 2333 Pom-

647 2359 906 2431 ponium,
936 2358 1027 2430 qui
1051 2375 1173 2408 cum
1201 2356 1260 2409 C.
1287 2358 1500 2426 Cassio,
1525 2358 1665 2411 cele-

649 2439 734 2492 bri
749 2437 1141 2513 jurisconsulto
1158 2476 1176 2504 ,
1203 2451 1445 2490 nostrum
1471 2440 1666 2492 confu-

649 2520 746 2573 dit.
769 2520 850 2574 Cf.
877 2520 1075 2587 Buta,
1098 2518 1368 2571 Dictionn.
1389 2518 1591 2573 Histor-
1616 2531 1668 2572 et

655 2602 780 2655 erit.
811 2600 914 2653 sub
945 2600 1141 2653 Cassius
1166 2599 1451 2673 Longinus.

725 2682 776 2734 3.
814 2680 1014 2732 Eadem
1058 2680 1336 2751 defuncta,
1379 2693 1482 2732 etc.
1524 2682 1663 2732 Anu.

656 2777 776 2831 79¹·
800 2757 938 2810 vide
962 2760 1119 2810 Dion.
1145 2758 1286 2821 LIX,
1320 2774 1336 2807 ι
1355 2775 1401 2823 1,
1421 2757 1665 2811 decretos

653 2852 875 2891 mortum
893 2856 925 2889 a
942 2838 1105 2888 fratre
1124 2834 1356 2887 honores
1378 2837 1494 2887 fuse.
1514 2854 1668 2887 etiar-

654 2932 878 2971 rantem.

727 2999 779 3065 4.
810 2994 1163 3069 Capitalfut't.
1186 2995 1336 3045 Hanc
1360 2994 1668 3046 Memmiani

655 3093 708 3133 et
720 3080 1046 3149 optimorum
1058 3073 1228 3126 codd.
1241 3073 1519 3125 lectionem
1534 3092 1669 3125 cotn-

655 3156 955 3229 probarunt
968 3153 1136 3205 Graev.
1154 3149 1506 3221 Oudendorp.
1523 3150 1670 3201 Wol-

654 3236 772 3289 fius.
783 3234 867 3287 Al.
877 3230 1122 3304 capitale.
1134 3230 1214 3283 De
1230 3244 1458 3301 utraque
1473 3230 1667 3298 forma,

655 3317 727 3369 cf.
749 3327 939 3388 proeter
953 3310 1199 3367 Oudend.
1216 3309 1285 3362 ad
1298 3310 1444 3362 hunc
1463 3310 1636 3361 locum
1651 3349 1667 3377 ‚

655 3392 945 3449 Tzscbuclt.
971 3391 1040 3445 ad
1061 3390 1290 3457 Melam,
1314 3392 1371 3458 1,
1399 3408 1460 3459 9,
1486 3407 1537 3459 7.
1567 3388 1669 3443 Ge..

655 3490 857 3543 terum,
879 3473 1154 3543 eleganter
1171 3472 1272 3524 Dio
1293 3469 1665 3523 conditionem

654 3556 868 3608 illorum
886 3568 1184 3623 temporum
1203 3551 1390 3621 paucis
1407 3549 1664 3621 explicat:

659 3634 793 3688 alios
821 3635 962 3687 enim
991 3631 1152 3682 fuisse
1176 3642 1486 3694 accusatos,
1515 3627 1667 3700 quod

659 3732 778 3768 eam
823 3730 934 3765 non
973 3710 1254 3781 lugerent,
1296 3706 1355 3763 οἷς
1393 3706 1666 3777 ἅνθρωποι,

662 3812 826 3865 quum
846 3803 983 3843 esset
1006 3787 1204 3849 homo;
1231 3786 1395 3851 alios,
1424 3785 1569 3859 quod
1593 3785 1670 3838 lu-

659 3883 876 3942 gerent,
913 3867 974 3925 oie
1011 3862 1134 3929 ouen,
1173 3886 1336 3939 quum
1375 3880 1514 3919 esset
1548 3866 1666 3919 dea.

661 3950 866 4003 Deinde
889 3946 1192 4020 exemplum
1216 3946 1461 4017 subjicit;
1486 3949 1671 4042 impie-

661 4034 784 4085 tatis
803 4033 1112 4086 arcessitum
1131 4030 1324 4095 fuisse,
1349 4040 1402 4081 et
1419 4030 1668 4101 periisse,

663 4112 755 4184 qui
775 4109 1006 4164 calidam
1028 4106 1372 4163 vendidisset.

1755 2299 1859 2352 que
1874 2282 2072 2334 sororis
2086 2297 2193 2332 suae
2208 2299 2317 2332 non
2336 2280 2606 2346 interfuit,
2620 2283 2777 2350 justa

1754 2363 1925 2413 sorori
1944 2379 2053 2412 non
2076 2359 2341 2430 praestitit‚
2368 2356 2460 2410 sed
2481 2359 2535 2409 in
2555 2357 2775 2410 Albano

1756 2457 1852 2492 suo
1882 2440 2091 2491 tesseris
2125 2457 2187 2490 ac
2221 2440 2378 2506 foro,
2419 2452 2471 2490 et
2502 2457 2775 2511 provoca-

1755 2522 1821 2571 tis
1843 2517 2153 2589 hujusmodi
2178 2517 2294 2571 aliis
2318 2517 2773 2589 occupationibus

1758 2598 2085 2652 acerbissimi
2107 2599 2311 2651 funeris
2336 2596 2547 2650 levabat
2568 2597 2773 2651 mala...

1752 2678 1901 2730 Idem
1931 2677 2021 2729 ille
2046 2678 2209 2730 Caius
2233 2679 2435 2729 furiosa
2458 2678 2777 2731 inconstan-

1756 2760 1846 2822 tia,
1862 2755 2021 2808 modo
2032 2755 2257 2808 barbam
2268 2755 2632 2829 capillumque
2648 2756 2777 2809 sub-

1757 2837 1997 2902 mittam,
2016 2833 2180 2886 modo
2196 2834 2358 2887 ltaliae
2373 2853 2436 2887 ac
2451 2834 2637 2887 Siciliae
2646 2854 2771 2887 oras

1756 2912 2091 2967 errabundus
2137 2916 2488 2987 permetiens,
2532 2928 2585 2966 et
2614 2932 2773 2979 ‘nun-

1758 3012 1918 3065 quam
1959 2996 2083 3045 satis
2125 3007 2298 3047 certus
2315 3032 2332 3061 ,
2375 3008 2555 3047 utrum
2594 2993 2771 3065 lugeri

1756 3072 1911 3125 vellet
1932 3112 1949 3141 ‚
1990 3091 2061 3124 an
2104 3073 2209 3125 coli
2259 3092 2517 3125 sororem.
2562 3071 2770 3125 Eodem

1757 3155 1896 3205 enim
1913 3167 2155 3223 tempore
2167 3191 2183 3219 .,
2206 3172 2315 3223 quo
2332 3152 2527 3224 templa
2542 3152 2620 3203 illi
2636 3172 2772 3205 con·
2874 3178 2883 3187 ·

1758 3231 2013 3285 stituebat
2049 3250 2112 3284 ac
2150 3232 2483 3304 pulvinaria,
2514 3251 2639 3301 eos,
2674 3235 2769 3303 qui

1755 3330 1945 3384 parum
1960 3314 2132 3364 moesti
2147 3313 2358 3364 fuerant
2369 3350 2385 3378 ‚
2406 3311 2771 3365 crudelissima

1757 3390 2021 3443 afficiebat
2042 3390 2520 3445 animadversione.
2542 3415 2565 3437 ι·

1828 3468 1878 3520 6.
1918 3468 2037 3521 Nisi
2059 3488 2159 3541 per
2188 3488 2382 3522 numen
2404 3468 2651 3523 Drusilloe
2676 3472 2769 3523 de-

1746 3548 1955 3621 jeravit.
1980 3548 2137 3620 Vulg.
2164 3568 2381 3612 nomen,
2410 3549 2503 3602 sed
2524 3549 2659 3603 illud
2682 3570 2770 3603 re-

1756 3631 1909 3681 ctius.
1945 3632 2083 3682 Nam
2114 3642 2469 3701 praeterquam
2503 3629 2651 3701 quod
2682 3630 2767 3683 di-

1758 3708 1889 3761 vinis
1929 3728 2047 3760 eam
2083 3708 2283 3778 ubique
2323 3707 2620 3762 honoribus
2658 3710 2766 3762 coli

1756 3786 1919 3839 Caius
1930 3786 2088 3855 jussit
2104 3824 2120 3850 ‚
2144 3802 2207 3835 ac
2225 3788 2419 3838 Veneri
2444 3790 2765 3860 exaequavit‚

1760 3867 2057 3921 Pantheum
2094 3880 2338 3921 vocatam
2374 3868 2539 3921 fuisse
2584 3870 2770 3925 scribit

1758 3950 1887 4016 Dio,
1908 3948 2333 4020 imperatumque
2350 3949 2685 4017 mulieribus,
2708 3966 2769 4004 ut

1759 4046 1877 4081 eam
1889 4066 1905 4096 ,
1919 4040 2173 4101 tanquam
2187 4030 2217 4080 J
2221 4046 2453 4083 uuonem
2468 4028 2668 4085 scilicet
2678 4067 2695 4097 ‚
2710 4032 2767 4082 in

1758 4121 2029 4179 posterum
2048 4110 2305 4179 jurarent.
