3050 5004
1068 525 1565 591 CLAUDIUS.

2241 527 2366 593 103

274 657 442 725 bene
480 651 679 723 dolia·
704 654 1123 747 piamentum
1149 682 1203 712 ω
1226 649 1475 732 altero,
1529 679 1557 710 α
1577 648 1744 718 nihil
1785 672 1978 744 aeque
2021 650 2241 718 facere
2281 649 2370 719 ad

274 770 519 861 viperae
538 788 849 835 morsum
863 786 1113 857 ,quam
1130 764 1269 829 taxi
1290 760 1550 829 arboris
1574 784 1879 830 succum.
1905 792 1934 823 n

360 880 574 944 xvu.
626 872 1141 967 Expeditionem
1170 896 1381 940 unam
1414 875 1696 959 omnino
1718 875 2016 967 suscepit
2033 924 2050 954 ,
2084 898 2372 969 eamque

274 985 627 1055 modicam.
648 990 879 1072 Quum
892 1038 911 1068 ,
932 984 1215 1052 decretis
1234 982 1361 1051 sihi
1379 1008 1419 1050 a
1438 987 1690 1053 Senatu
1711 987 2122 1051 ornamentis
2145 988 2376 1053 trium·

276 1098 587 1193 phalibus
604 1108 619 1139 ¹
640 1151 660 1181 ,
682 1096 1009 1165 leviorem
1026 1092 1359 1188 majestati
1376 1103 1399 1131 ²
1426 1094 1784 1188 principali
1807 1094 2078 1163 titulum
2099 1096 2377 1164 arbitra-

272 1225 485 1292 retur,
512 1208 886 1303 velletque,
899 1204 1081 1299 ,justi
1112 1204 1439 1299 triumphi
1468 1203 1678 1274 decus
1706 1204 1891 1273 unde
1923 1203 2374 1301 ³acquireret,

277 1322 687 1387 Britanniam
714 1319 1145 1411 potissimum
1178 1314 1409 1409 elegit,
1437 1340 1662 1410 neque
1689 1331 2014 1383 tentatam
2035 1314 2198 1383 ullik
2224 1332 2380 1411 post

274 1434 523 1499 Divum
567 1428 860 1510 Julium,
904 1444 977 1495 et-
1008 1443 1175 1495 tunc
1208 1424 1736 1494 tumultuantem
1777 1426 1868 1495 ob
1902 1450 2044 1495 non
2081 1419 2379 1495 redditos

276 1530 722 1633 transfugas.
670 1541 699 1588 ⁵
766 1544 921 1607 Huc
960 1563 1175 1634 quum
1219 1537 1307 1606 ab
1347 1540 1536 1606 Ostia
1573 1541 1952 1631 navigaret,
1994 1536 2378 1607 vehementi

340 1765 507 1817 XVII.
550 1781 595 1816 t.
620 1762 851 1816 Decretis
869 1762 991 1817 sibi.
1012 1800 1025 1813 .
1046 1799 1061 1814 .
1081 1800 1095 1813 .
1122 1780 1282 1817 oma-

278 1844 461 1897 neatis
496 1840 909 1915 nimphalibus.
954 1841 1110 1894 Conf.
1146 1842 1283 1908 Dio,

276 1924 389 1989 Lx,
412 1922 451 1975 6
476 1935 531 1974 et
554 1924 606 1976 8.

344 2020 395 2055 a.
420 2001 707 2075 Majestuti.
722 1999 1005 2054 Nolnimus
1019 2018 1141 2051 cum
1154 2000 1287 2051 Tor-

278 2096 409 2133 rent.
442 2094 501 2133 et
535 2078 721 2151 Steph.
738 2116 757 2144 ,
790 2096 927 2149 quos
962 2090 1177 2131 secutus
1204 2088 1287 2130 est

278 2164 483 2215 Ernest.
500 2199 517 2226 ‚
544 2158 675 2213 dare
710 2172 897 2211 contra
932 2158 1100 2211 libros
1124 2161 1287 2231 maje-

276 2254 417 2295 state.
437 2242 539 2293 mc
556 2241 876 2293 latinitatem
893 2236 1163 2310 postulare
1179 2236 1285 2289 hoc

276 2320 435 2387 dicit,
467 2318 615 2391 quod
644 2336 744 2389 ego
776 2336 887 2369 non
914 2316 1086 2369 video.
1116 2316 1286 2387 Maje-

276 2402 393 2455 stati
422 2410 506 2452 eet
532 2416 632 2471 pro
664 2399 943 2467 majestate
968 2395 1288 2469 principali,

278 2479 543 2552 majestati
572 2480 829 2550 imparem
852 2475 1083 2530 titulum.

343 2561 394 2613 3.
440 2560 499 2614 V
491 2557 721 2632 elletque
734 2597 753 2626 ‚
762 2557 898 2630 justi
922 2555 1178 2627 triumphi
1198 2555 1289 2608 de-

277 2659 359 2694 cus
400 2639 545 2692 unde
586 2637 899 2710 acquireret.
939 2635 1287 2688 subvenimus

278 2721 423 2784 loco,
454 2731 659 2770 munta
684 2717 1135 2788 interpunctione.
1160 2715 1290 2768 Vul-

278 2819 373 2872 go,
394 2797 661 2873 velletque
675 2797 805 2890 justi
830 2796 1089 2869 triumphi
1108 2796 1287 2862 decus,

280 2882 411 2934 unde
426 2879 744 2953 acquireret,
768 2880 823 2929 in
844 2895 951 2949 quo
972 2895 1136 2949 quum
1157 2872 1291 2927 velle

278 2961 425 3013 dean
440 2958 787 3012 durissimum
805 2973 933 3008 sane
952 2967 1115 3022 esset,
1140 2951 1289 3026 quod

278 3041 481 3112 judicat
494 3043 655 3092 etiam
668 3037 926 3104 wolfius,
941 3037 1180 3090 Gronov.
1195 3055 1289 3107 pa-

280 3135 355 3174 ter
380 3122 587 3185 suasit,
620 3143 643 3167 ιι
662 3117 925 3189 velletque
943 3119 1077 3188 justi
1103 3117 1291 3168 trium-

282 3199 371 3270 phi
406 3199 579 3251 decus
618 3197 897 3250 undeunde
934 3197 1234 3268 acquirere,-
1261 3217 1283 3242 n

284 3279 443 3350 quod*
470 3273 815 3348 comprobari
859 3271 1071 3326 videtur
1118 3271 1289 3325 verbis

282 3361 435 3413 Oros.
472 3360 604 3424 vu,
644 3355 703 3422 5,
738 3379 763 3404 ιι
784 3355 983 3408 bellum
1014 3356 1205 3426 ubique
1236 3368 1291 3407 et

286 3439 559 3490 vinariam
602 3435 950 3508 undecunque
984 3433 1237 3505 quesivit.
1260 3457 1285 3482 n

288 3522 415 3572 Puto
428 3557 447 3586 ‚
466 3518 635 3588 longe
651 3516 941 3569 faciliorem
962 3527 1196 3568 nostram
1216 3533 1293 3566 ra·

290 3601 498 3652 tionem.
530 3595 745 3649 Mulier.
766 3593 1005 3667 suppleri
1019 3593 1177 3664 jubet
1192 3593 1292 3648 sibi

288 3679 487 3732 decerna·
511 3690 639 3749 post
662 3675 853 3730 vellet..

356 3759 407 3825 4.
455 3757 647 3830 Neque
682 3765 931 3808 tentatam
970 3753 1074 3806 uui
1090 3775 1111 3815 ,-
1149 3752 1289 3805 bello

290 3855 403 3890 vere
442 3841 667 3910 petitam
702 3849 758 3888 et
796 3835 1115 3887 infestatam.
1154 3833 1291 3886 Nam

292 3915 649 3989 expeditiones
678 3915 735 3965 in
770 3912 1099 3965 Britanniam
1128 3910 1294 3964 medi-

294 4001 385 4048 tati
408 4000 565 4051 etiam
588 3999 802 4049 fuerant
823 3996 1096 4066 Augustus
1120 4007 1171 4045 et
1193 3995 1291 4046 Ca-

292 4074 445 4149 ligula
460 4115 478 4144 ‚
498 4077 591 4132 sed
614 4093 725 4128 non
747 4074 1097 4145 perfecerant.
1120 4073 1289 4125 Tacit.

296 4157 463 4226 Agris.
494 4157 559 4210 13
587 4180 599 4208 :
636 4178 659 4203 ι
680 4156 887 4206 Primus
914 4155 1150 4206 omnium
1181 4151 1291 4203 Bo-

298 4251 563 4288 mauorum
596 4234 665 4285 D.
702 4231 881 4285 Julius
902 4249 1024 4286 cum
1058 4231 1288 4284 exercitu

1372 1762 1696 1815 Britanniam
1729 1762 2024 1833 ingressus,
2057 1778 2382 1832 quamquam

1370 1860 1630 1915 prospera
1657 1860 1838 1913 pugna
1865 1842 2111 1896 terruerit
2137 1840 2343 1893 incolas
2360 1876 2380 1906 ‚

1372 1940 1435 1975 ac
1462 1920 1619 1973 litore
1647 1922 1984 1993 potitus-sit,
2009 1932 2192 1995 potest
2213 1918 2381 1973 videri

1374 2000 1672 2055 ostendisse
1687 2002 1912 2074 posteris
1924 2040 1943 2068 ,
1955 2019 2064 2053 non
2079 1998 2380 2053 tradidisse.

1372 2082 1501 2133 Mox
1527 2080 1670 2141 bella
1693 2080 1896 2148 civilia,
1927 2093 1987 2133 et·
2010 2084 2064 2133 in
2097 2078 2380 2152 Rempnbl.

1372 2181 1521 2215 versa
1558 2154 1866 2235 Principum
1901 2180 2085 2228 arma·,
2123 2180 2186 2213 ac
2217 2160 2384 2233 longa

1376 2240 1574 2294 oblivio
1615 2244 1896 2297 Britanniae
1933 2243 2095 2294 etiam
2130 2242 2185 2292 in
2227 2259 2379 2313 pace.

1375 2321 1670 2375 Consilium
1689 2321 1744 2374 id
1762 2322 1832 2375 D.
1851 2320 2114 2396 Augustus
2127 2320 2386 2389 vocabat,

1378 2404 1620 2457 Tiberius.
1651 2416 1992 2476 praeceptum.
2040 2405 2280 2472 Agitasse
2326 2403 2382 2453 G.

1376 2483 1624 2537 Coesarem
1670 2482 1738 2536 de
1786 2480 2034 2536 intranda
2077 2482 2348 2533 Britannia
2364 2517 2382 2545 ‚

1374 2567 1503 2617 satis
1546 2577 1756 2616 constat
1775 2603 1794 2630 ‚
1835 2565 1891 2616 ni
1931 2562 2082 2614 velox
2129 2563 2344 2633 ingenio
2365 2601 2384 2630 ‚

1377 2643 1588 2696 mobilis
1609 2644 1918 2715 poenitentia
1931 2681 1948 2710 ‚
1966 2655 2020 2694 et
2035 2643 2278 2712 ingentes
2293 2640 2386 2693 ad-

1375 2741 1559 2776 versus
1573 2723 1914 2776 Germaniam
1939 2735 2165 2773 conatus
2187 2722 2386 2774 frustm

1373 2802 1618 2854 fuissent.
1679 2801 1848 2855 Divus
1899 2799 2144 2854 claudius
2196 2813 2384 2853 auctor

1376 2873 1590 2952 operisss,
1620 2881 1927 2932 transvectis
1956 2878 2256 2948 legionibus
2285 2867 2383 2930 au-

1374 2959 1648 3032 xiliisque,
1675 2973 1728 3012 et
1745 2973 1984 3012 assumto
2001 2961 2056 3011 in
2075 2971 2283 3029 partem
2301 2977 2384 3010 re-

1376 3059 1493 3092 rum
1506 3039 1835 3111 Vespasiano
1849 3059 1865 3101 ς
1882 3035 2028 3113 quod
2041 3039 2248 3089 initium
2265 3055 2385 3090 ven-

1376 3131 1507 3173 ture
1556 3138 1684 3170 mox-
1728 3118 1955 3170 fortunoe
1995 3118 2112 3168 fuit.
2161 3117 2384 3168 Domine

1376 3209 1562 3270 gentes
1574 3233 1592 3261 ‚
1613 3199 1755 3268 capti
1772 3199 1940 3265 Reges
1951 3234 1968 3263 ‚
1988 3209 2042 3247 et
2057 3207 2384 3248 monstratus

1378 3276 1499 3330 fatis
1521 3277 1898 3346 Vespasianus.
1918 3299 1940 3322 a·
1983 3277 2246 3344 interpres
2267 3275 2386 3326 No-

1378 3356 1473 3408 stri
1500 3358 1663 3408 etiam
1689 3357 1844 3408 Oros.
1871 3355 1906 3406 1.
1931 3373 1980 3406 c.
2011 3375 2034 3400 ι
2053 3367 2384 3406 transvectus

1378 3437 1451 3487 in.
1464 3434 1694 3486 insulam
1723 3448 1832 3500 est,
1865 3451 2026 3505 quam
2057 3449 2234 3502 neque
2261 3443 2386 3484 ante

1376 3514 1481 3568 Jul.
1533 3515 1788 3568 Caesarem
1808 3552 1825 3579 ‚
1877 3529 2050 3584 neque
2093 3523 2218 3584 post
2261 3529 2386 3564 eum

1379 3596 1661 3667 quisquam
1690 3593 1834 3645 adire
1862 3611 2022 3645 ausus
2048 3593 2240 3644 fuerat.
2263 3615 2286 3638 ι

1450 3671 1501 3725 5.
1540 3673 1613 3724 Et
1649 3683 1772 3724 mne
1807 3670 2214 3730 tumultuantem
2244 3670 2386 3721 ob....

1382 3751 1694 3825 mnsfuqas.
1712 3754 1843 3817 Dio,
1859 3752 1971 3817 Lx,
1993 3767 2056 3822 19
2069 3769 2181 3821 seq.
2197 3748 2266 3801 de
2279 3747 2386 3802 hoc

1380 3832 1524 3886 bello
1549 3835 1686 3904 agit„
1717 3845 1870 3904 gesto
1903 3845 2027 3884 ante
2053 3828 2263 3883 Claudii
2292 3827 2386 3881 ad·

1380 3923 1602 3964 ventum
1629 3929 1728 3983 per
1757 3912 1822 3962 A.
1855 3910 2116 3961 Plautium
2154 3921 2207 3959 et
2238 3907 2382 3960 Flav.

1382 3992 1770 4062 Vespasianum
1792 4029 1808 4055 ‚
1861 4003 2050 4060 postea
2099 3989 2388 4058 Imperato-

1382 4089 1511 4123 rem.
1534 4070 1668 4124 Vide
1685 4075 1908 4142 Vespas.
1932 4069 1995 4135 43
2019 4069 2190 4120 Tacit.
2207 4063 2386 4138 Agr-ic.

1380 4171 1427 4202 c.
1458 4150 1538 4216 ¹⁴·
1567 4148 1832 4212 Plautius,
1855 4168 1910 4210 ne
1929 4147 2156 4220 quidem
2167 4145 2390 4200 feliciter

1378 4242 1525 4300 gesta
1544 4267 1560 4297 ,
1586 4227 1678 4281 sed
1699 4240 1857 4280 aucta
1880 4225 2008 4280 belli
2031 4225 2197 4294 mole,
2220 4224 2392 4280 advo-
