3050 5004
1096 512 1653 583 VITELLIUS.
2292 514 2414 579 311

328 638 767 707 abhorrentes
794 637 1127 733 quosdam
1150 637 1558 707 cadaverum
1581 637 1808 705 tabem
1822 692 1840 723 ,
1866 637 2242 707 detestabili
2265 662 2432 707 voce

324 750 727 819 confirmare
748 773 953 819 ausus
978 767 1081 819 est
1107 777 1123 817 ε
1162 780 1189 811 e
1207 751 1477 842 Optime
1500 748 1684 817 olere
1709 752 2008 817 occisum
2033 750 2296 819 hostem
2314 803 2332 832 ,
2363 768 2432 819 et

325 860 569 928 melius
606 864 841 929 civem.
866 894 893 924 υ
938 866 1077 931 Nec
1114 885 1195 929 eo
1232 862 1453 929 secius
1488 859 1577 928 ad
1613 857 1998 929 leniendam
2033 864 2429 953 gravitatem

326 971 555 1041 odoris
590 970 961 1067 plurimum
999 975 1169 1075 meri
1205 971 1560 1065 propalam
1598 970 1862 1055 hausit,
1901 975 2291 1068 passimque
2327 972 2430 1040 di-

327 1085 501 1151 visit.
557 1088 707 1151 Pari
752 1086 1045 1154 vanitate
1088 1101 1291 1177 atque
1339 1082 1694 1151 insolentia
1741 1078 2064 1176 lapidem,
2105 1078 2432 1151 Memom'ae

326 1194 597 1262 Othonis
650 1194 1125 1289 inscriptumss,
1170 1198 1478 1277 intuens,
1520 1193 1850 1285 «dignum
1897 1218 1980 1262 eo
2023 1193 2428 1263 Mausoleo»

326 1308 459 1374 ait:
488 1310 1022 1403 pugionemque,
1048 1329 1185 1401 quo
1210 1308 1267 1374 is
1292 1328 1365 1373 se
1387 1303 1754 1385 occiderat,
1773 1307 1844 1373 in
1869 1308 2430 1397 Agrippinensem

327 1413 659 1483 coloniam
695 1419 909 1499 misit,
935 1419 1138 1486 Marti
1169 1413 1644 1484 dedicandum.
1674 1418 1754 1486 In
1791 1416 2126 1508 Apennini
2154 1415 2434 1509 quidem

319 1522 503 1616 jugis
532 1529 731 1593 etiam
754 1526 1183 1619 pervigilium
1210 1528 1365 1619 egit.

420 1640 537 1705 XI.
576 1637 834 1706 Urbem
869 1638 1163 1733 denique
1196 1638 1283 1705 ad
1318 1636 1676 1710 classicum
1707 1639 1999 1707 introiit⁸
2032 1636 2432 1731 paludatus,

326 1744 644 1841 ferroque
680 1751 1095 1825 succinctus,
1132 1750 1309 1815 inter
1342 1750 1536 1839 signa
1571 1765 1774 1843 atque
1806 1746 2080 1829 vexilla,
2107 1747 2430 1838 sagulatis

326 1858 681 1928 comitibus
698 1912 716 1941 ‚
742 1884 821 1928 ac
839 1860 1117 1929 detectis
1138 1860 1674 1929 commilitonum
1697 1863 1924 1929 armis.
1949 1864 2164 1954 Magis
2183 1860 2430 1929 deinde

322 1992 402 2036 ac
426 1973 638 2063 magis
663 1973 849 2039 omni
877 1971 1105 2039 divino
1136 1972 1574 2066 humanoque
1601 1968 1750 2064 jure
1777 1970 2116 2063 neglecto,
2155 1970 2426 2039 Alliensi

322 2077 433 2148 die
451 2096 475 2127 ²
505 2083 972 2173 pontificatum
1004 2084 1371 2151 maximum
1403 2084 1582 2175 cepit
1609 2109 1623 2149 z
1653 2085 1920 2150 comitia
1945 2085 2014 2149 in
2045 2081 2277 2149 decem
2303 2106 2427 2149 an·-

320 2213 447 2258 nos
488 2188 893 2274 ordinavit³‚
932 2216 1143 2287 seque
1183 2208 1588 2285 perpetuum
1635 2191 2019 2261 Consulem.
2069 2196 2155 2257 Et
2189 2214 2276 2257 ne
2312 2192 2432 2259 cui·

320 2383 596 2437 staurabat
614 2404 825 2438 sacrum
842 2386 954 2440 Diis
972 2388 1095 2439 loci.
1119 2410 1141 2435 n
1166 2388 1322 2440 Conf.
1414 2388 1558 2441 xvlt
1581 2386 1699 2441 Kal.
1728 2386 1906 2440 Sextii.
1935 2394 2109 2458 quum*
2129 2387 2286 2443 etiam
2308 2386 2421 2440 Liv.

317 2461 518 2534 Xiphit.
542 2463 701 2532 LXV,
732 2482 777 2516 1.
1410 2466 1517 2534 VI,
1557 2482 1606 2532 ι,
1635 2467 1812 2518 -Tum
1847 2464 1914 2517 de
1943 2462 2130 2520 diebus
2164 2463 2418 2535 religiosis

390 2543 443 2596 8.
482 2544 764 2617 Lapidem,
798 2545 1071 2598 Memoriae
1105 2544 1327 2598 othonis
1412 2547 1602 2614 agitari
1619 2559 1879 2616 coeptum,
1902 2542 2149 2614 diemque
2169 2561 2217 2595 a.
2242 2543 2296 2594 d.
2323 2543 2420 2597 XV

318 2621 775 2694 inscriptum3hoc
794 2636 875 2676 est
892 2637 1323 2688 monumentum,
1411 2625 1531 2677 Kal.
1563 2624 1704 2677 Sext.
1739 2619 1939 2696 duplici
1975 2621 2124 2674 clade
2161 2621 2417 2691 insignem

320 2703 465 2774 quod
502 2703 709 2757 Brixelli
750 2723 806 2757 se
844 2704 1036 2758 vidisse
1086 2705 1157 2756 ait
1198 2703 1323 2756 Plu-

319 2782 484 2834 tarch.
516 2782 718 2836 Othon.
752 2783 831 2836 18.

384 2861 474 2913 xl.
510 2879 552 2914 1.
586 2861 830 2914 Urbem...
855 2861 927 2913 ad
950 2861 1219 2914 classicum
1240 2861 1321 2913 in-

317 2942 489 3008 troiit,
521 2955 623 2993 etc.
653 2941 849 2994 Contra
878 2943 1045 2993 Tacit.
1082 2940 1214 2992 Hist.
1248 2943 1322 3008 11,

316 3021 412 3090 89,
446 3043 469 3066 α
492 3021 609 3092 lpse
634 3020 905 3086 Vitellius,
940 3039 969 3072 a
1002 3033 1167 3092 ponte
1195 3019 1319 3072 Mit-

314 3103 428 3166 vio‚
450 3101 643 3172 insigni
659 3119 827 3172 equo,
846 3101 1129 3172 paludatus
1146 3103 1323 3152 accin-

318 3193 541 3251 ctusque
553 3217 571 3246 ‚
590 3181 837 3234 Senatum
855 3195 905 3234 et
923 3179 1181 3250 Populum
1198 3195 1322 3232 ante

317 3279 376 3314 se
394 3280 583 3332 agens,
606 3281 712 3334 quo
734 3264 905 3314 minus
924 3273 983 3312 ut
998 3273 1205 3332 captam
1220 3265 1323 3314 Ur-

314 3339 440 3394 bem
467 3341 853 3412 ingrederetur,
880 3342 1171 3392 amicorum
1200 3359 1325 3393 con-

315 3418 433 3473 silio
458 3419 767 3485 deterritus,
794 3435 967 3473 sumta
992 3433 1241 3492 praetexta
1272 3434 1323 3473 et

317 3501 617 3570 composito
647 3501 855 3570 agmine
878 3500 1108 3550 incessit.
1138 3523 1159 3546 ιι
1189 3499 1323 3552 Vide

318 3590 457 3631 nost.
483 3579 653 3630 Taciti
675 3591 787 3630 not.
818 3591 855 3630 t.
880 3579 975 3642 111,
998 3597 1051 3648 p.
1082 3577 1199 3643 240.
1226 3579 1319 3630 Eo.

392 3674 440 3710 2.
478 3656 707 3709 Alliensi
731 3656 843 3719 die3
873 3657 969 3707 XV
995 3656 1114 3709 Kal.
1144 3655 1320 3708 Sextii.

314 3735 396 3804 (a.
456 3737 515 3787 18
564 3734 741 3806 Jut.)‚
792 3753 899 3806 quo
950 3737 1053 3786 fusi
1110 3735 1323 3787 fuerant

314 3815 539 3866 Romani
565 3815 634 3866 ad
655 3815 851 3867 flumen
876 3814 1063 3866 Alliam
1081 3850 1098 3877 ‚
1124 3813 1193 3866 de
1217 3833 1321 3885 qua

316 3891 469 3944 clade
500 3890 619 3944 vide
646 3893 757 3943 Liv.
786 3897 852 3956 V,
892 3893 959 3962 37
988 3911 1099 3963 seq.
1130 3894 1207 3944 De
1235 3893 1319 3944 dte

315 3982 429 4023 atm
442 3970 671 4024 Alliensi
682 3971 801 4023 vide
820 3973 1003 4024 Rosin.
1015 3975 1141 4025 Ant.
1162 3975 1317 4025 Rom.

312 4051 400 4115 lv,
428 4067 487 4116 2,
515 4067 635 4121 pag.
663 4051 799 4117 285,
822 4069 979 4121 quem
1010 4052 1177 4102 miror
1198 4069 1317 4102 cum

311 4127 429 4181 aliis
446 4165 463 4194 ‚
488 4127 667 4200 quide
686 4130 941 4182 institutis
960 4131 1319 4181 Romanorum

316 4211 617 4282 scripserim
624 4221 663 4276 t,
672 4208 813 4263 diem
822 4209 1109 4266 Alliensem
1121 4227 1321 4282 ponere

1412 2703 1552 2776 (quo
1577 2703 1664 2758 die
1687 2703 1757 2758 ad
1780 2705 2076 2756 Cremeram
2101 2700 2252 2752 Fabii
2274 2703 2422 2768 caesi,

1414 2803 1523 2855 quo
1563 2783 1756 2837 deinde
1792 2783 1868 2835 ad
1889 2782 2080 2834 Alliam
2109 2799 2230 2834 cum
2258 2783 2420 2834 exitio

1410 2863 1570 2916 Urbis
1606 2863 1744 2916 foede
1775 2861 2134 2934 pugnatum),
2165 2878 2198 2912 a
2231 2873 2420 2932 poste-

1411 2945 1552 2996 riore
1575 2942 1726 2995 clade
1747 2943 2030 2995 Alliensem
2056 2939 2419 3012 appellarunt,

1412 3025 1780 3093 insignemque
1809 3022 1882 3073 rei
1909 3018 2042 3072 nulli
2068 3018 2281 3090 publice
2308 3021 2423 3092 pri·

1408 3101 1680 3172 vatimque
1701 3099 1916 3170 agendae
1936 3101 2197 3151 fecerunt.
2217 3123 2238 3148 ιι
2263 3099 2344 3151 De
2363 3118 2420 3151 re

1410 3193 1596 3231 nostra
1617 3181 1787 3232 Tacit.
1815 3181 1944 3232 nist.
1971 3180 2044 3241 11,
2079 3194 2140 3248 91
2165 3199 2178 3229 ε
2216 3199 2238 3224 ι
2257 3177 2419 3248 Apud

1412 3259 1676 3310 civitatem
1689 3297 1706 3325 ‚
1731 3271 1924 3310 cuncta
1949 3259 2388 3327 interpretantem
2401 3295 2418 3322 .,

1412 3337 1610 3390 funesti
1639 3339 1831 3390 ominis
1859 3337 1981 3387 loco
2007 3347 2286 3407 acceptum
2311 3350 2418 3402 est,

1412 3415 1588 3488 quml,
1622 3418 1904 3468 maximum
1927 3413 2296 3485 pontificatum
2325 3412 2416 3465 ad-

1412 3507 1597 3563 eptus,
1622 3494 1866 3545 Vitellius
1891 3491 1957 3544 de
1985 3494 2284 3544 cerimoniis
2315 3511 2418 3564 pu·-

1413 3573 1562 3625 blicis
1600 3574 1695 3624 XV
1725 3573 1840 3624 Kal.
1875 3575 2096 3642 August.
2136 3571 2416 3636 edixisset,

1414 3652 1705 3724 antiquitus
1725 3654 1959 3703 infausto
1984 3649 2072 3702 die
2089 3652 2416 3702 Cremerensi

1410 3729 1736 3803 Alliensique
1764 3728 2042 3780 cladibus=
2077 3726 2214 3778 adeo
2243 3729 2418 3780 omnis

1410 3809 1481 3862 lm
1490 3813 1633 3862 mani
1646 3811 1912 3881 divinique
1924 3808 2054 3879 juris
2069 3825 2281 3878 expers,
2300 3809 2418 3878 pari

1411 3891 1721 3944 libertorum
1736 3894 2134 3960 amicorumque
2151 3889 2416 3955 socordia,

1408 3973 1552 4025 velut
1577 3975 1718 4025 inter
1741 3970 2058 4024 temulentos
2087 3969 2295 4039 agebat«.
2317 3991 2339 4016 n

1482 4053 1533 4104 3.
1578 4051 1856 4104 Cmnitt‘a...
1881 4050 2159 4105 ordinavit.
2186 4049 2264 4100 De
2285 4067 2420 4100 con-

1410 4131 1672 4185 sulatibus
1689 4173 1705 4201 ,
1729 4151 1850 4185 cum
1873 4134 2096 4185 maxima
2117 4128 2326 4183 licentia
2348 4131 2429 4184 ab·

1412 4230 1477 4266 eo
1500 4210 1664 4280 datis,
1687 4211 1806 4265 vide
1827 4211 1998 4266 Tacit.
2019 4211 2213 4264 nister.
2237 4213 2310 4280 n,
2329 4227 2386 4281 71
2399 4249 2418 4268 t
