3050 5004
1078 463 1631 528 VITELLIUS.

316 617 397 661 eo
420 615 785 685 percussus
804 591 830 674 ,'
848 589 1277 669 intendisset,
1300 612 1429 656 nec
1450 587 1676 671 aliter,
1699 612 1906 682 quam
1931 592 2206 658 extortis
2226 593 2421 684 quin-

318 703 641 796 quaginta
664 702 985 768 sestertiis
1002 749 1019 781 ,
1048 700 1437 766 remisisset.
1464 697 1954 766 Advenientem
1979 697 2156 766 male
2173 703 2441 778 anima-,

316 831 427 880 tus
466 837 625 904 erga
665 813 1045 904 Principem
1079 811 1445 886 exercitus,
1484 832 1877 902 pronusque
1913 807 1999 876 ad
2032 833 2138 878 res
2175 835 2422 894 novas»,

316 922 539 991 libens
560 948 639 990 ac
661 926 919 1016 supinis
944 921 1259 990 manibus
1284 923 1574 1013 excepit,
1601 918 1789 986 velut
1805 916 1985 987 dono
2005 927 2223 988 Deum
2247 922 2432 990 obla-

236 1107 241 1110 ,
318 1051 499 1115 tum,
524 1050 627 1101 ter
652 1031 961 1100 Consulis
990 1032 1204 1099 filium
1224 1084 1242 1114 ,
1286 1047 1483 1098 oetate
1510 1033 1802 1122 integra,
1833 1031 2012 1098 facili
2039 1057 2118 1098 ac
2147 1033 2427 1125 prodigo

320 1147 569 1212 animo,
611 1149 831 1229 Quam
875 1159 1173 1211 veterem
1210 1141 1295 1208 de
1338 1166 1411 1210 se
1450 1143 1959 1233 persuasionem
1989 1141 2295 1210 Vitellius
2325 1169 2428 1211 re-

318 1254 631 1324 centibus
650 1258 851 1322 e'tiam
872 1256 1344 1347 experimentis
1366 1267 1674 1333 auxerat,
1701 1268 1838 1318 tota
1861 1254 1964 1318 via
1989 1253 2433 1346 caligatorum

320 1388 603 1459 ⁸quoque
628 1362 917 1430 militum
935 1377 961 1424 7
991 1361 1225 1429 obvios
1265 1357 1700 1443 exosculanS,
1729 1385 1988 1455 perque
2021 1363 2328 1431 stabula⁸
2357 1389 2437 1432 ac

324 1475 715 1543 deversoria
750 1472 1171 1542 mulionibus
1208 1496 1287 1539 ac
1323 1471 1694 1539 viatoribus
1731 1489 1978 1566 proeter
2009 1474 2291 1542 modum
2331 1499 2442 1544 co-

304 1589 493 1670 ⁴mis3
528 1603 607 1652 ut
634 1609 837 1654 mane
874 1567 1212 1675 singulos,
1245 1579 1479 1675 jamne
1508 1579 1916 1673 jentassent‚
1954 1585 2437 1668 sciscitaretur,

335 1721 543 1792 seque
572 1695 846 1773 fecisse,
870 1710 1069 1762 ructu
1100 1717 1372 1788 quoque
1400 1691 1807 1760 ostenderet.
2433 1708 2438 1712 ·

420 1811 603 1876 vni.
629 1809 863 1874 Castra
886 1827 1047 1872 vero
1080 1806 1425 1896 ingressus
1454 1800 1625 1870 nihil
1657 1804 1972 1896 cuiquam
2003 1808 2306 1897 poscenti
2332 1830 2440 1875 ne-

324 1921 511 2013 gavit
537 1946 552 1985 :
578 1935 783 2013 atque
814 1921 1014 1984 etiam
1043 1915 1223 1984 ultro
1252 1917 1720 2007 ignominiosis
1746 1933 1940 1983 notas
1960 1969 1977 1999 ,
2017 1920 2148 1984 reis
2171 1917 2404 1987 sordes
2423 1973 2440 2002 ,

328 2030 664 2104 damnatis
686 2027 1016 2122 supplicia
1045 2026 1349 2093 demsit¹.
1380 2031 1636 2112 Quare,
1655 2026 1933 2094 vixdum
1959 2051 2194 2096 mense
2222 2045 2438 2098 tr'ans-

326 2159 477 2208 acto
494 2157 545 2222 ²,
572 2165 794 2234 neque
817 2139 985 2224 diei,
1011 2162 1234 2233 neque
1262 2139 1584 2230 temporis
1609 2135 1832 2204 habita
1859 2142 2116 2206 ratione
2133 2136 2178 2222 ³,
2193 2165 2274 2209 ac
2290 2139 2435 2233 jam

324 2276 639 2345 vespere,
672 2251 895 2319 subito
920 2277 959 2318 a
987 2250 1315 2317 militibus
1348 2275 1385 2316 e
1410 2248 1722 2316 cubiculo
1745 2266 1979 2343 raptus
1997 2304 2014 2332 ,
2042 2255 2130 2318 ita
2157 2268 2234 2318 ut
2255 2271 2430 2333 erat,

326 2364 395 2431 in
436 2382 622 2433 veste
665 2362 1033 2432 domestica
1048 2363 1105 2442 4,
1154 2367 1529 2456 Imperator
1575 2378 1676 2430 est
1725 2361 2185 2430 consalutatus
2204 2364 2230 2408 ⁵
2249 2415 2267 2444 ,
2315 2367 2433 2430 cir-

2275 461 2406 552 3⁰7

1418 2570 1540 2623 litiae
1555 2566 1849 2637 ordinibus,
1863 2573 2064 2639 integre
2079 2584 2386 2627 mutaverat,
2398 2600 2420 2625 .

1492 2668 1539 2704 2.
1573 2652 1804 2703 Vixdum
1829 2670 2001 2702 mense
2020 2662 2275 2705 transacto
2290 2678 2310 2717 ,-
2329 2656 2427 2707 ini-

393 2589 443 2641 7.
464 2570 817 2643 caligatorum
840 2590 1044 2644 quoque
1060 2570 1293 2623 militum
1306 2606 1323 2635 ,

322 2664 420 2705 etc.
439 2654 609 2705 Unice
624 2670 745 2704 vera
758 2652 869 2704 haec
886 2666 967 2705 est
984 2652 1323 2724 lectio.Vulg.

322 2752 566 2805 quosque.
596 2732 846 2806 Caliqatt‘,
870 2730 925 2784 h.
954 2750 1001 2783 e.
1026 2732 1327 2801 manipula*
1416 2733 1493 2782 tio
1524 2731 1720 2781 mensis
1745 2732 1990 2781 Januarii
2025 2749 2149 2783 ann.
2181 2733 2301 2786 822.
2338 2736 2419 2789 Cf.

322 2832 405 2871 res
420 2826 770 2884 opponuntur
779 2813 1009 2877 ducibus,
1024 2813 1131 2863 sive
1144 2814 1225 2877 iis,
1238 2814 1327 2883 qui

322 2891 545 2961 gradum
571 2890 800 2961 aliquem
819 2890 1015 2941 militiae
1034 2889 1320 2942 habebant.

320 2972 485 3043 Supra
505 2974 727 3041 August.
752 2968 817 3021 25
834 3006 850 3035 ,
881 2993 903 3017 ιι
924 2988 985 3021 ac
1006 2988 1141 3039 saepe
1164 2971 1321 3021 etiam

318 3049 554 3123 caliqatis
572 3049 771 3100 tribuit.
786 3072 809 3095 υ
834 3049 913 3099 De
932 3048 1221 3099 ambitione
1235 3050 1324 3099 Vi-

318 3132 447 3185 tellii
471 3132 539 3182 cf.
567 3131 732 3181 Tacit.
757 3131 890 3181 Hist.
916 3130 967 3193 1,
992 3130 1078 3181 52.

390 3211 438 3263 8.
479 3211 682 3281 Perque
714 3207 942 3269 stabulm·
970 3209 1007 3258 i.
1042 3226 1088 3259 e.
1116 3226 1319 3279 caupo·-

318 3310 440 3356 uas,
463 3288 748 3353 πινΐοχιΐα..

385 3373 519 3422 vm.
564 3386 607 3419 1.
648 3371 825 3421 Castra
865 3386 1083 3418 verm...
1118 3368 1317 3421 demsit.

314 3448 485 3499 Tacit.
522 3446 715 3497 Hister.
754 3445 811 3508 1,
845 3443 940 3495 52:
988 3466 1009 3489 a
1030 3443 1141 3496 Sub
1180 3449 1319 3517 ipsas

317 3526 603 3597 superioris
630 3525 757 3575 anni
788 3522 945 3593 (821)
966 3522 1187 3574 Kalend.
1211 3525 1319 3575 De·-

316 3604 557 3658 eembres
600 3604 663 3654 A.
694 3600 937 3655 Vitellius
958 3642 974 3667 ,
1014 3604 1317 3655 inferiorem

314 3686 653 3739 Germaniam
680 3685 971 3753 ingressus,
996 3682 1216 3736 hiberna
1241 3684 1315 3735 le·-

314 3768 534 3836 gionum
559 3780 681 3815 cum
703 3780 833 3814 cura
862 3762 1079 3815 adierat.
1108 3763 1315 3817 Redditi

313 3843 585 3916 plerisque
606 3838 838 3906 ordines,
860 3844 1075 3893 remissa
1098 3844 1319 3911 ignomi-

314 3925 433 3988 nia,
456 3922 689 3975 allevata!
714 3933 879 3983 notae;
902 3920 1053 3991 plura
1079 3922 1316 3974 ambitio-

314 4022 403 4069 ne,
419 4001 662 4074 quaedam
678 4000 884 4072 judicio
898 4022 912 4062 ;
930 4003 983 4052 in
999 4002 1195 4072 quibus
1212 4020 1317 4054 sor-

316 4082 433 4135 dem
466 4095 521 4135 et
560 4082 831 4132 avaritiam
867 4081 1075 4132 Fonteii
1106 4080 1319 4152 Capito-

320 4163 424 4230 nis,
444 4158 740 4214 adimendis
765 4158 1203 4230 assignandisque
1226 4161 1319 4211 mi·

1415 2810 1584 2860 Tacit.
1613 2812 1666 2874 1,
1697 2808 1765 2860 56
1789 2827 1900 2881 seq.

1488 2891 1537 2941 3.
1575 2890 1764 2960 Neque
1798 2888 1929 2954 diei,
1973 2908 2140 2963 neque
2175 2898 2422 2967 temporis

1415 2968 1850 3047 habitalrationq
1875 2988 1940 3021 an
1970 2970 2080 3023 dies
2105 2976 2339 3043 faustus,
2365 2994 2418 3032 et

1413 3060 1612 3121 tempus
1633 3050 1740 3099 sive
1763 3049 1898 3100 hora
1921 3050 2024 3101 diei
2045 3057 2317 3125 auspicata
2339 3078 2419 3112 es-

1410 3141 1504 3179 set.
1533 3127 1666 3181 Vide
1691 3131 1888 3181 Neron.
1917 3132 1967 3185 8.

1482 3208 1534 3273 4.
1557 3208 1626 3260 In
1650 3218 1784 3261 veste
1803 3209 2099 3264 donnestt'ca.
2121 3216 2274 3267 Conf.
2303 3219 2413 3271 Au·-

1405 3300 1546 3356 gust.
1573 3288 1669 3357 73,
1695 3302 1748 3339 et
1770 3288 1843 3341 ibi
1867 3302 1977 3340 not.

1480 3367 1529 3420 5.
1551 3370 1844 3441 Imperator
1855 3380 1928 3421 est
1938 3372 2303 3430 consalutatus.
2315 3380 2414 3431 Ta-

1408 3449 1495 3497 cit.
1535 3450 1666 3498 Hist.
1707 3448 1756 3512 l,
1796 3446 1894 3517 57:
1931 3472 1953 3496 ιι
1975 3450 2214 3505 Proxima
2253 3455 2411 3526 legio-

1408 3528 1487 3577 nis
1507 3526 1688 3595 primae
1711 3525 1933 3578 hiberna
1955 3545 2132 3598 erant,
2155 3548 2220 3585 οι·
2229 3554 2411 3605 prom-

1405 3609 1636 3658 tissimus
1658 3626 1686 3656 e
1707 3606 1888 3675 legatis
1909 3609 2099 3663 Fabius
2119 3614 2333 3668 Valens.
2360 3622 2408 3672 Is

1407 3686 1490 3737 die
1520 3697 1734 3755 postero
1761 3688 2024 3739 coloniam
2051 3692 2407 3764 Agrippinen-

1408 3784 1517 3817 sem
1539 3783 1658 3815 cum
1677 3766 1942 3836 eqm’tibus
1957 3767 2177 3839 legionis
2195 3776 2409 3829 auxilia-

1406 3845 1602 3896 riorum
1610 3862 1710 3915 que
1724 3847 2016 3915 ingressus,
2031 3852 2406 3921 Imperatorem

1404 3923 1674 3977 Vitellium
1702 3924 2067 3978 consalutavit.
2098 3930 2297 3983 Secutae
2325 3937 2410 3987 in·-

1405 4004 1552 4073 genti
1567 4004 1854 4055 certamine
1874 4006 2106 4074 ejusdem
2123 4012 2410 4078 provinciae

1407 4082 1642 4152 legiones
1656 4103 1669 4144 ;
1687 4094 1739 4133 et
1750 4084 1992 4152 superior
2002 4088 2282 4156 exercitus,
2296 4110 2411 4163 spe-

1407 4163 1564 4215 ciosis
1600 4162 1822 4216 Senatus
1853 4166 2150 4238 populique
2184 4171 2411 4226 Romani

2019 4283 2126 4325 20.
