3050 5004
696 499 827 580 438
1448 497 1521 560 C.
1573 493 2045 560 SUETONII

690 650 728 695 e
756 622 1125 719 Republica
1152 621 1421 716 fideque
1449 645 1574 690 sua
1599 620 1942 691 videretur
1955 675 1974 706 ‚
2003 635 2082 688 ut
2106 627 2340 690 Romae
2367 645 2456 690 ne
2481 639 2730 691 essent.
2757 655 2784 684 ι

690 743 789 807 De
815 735 1053 804 iisdem
1068 751 1121 818 ²,
1145 731 1499 825 interjecto
1514 749 1820 826 tempore
1836 785 1857 816 ‚
1879 737 2103 801 Gneus
2126 733 2459 801 Domitius
2481 733 2793 801 AEnobar-

688 847 819 916 bus
833 902 852 933 ‚
878 863 947 915 et
961 848 1212 915 Lucius
1232 847 1530 912 Licinius
1553 847 1838 914 Crassus
1857 895 1875 926 ,
1903 848 2230 912 Censores
2250 895 2270 926 ,
2293 847 2385 912 ita
2407 842 2788 912 edixerunt:

698 991 727 1022 a
752 961 1246 1028 Renunciatum
1266 972 1370 1024 est
1386 954 1584 1024 nobis
1599 1007 1618 1037 ,
1638 979 1786 1024 esse
1809 955 2147 1034 homines,
2167 958 2288 1050 qui
2305 978 2563 1024 novum
2581 980 2789 1048 genus

686 1069 1059 1164 disciplinae
1090 1069 1565 1136 instituerunt:
1597 1063 1685 1134 ad
1719 1053 1888 1160 quos
1913 1063 2240 1158 juventus
2268 1068 2339 1134 in
2365 1064 2609 1137 ludum
2635 1091 2792 1135 con-

686 1185 945 1249 veniat:
978 1203 1095 1247 eos
1125 1177 1251 1246 sibi
1274 1199 1530 1246 nomen
1558 1179 1958 1270 imposuisse
1989 1179 2268 1245 Latinos
2303 1177 2667 1246 Rhetoras:
2704 1177 2790 1244 ibi

636 1297 649 1304 '
685 1292 993 1360 homines
1023 1288 1572 1358 adulescentulos
1603 1303 1780 1356 totos
1813 1287 1956 1356 dies
1987 1286 2318 1358 desidere.
2351 1287 2648 1388 Maiores
2673 1313 2790 1357 no-

686 1406 838 1486 stri,
869 1425 1025 1499 quae
1046 1401 1295 1469 liberos
1324 1423 1489 1468 suos
1514 1398 1775 1469 discere
1791 1453 1808 1482 ,
1839 1415 1908 1466 et
1933 1423 2106 1495 quos
2132 1403 2205 1467 in
2229 1399 2430 1469 ludos
2462 1403 2634 1468 itare
2657 1400 2790 1469 vel-

682 1515 827 1584 lent
840 1567 857 1597 ,
883 1517 1343 1582 instituerunt.
1373 1517 1536 1580 Haec
1557 1536 1736 1581 nova
1749 1563 1767 1594 ,
1793 1537 1948 1607 quae
1969 1529 2217 1606 praeter
2237 1511 2792 1580 consuetudinem

684 1648 763 1694 ac
807 1649 1067 1693 morem
1106 1620 1451 1716 majorum
1490 1620 1702 1706 fiunt,
1740 1645 1964 1718 neque
2005 1621 2279 1716 placent
2295 1676 2314 1706 ,
2355 1647 2584 1718 neque
2619 1640 2794 1692 recta

684 1732 1021 1804 videntur.
1046 1739 1479 1828 Quapropter
1510 1749 1580 1802 et
1609 1736 1690 1801 iis
1706 1785 1726 1816 ,
1765 1736 1882 1830 qui
1915 1757 2032 1801 eos
2055 1734 2256 1802 ludos
2282 1733 2566 1817 habent,
2593 1750 2663 1803 et
2683 1737 2788 1818 iis,

686 1848 803 1940 qui
827 1868 909 1913 eo
931 1845 1164 1913 venire
1186 1859 1634 1928 consuerunt,
1659 1843 1928 1912 videtur
1949 1843 2334 1912 faciendum
2348 1898 2367 1929 ‚
2391 1861 2472 1912 ut
2493 1843 2794 1914 ostenda-

684 1979 837 2024 mus
868 1971 1175 2025 nostram
1206 1957 1611 2026 sententiam
1632 2009 1650 2038 ,
1677 1955 1876 2024 nobis
1907 1980 2048 2024 non
2079 1957 2372 2050 placere.
2401 1988 2430 2018 n
2465 1955 2790 2024 Paulatim

683 2082 751 2134 et
772 2067 921 2159 ipsa
944 2065 1131 2134 utilis
1154 2063 1578 2160 honestaque
1601 2069 1948 2159 apparuit:
1973 2065 2308 2161 multique
2331 2091 2482 2135 eam
2505 2067 2792 2161 praesidii

682 2199 887 2244 causa
914 2192 982 2244 et
1010 2175 1237 2269 gloriae
1264 2177 1759 2270 appetiverunt.
1791 2181 2031 2246 C1ceao
2057 2175 2148 2245 ad
2179 2193 2551 2270 praeturam
2583 2201 2792 2273 usque

684 2290 915 2356 Graece
938 2285 1372 2355 declamavit:
1404 2287 1640 2355 [atine
1663 2311 1824 2356 vero
1847 2291 2074 2356 senior
2098 2311 2370 2384 quoque
2389 2340 2406 2370 ,
2433 2304 2502 2356 et
2525 2287 2794 2384 quidem

684 2397 1092 2469 Consulibus
1108 2397 1133 2438 ³
1163 2401 1382 2468 Hirtio
1411 2415 1481 2467 et
1506 2405 1762 2484 Pansa;
1793 2425 1966 2497 quos
1990 2397 2356 2493 discipulos
2371 2455 2388 2484 ‚
2419 2419 2487 2468 et
2513 2398 2792 2494 grandes

682 2528 1115 2607 praetextatos
1133 2565 1151 2596 ,
1186 2510 1488 2580 vocabat.
1520 2516 1764 2581 Casum
1795 2520 2150 2582 Pomrmmw
2190 2510 2468 2608 quidam
2502 2510 2794 2581 historici

685 2620 1140 2706 tradiderunt,
1182 2622 1309 2691 sub
1347 2625 1574 2714 ipsum
1613 2622 1806 2690 civile
1845 2622 2101 2691 bellum
2122 2676 2138 2703 ‚
2179 2646 2316 2717 quo
2350 2621 2616 2691 facilius
2645 2626 2794 2690 Caio

684 2736 995 2817 Curioni,
1016 2736 1475 2828 promtissimo
1493 2728 1762 2825 juveni,
1783 2756 2058 2803 causam
2079 2736 2360 2801 Caesaris
2379 2731 2762 2803 defendenti
2777 2787 2792 2815 ,

684 2843 1191 2927 contradiceret,
1210 2846 1538 2939 repetisse
1556 2841 1983 2913 declamandi
1997 2842 2561 2914 consuetudinem
2577 2871 2596 2930 ;
2617 2850 2795 2913 Min-

688 2978 830 3025 ctm
875 2963 1237 3025 Amomuu
1252 3010 1269 3037 ‚
1317 2960 1478 3024 item
1524 2961 1926 3039 Avensa-tm,
1975 2980 2063 3023 ne
2103 2958 2504 3024 Mutinensi·
2527 2955 2792 3051 quidem

688 3064 870 3135 bello
894 3068 1221 3137 omisisse.
1246 3070 1429 3135 Neno
1450 3070 1670 3137 CAEsAn
1690 3082 1758 3134 et
1773 3068 1997 3160 primo
2015 3065 2280 3158 imperii
2301 3087 2508 3147 anne,
2533 3065 2794 3157 publice

628 3217 635 3225 ·
690 3201 966 3274 quoque
991 3177 1095 3245 bis
1126 3193 1325 3245 antea
1338 3230 1358 3261 ‚
1390 3175 1824 3246 declamavit:
1861 3176 2172 3273 plerique
2197 3192 2426 3244 autem
2453 3192 2794 3245 oratorum

690 3294 894 3359 etiam
930 3288 1453 3360 declamationes
1482 3288 1863 3359 ediderunt.
1894 3294 2122 3375 Quare
2149 3310 2398 3383 magno
2426 3286 2654 3357 studio
2679 3286 2794 3355 ho-

690 3400 985 3471 minibus
1018 3398 1297 3493 injecto,
1336 3424 1585 3493 magna
1611 3404 1816 3471 etiam
1843 3400 2308 3494 professorum
2331 3422 2416 3467 ac
2442 3398 2796 3469 doctorum

690 3510 1013 3605 profluxit
1050 3513 1243 3603 copia
1260 3565 1278 3596 ,
1318 3510 1624 3605 adeoque
1665 3511 1900 3579 floruit
1915 3564 1934 3595 ‚
1973 3526 2055 3578 ut
2094 3507 2406 3577 nonnulli
2447 3512 2532 3577 e'x
2571 3508 2797 3577 infima

764 3740 813 3775 2.
843 3722 926 3779 De
946 3721 1156 3787 iisdem,
1181 3734 1280 3775 etc.
1305 3721 1387 3775 De
1408 3722 1700 3777 coercendis
1788 3721 2018 3775 Pan-sam
2041 3720 2348 3773 nominasse
2365 3736 2466 3789 pro
2483 3715 2790 3782 Dolabella,

691 3800 971 3853 rhetoribus
998 3798 1177 3855 latinis
1201 3798 1338 3853 Gell.
1368 3800 1472 3853 loc.
1496 3802 1586 3853 cit.
1612 3800 1694 3853 Cf.
1789 3815 1968 3853 censet
1984 3820 2046 3855 ex
2061 3800 2170 3853 Cic.
2190 3798 2260 3851 ad
2273 3800 2392 3851 Div.
2408 3798 2506 3864 lx,
2528 3796 2621 3865 16,
2642 3820 2665 3844 ι
2679 3796 2792 3849 Hir·-

690 3878 837 3951 Pigh.
854 3891 983 3931 tom.
1000 3879 1098 3945 111,
1116 3896 1172 3950 p.
1198 3894 1226 3929 2
1238 3894 1297 3931 12
1310 3916 1329 3945 ‚
1348 3878 1415 3929 ad
1432 3897 1556 3931 ann.
1572 3878 1670 3932 661
1682 3918 1696 3931 .
1789 3880 1921 3933 tium
1939 3898 2039 3951 ego
2059 3892 2113 3933 et
2129 3877 2471 3933 Dolabellam
2488 3875 2701 3929 dicendi
2718 3874 2789 3926 di-

764 3960 815 4012 3.
830 3960 881 4011 E
884 3968 905 4010 t
916 3958 1123 4030 quidem
1142 3957 1448 4013 Consulibus
1454 3998 1475 4027 ‚
1494 3972 1594 4011 etc.
1608 3959 1696 4011 Al.
1789 3960 2023 4031 scipulos
2045 3958 2240 4013 habeo.
2262 3980 2285 4007 n
2309 3956 2446 4011 Mihi
2467 3958 2644 4027 ipsum
2665 3958 2786 4007 Pan-

692 4054 810 4091 eum
829 4036 1324 4092 Consulibus.Wolf.
1342 4039 1546 4111 recepit
1558 4057 1698 4106 cum,
1787 4058 1856 4093 sae
1887 4058 2083 4093 nomen
2121 4038 2404 4093 ostendere
2438 4036 2672 4103 videtur,
2703 4052 2783 4089 ve-

692 4127 746 4169 et
771 4117 979 4169 uncinis
1011 4115 1225 4169 inclusit
1246 4136 1433 4170 vocem
1461 4118 1698 4173 Consuli-
1786 4136 1898 4171 ram
1915 4137 2031 4171 esse
2045 4118 2324 4171 lectionem
2342 4116 2648 4171 Consulibus
2659 4112 2779 4165 Hir-

695 4195 782 4246 bus
798 4232 814 4259 ,
866 4208 919 4245 et
960 4212 1056 4266 per
1104 4214 1337 4250 errorem
1384 4198 1694 4251 Suetonium
1791 4197 1862 4249 tio
1890 4208 1939 4247 et
1968 4198 2157 4249 Pansa.
