3050 5004
599 462 690 528 56
1345 467 1418 529 C.
1469 467 1939 536 SUETONII

594 613 748 658 rum
775 587 1022 656 ducem
1049 588 1432 657 ostenderet
1449 642 1470 672 ,
1497 589 1755 683 legatos
1774 643 1793 674 ,
1818 594 1945 686 'qui
1976 592 2225 660 auxilia
2250 597 2473 664 serius
2496 622 2581 666 ex
2600 597 2701 666 di-

595 703 806 768 versis
843 698 1009 767 locis
1054 696 1476 768 adduxerant
1495 753 1514 784 ,
1557 724 1718 768 cum
1767 704 2135 793 ignominia
2174 702 2448 774 dimisit.
2494 714 2579 775 At
2622 712 2695 777 in

593 811 891 878 exercitu
951 808 1365 878 recensendo
1382 861 1405 894 ,
1463 809 1810 911 plerisque
1866 814 2355 883 centurionum
2410 822 2699 886 maturis

585 919 762 1013 jam,
787 938 858 988 et
877 920 1222 990 nonnullis
1245 936 1402 988 ante
1425 923 1869 1013 paucissimos
1885 974 1903 1006 ,
1930 947 2137 1019 quam
2160 933 2697 997 consummaturi

593 1043 850 1100 essent¹
875 1084 897 1128 ,
919 1030 1063 1100 dies
1080 1085 1102 1116 ‚
1131 1032 1388 1125 primos
1416 1031 1594 1124 pilos
1628 1030 1882 1102 ademit
1900 1085 1919 1117 ,
1947 1052 2265 1103 causatus
2294 1040 2561 1106 senium
2582 1063 2700 1106 cu·

583 1140 836 1237 jusque
857 1159 928 1210 et
946 1141 1502 1210 imbecillitatem:
1536 1159 1914 1212 ceterorum
1940 1146 2270 1238 increpita
2294 1145 2657 1240 cupiditate
2670 1201 2695 1233 ‚

591 1251 948 1320 commoda
975 1253 1270 1321 emeritae
1301 1251 1559 1321 militiae
1588 1251 1677 1320 ad
1714 1277 1831 1321 sex
1855 1253 2147 1322 millium
2182 1279 2518 1324 summam
2534 1267 2557 1294 ²
2588 1278 2697 1326 re-

592 1362 805 1432 scidit.
835 1363 1015 1431 Nihil
1035 1378 1266 1432 autem
1290 1363 1584 1457 amplius
1605 1417 1623 1446 ‚
1658 1389 1867 1461 quam
1888 1364 2236 1450 Adminio,
2264 1368 2693 1462 Cynobellini

590 1476 1063 1543 Britannorum
1091 1477 1267 1567 regis
1289 1473 1503 1558 filio3,
1532 1477 1651 1570 qui
1677 1475 1917 1568 pulsus
1948 1502 1991 1546 a
2016 1493 2207 1570 patre
2225 1531 2245 1562 ,
2268 1501 2427 1548 cum
2450 1483 2692 1574 exigua

591 1610 799 1654 manu
843 1586 1297 1680 transfugerat
1313 1639 1335 1671 ,
1379 1588 1451 1654 in
1497 1584 1911 1656 deditionem
1956 1605 2265 1683 recepto;
2309 1594 2503 1686 quasi
2546 1595 2695 1660 uni·-

591 1722 785 1766 versa
839 1697 1082 1765 tradita
1107 1697 1344 1766 insula
1363 1751 1382 1782 ,
1427 1700 1821 1792 magnificas
1862 1705 2147 1768 Romam
2194 1702 2422 1772 literas
2470 1706 2691 1788 misit,

587 1811 861 1878 monitis
898 1807 1435 1902 speculatoribus
1453 1862 1470 1893 ,
1500 1826 1581 1878 ut
1611 1809 1925 1878 vehiculo
1950 1810 2037 1878 ad
2080 1817 2329 1882 Forum
2368 1838 2587 1909 usque
2623 1833 2709 1883 et—

588 1923 860 1989 Curiam
877 1919 1383 2014 pertenderent,
1404 1945 1532 1989 nec
1548 1923 1679 1992 nisi
1698 1923 1769 1990 in
1788 1920 1932 1990 aede
1950 1911 2219 2008 Martis,
2238 1949 2319 1993 ac
2334 1926 2694 2022 frequente

590 2036 838 2102 Senatu
853 2085 873 2116 ,
899 2031 1306 2101 Consulibus
1331 2031 1699 2100 traderent.

683 2145 884 2208 XLV.
933 2145 1136 2226 Mox,
1165 2139 1518 2210 deficiente
1548 2141 1711 2211 belli
1741 2145 2021 2212 materia
2038 2196 2057 2229 ,
2090 2168 2341 2237 paucos
2364 2144 2697 2216 deeusto-

591 2435 696 2474 tem
745 2421 1005 2474 Gronovii
1049 2434 1101 2474 et
1139 2421 1340 2475 Wolfii.
1388 2423 1597 2494 Quanto
1684 2419 1895 2475 hostem
1907 2420 2693 2490 viribusotiosis,Germaniam

589 2520 868 2577 nunquam
890 2512 1072 2563 antem
1104 2501 1298 2574 supple
1325 2502 1426 2555 t'ter
1451 2501 1601 2557 ἰησά-
1686 2499 2019 2573 Galliamque
2070 2520 2385 2575 percurrens
2409 2538 2429 2567 ,
2484 2504 2545 2553 in
2596 2519 2703 2555 ouo

593 2594 762 2635 tutum
790 2595 880 2637 est.
1329 2648 1336 2658 .

661 2662 840 2713 XLIV.
885 2678 930 2714 t.
981 2662 1148 2731 Quam
1188 2662 1604 2715 consummaturi

592 2752 781 2800 essent,·
806 2740 919 2791 scil.
939 2738 1190 2791 militiam
1205 2739 1288 2791 vel
1311 2738 1596 2809 stipendia,

593 2816 736 2890 quod
761 2818 892 2869 latet
912 2819 976 2869 in
1001 2816 1329 2889 precedente
1357 2815 1599 2881 maturis,

591 2898 698 2951 boc
719 2912 826 2963 est,
846 2899 1085 2953 emeritis.

667 2994 715 3029 2.
731 2977 910 3031 Adsex
921 2977 1434 3031 milliumsummam.
1445 2976 1601 3027 Hanc

593 3058 760 3128 Lipsii
780 3054 881 3127 (ad
902 3058 1072 3110 Tacit.
1101 3056 1291 3110 Annal.
1315 3060 1371 3121 1,
1402 3074 1485 3128 17,
1501 3058 1604 3109 Ex·

596 3136 777 3208 curs.)
815 3136 1281 3203 emendationem,
1321 3156 1421 3208 pro
1457 3136 1599 3208 vulg.

593 3217 665 3270 ad
683 3228 1036 3270 sexcentorum
1063 3216 1294 3270 millium
1313 3236 1570 3271 summam
1582 3257 1603 3285 ,

597 3316 782 3351 omnes
809 3296 1044 3351 editores
1056 3296 1369 3369 probarunt.
1395 3300 1603 3369 Nempe

597 3396 764 3450 quum
788 3378 1060 3447 Augustus
1086 3378 1364 3443 sanxisset,
1393 3390 1454 3428 ut
1479 3396 1605 3430 exa—

595 3457 697 3509 ctis
727 3456 912 3527 viginti
949 3455 1142 3508 militia
1171 3456 1322 3507 annis
1354 3454 1605 3509 duodena

595 3533 763 3588 millia
803 3554 1078 3587 nummum
1115 3537 1388 3606 praemium
1427 3549 1604 3588 essent

599 3616 748 3686 (vide
762 3616 922 3667 Dion.
942 3615 1050 3681 LV,
1074 3614 1198 3685 23),
1219 3615 1290 3667 ad
1307 3615 1605 3669 dimiduum

597 3693 842 3767 Caligula
887 3695 1152 3747 missionis
1198 3695 1478 3748 commoda
1518 3716 1605 3749 re-

599 3788 774 3828 traxit.

671 3856 724 3907 3.
761 3853 922 3909 Nihil
945 3868 1120 3907 autem
1151 3856 1409 3926 amplius,
1441 3874 1605 3927 quam

599 3933 881 4000 Adminio,
910 3932 1479 4005 Cynobellini....filio‚
1503 3946 1603 3985 etc.

597 4014 676 4065 Ex
711 4011 818 4063 hoc
855 4012 1094 4065 Suetonii
1126 4012 1250 4065 loco
1282 4016 1438 4066 Oros.
1479 4014 1607 4081 vn,

603 4088 633 4141 5
653 4112 663 4140 :
701 4114 722 4137 ιι
743 4090 841 4143 Hic
863 4090 1125 4162 siquidem
1148 4110 1340 4163 magno
1363 4105 1414 4144 et
1436 4093 1607 4145 incre-

597 4168 748 4222 dibili
777 4183 1040 4240 apparatu
1067 4173 1340 4242 profectus
1371 4188 1605 4242 quaerere

1686 2582 1889 2635 Oceani
1901 2583 2042 2635 circa
2054 2594 2403 2655 prospectum
2412 2582 2697 2635 Britannia

1690 2661 1897 2713 restitit.
1922 2662 2208 2733 Quumque
2242 2659 2318 2713 ibi
2353 2658 2694 2729 Adminium,

1688 2738 2023 2809 Cynobellini
2058 2742 2429 2793 Britannorum
2460 2742 2609 2812 regis-
2630 2740 2700 2790 fi·-

1688 2815 1820 2869 lium
1848 2819 1959 2885 (ita.
1973 2822 2113 2883 enim
2140 2818 2425 2889 legendnm
2452 2837 2699 2891 pro-eor-

1584 2918 1597 2933 ·
1688 2911 1849 2969 rupto
1890 2884 2501 2971 Minocynobellinum),
2540 2898 2633 2970 qui
2664 2917 2698 2950 a

1690 2988 1841 3046 patre
1875 2975 2062 3047 pulsus
2096 2994 2220 3028 cum
2254 2979 2442 3047 paucis
2481 2975 2697 3029 oberra-

1692 3052 1811 3122 bat,
1834 3056 1891 3107 in
1920 3054 2244 3109 deditionem
2274 3057 2587 3126 recepisset,
2604 3052 2701 3107 de-

1691 3136 1902 3189 ficiente
1926 3134 2055 3189 belli
2078 3138 2329 3205 materia,
2358 3138 2579 3189 Romam
2614 3156 2699 3188 re-

1690 3217 1805 3269 diit.
1827 3242 1855 3264 ι
1879 3217 2210 3291 Cynobellini
2232 3216 2371 3271 duos
2403 3217 2538 3271 alios
2560 3217 2700 3270 filios

1691 3299 1937 3350 nominat
1965 3298 2095 3363 Dio,
2130 3297 2249 3361 Lx,
2290 3314 2386 3364 πο,
2424 3298 2703 3349 Commta-

1690 3394 1812 3428 cum
1840 3389 1894 3427 et
1934 3376 2360 3448 Toqodumrtum,
2397 3374 2637 3428 devictos
2666 3395 2699 3429 a

1692 3454 1899 3506 Plautio
1920 3493 1937 3521 ‚
1976 3458 2303 3526 Imperatore
2343 3453 2607 3519 Claudio,
2642 3467 2700 3507 et

1693 3537 1893 3607 regiam
1919 3534 2339 3589 Camulodunum
2363 3534 2485 3600 Lx,
2518 3552 2606 3601 2¹,
2628 3534 2699 3590 de

1694 3634 1803 3686 qua
1838 3613 1969 3667 urbe
2006 3612 2126 3666 vide
2159 3616 2397 3683 interpr..
2420 3613 2487 3667 ad
2522 3616 2699 3668 Tacit.

1694 3694 1883 3747 Annal.
1912 3694 2041 3759 xil,
2075 3694 2163 3745 32.
2200 3693 2449 3746 Ceterum
2484 3696 2701 3765 scripsi-

1695 3792 1813 3825 mus
1834 3771 2195 3843 Cynobellini,
2216 3791 2327 3825 non
2352 3772 2670 3827 Cinobellini
2680 3814 2699 3839 ,

1694 3870 1817 3905 cum
1866 3852 2114 3905 Oudend.
2138 3890 2155 3919 ,
2210 3853 2514 3905 auctoribus
2564 3852 2698 3907 cod.

1696 3932 1908 3984 Memm.
1928 3970 1944 3998 ‚
1967 3946 2021 3985 et
2041 3934 2213 3985 Dione
2228 3970 2247 3997 ‚
2271 3934 2361 4003 qui
2386 3931 2701 3992 Kunssmfm

1694 4009 1825 4062 dicit
1856 4010 1987 4063 locis
2025 4012 2117 4063 cit.
2156 4011 2269 4063 Caii
2304 4008 2702 4081 expeditionem

1694 4091 1997 4144 brevissime
2009 4089 2261 4144 describit
2274 4088 2413 4141 idem
2420 4090 2523 4141 Dio
2534 4128 2552 4157 ,
2566 4089 2701 4156 ux,

1701 4188 1726 4221 2
1741 4188 1757 4222 ι
1772 4210 1782 4222 .
1834 4174 2021 4223 Postea
2046 4207 2063 4235 ,
2114 4189 2213 4241 pro
2254 4166 2701 4239 speculatoribus,
