3050 5004
1006 485 1656 551 DOMITIANUS.
2256 491 2386 576 4⁰9

284 613 543 682 Eadem
576 588 937 680 formidine
970 607 1275 676 oblatum
1310 633 1352 674 a
1388 601 1643 676 Senatu
1675 631 1932 676 novum
1959 624 2027 675 et
2057 614 2392 702 excogita-

282 745 433 794 tum
446 725 475 776 4
501 725 859 802 honorem,
893 743 1309 814 quamquam
1336 721 1644 785 omnium
1666 717 1906 785 talium
1928 723 2395 811 appetentissi-

283 862 439 906 mus
460 889 478 920 ,
501 835 870 903 recusavit:
902 855 1039 926 quo
1068 829 1419 898 decretum
1443 846 1618 912 erat,
1663 860 1690 890 a
1711 847 1820 913 ut,
1849 833 2112 924 quoties
2135 849 2395 922 gereret

284 945 747 1027 consulatum,
776 944 1051 1036 Equites
1078 944 1398 1024 Romani,
1424 940 1672 1036 quibus
1698 965 1844 1009 sors
1866 940 2236 1034 obtigisset,
2257 961 2394 1011 tra·-

282 1063 505 1130 beati⁵
538 1075 607 1128 et
636 1082 793 1126 cum
819 1056 1027 1123 hastis
1060 1055 1461 1124 militaribus
1494 1054 1958 1147 praecederent
1989 1079 2148 1123 eum
2166 1109 2183 1139 ,
2219 1061 2394 1124 inter

284 1171 555 1241 lictores
590 1170 1167 1261 apparitoresque.
1197 1197 1225 1226 n
1270 1171 1608 1257 Tempore
1649 1188 1813 1232 vero
1831 1161 1858 1203 ⁶
1897 1159 2189 1258 suspecti
2224 1171 2399 1259 peri-

284 1281 425 1350 culi
466 1280 1054 1373 appropinquante
1070 1329 1087 1358 ,
1134 1274 1480 1343 sollicitior
1524 1278 1594 1340 in
1641 1274 1816 1357 dies,
1861 1278 2276 1368 porticuum,
2322 1281 2395 1345 in

286 1390 537 1486 quibus
574 1389 850 1481 spatiari
881 1402 1271 1469 consuerat,
1307 1387 1596 1478 parietes
1634 1383 1953 1478 phengite
1989 1385 2212 1478 lapide
2233 1405 2260 1450 7
2294 1386 2396 1455 di-

288 1505 551 1585 stinxit,
582 1526 619 1568 e
646 1497 842 1593 cujus
868 1496 1227 1592 splendore
1251 1523 1373 1592 per
1400 1501 1727 1588 imagines
1743 1549 1762 1581 ,
1789 1497 2111 1593 quicquid
2137 1526 2178 1567 a
2203 1516 2397 1592 tergo

287 1613 479 1681 fieret
497 1667 514 1697 ,
548 1609 957 1706 provideret.
990 1617 1129 1678 Nec
1153 1613 1283 1678 nisi
1312 1628 1571 1679 secreto
1595 1627 1799 1704 atque
1825 1611 2010 1679 solus
2035 1611 2396 1707 plerasque

286 1719 695 1805 custodias⁸,
724 1724 1014 1814 receptis
1040 1744 1314 1815 quoque
1338 1724 1409 1787 in
1436 1743 1717 1788 manum
1741 1722 1994 1788 catenis
2011 1773 2028 1804 ‚
2059 1718 2392 1790 audiebat.

288 1839 517 1930 thue
544 1832 927 1901 domesticis
961 1831 1431 1926 persuaderet,
1460 1855 1549 1899 ne
1571 1832 1754 1900 bono
1783 1829 2061 1926 quidem
2085 1834 2396 1925 exemplo

284 1942 672 2012 audendam
698 1967 847 2011 esse
873 1946 1143 2036 patroni
1170 1965 1436 2027 necem,
1468 1940 2007 2036 Epaphroditum
2035 1967 2076 2009 a
2105 1943 2395 2012 9libellis

287 2053 557 2148 capitali
576 2077 776 2145 poena
794 2049 1267 2122 condemnavit
1280 2105 1298 2135 ,
1320 2050 1505 2147 quod
1527 2069 1682 2146 post
1699 2051 2201 2121 destitutionem
2217 2059 2397 2121 Nero

287 2168 360 2232 in
396 2161 833 2257 adipiscenda
871 2179 1087 2231 morte
1122 2187 1329 2231 manu
1364 2160 1510 2256 ejus
1549 2160 1824 2255 adjutus
1863 2163 2391 2232 existimabatur.

382 2278 525 2344 XV.
576 2277 883 2368 Denique
916 2273 1229 2359 Flavium,
1252 2272 1670 2341 Clementem
1697 2285 1710 2310 ¹
1749 2274 2130 2366 patruelem
2158 2299 2392 2358 suum,
2479 2335 2488 2350 ,

288 2528 429 2587 part.
455 2516 505 2582 Ι,
529 2532 655 2587 pag.
678 2514 841 2587 322),
869 2512 1015 2586 quod
1037 2516 1299 2586 integrum

292 2597 365 2647 ita
390 2610 446 2646 se
463 2590 657 2645 habet:

286 2692 381 2743 κῆν
403 2704 463 2749 με
486 2689 627 2756 φάγῃς
657 2687 737 2735 ini
758 2686 919 2752 ῥίζαν,
946 2685 1069 2747 ὅμως
1090 2689 1161 2735 ἔτι
1183 2702 1297 2749 καρ-

368 2811 391 2829 ·
451 2762 727 2821 ποφορήσω,

350 2832 499 2873 oceo-1
510 2826 569 2872 ἆπ
575 2825 775 2873 ceneten!
788 2840 873 2883 σοι,
884 2826 1049 2890 τράγε,
1063 2826 1294 2886 θυομένῳ.

288 2914 540 2969 Reddidit
562 2913 716 2969 Ovid.
742 2917 885 2968 Fast.
909 2918 934 2967 Ι
945 2952 963 2982 ,
984 2915 1112 2984 357,

290 3006 425 3060 Rode,
444 3021 578 3065 caper,
597 3008 747 3049 vitem
770 3016 911 3050 tamen
932 3006 1050 3059 huie,
1070 3019 1199 3062 quum
1215 3012 1300 3048 stn-

448 3069 514 3111 bis
531 3068 583 3111 ad
601 3082 717 3109 aram
728 3099 740 3117 ‚

354 3132 403 3173 ln
422 3140 493 3174 m
512 3130 621 3187 qnod
640 3132 773 3187 spargi
793 3144 945 3173 comm
962 3130 1112 3187 poenit,
1132 3128 1224 3171 erit.

363 3219 416 3285 4.
452 3218 837 3291 Excogitatum.
871 3214 1013 3268 Male
1052 3214 1121 3269 al.
1154 3216 1301 3267 inex-

289 3299 597 3372 coqitatum.
620 3296 991 3369 Excogitatum
1025 3308 1105 3348 est
1128 3296 1301 3370 exqui-

286 3379 465 3431 situm.
484 3380 691 3431 Ernest.
728 3378 947 3447 conjicit
982 3377 1302 3452 excogitatis-

288 3474 505 3511 ”mum-

363 3536 414 3591 5.
442 3538 701 3589 Tmbeati.
720 3536 855 3589 Vide
872 3536 1014 3607 Lips.
1038 3535 1109 3589 ad
1128 3538 1298 3588 Tacit.

292 3616 487 3670 Annal.
513 3618 583 3667 ΙΙΙ
602 3654 619 3684 ,
644 3634 690 3669 2.

361 3692 414 3745 6.
458 3695 710 3767 Tempore
736 3712 871 3747 vero.
909 3695 987 3745 Ita
1013 3691 1137 3745 libri
1173 3712 1301 3765 prae-

290 3776 615 3830 stantiseimi.
632 3774 783 3845 Vulg.
810 3774 1063 3846 Tempore
1076 3792 1295 3846 quoque.

362 3874 414 3927 7.
439 3854 701 3929 Phenqite
720 3855 925 3930 lapide,·
946 3857 1033 3907 cui
1054 3874 1249 3908 nomen
1268 3876 1299 3909 a

289 3932 611 4006 splendore,
650 3932 749 3985 nimi
787 3933 873 3985 τοῦ
908 3932 1131 4002 ely->ouc-
1162 3934 1297 3987 Plin.

288 4016 426 4069 nist.
448 4016 571 4067 Nat.
598 4014 817 4067 XXXVI
834 4053 851 4083 ,
881 4032 944 4067 22
974 4014 1119 4086 (46)=
1151 4037 1173 4061 ι
1192 4016 1301 4067 Ne·

288 4113 423 4149 rone
436 4095 679 4166 Principe
692 4095 748 4147 in
764 4093 1109 4167 Cappadocia
1125 4111 1299 4166 reper-

288 4188 376 4227 tus
397 4187 478 4227 est
494 4172 632 4246 lapis
646 4172 837 4226 duritia
857 4175 1159 4239 marmoris,
1174 4192 1297 4226 can-

1386 2513 1545 2566 didus
1562 2528 1722 2584 atque
1739 2513 2068 2565 translucens
2079 2550 2096 2579 ,
2112 2512 2274 2563 etiam
2289 2530 2398 2582 qua

1385 2607 1540 2665 parte
1581 2591 1736 2645 fulve
1773 2591 2075 2646 inciderant
2111 2608 2292 2655 venae,
2334 2610 2398 2642 ex

1385 2684 1700 2743 argumento
1724 2672 2000 2746 phenqites
2025 2667 2344 2741 appellatus.
2369 2691 2392 2716 ιο

1458 2753 1508 2805 8.
1540 2751 1830 2812 Custodiae,-
1849 2748 2107 2802 custodie
2121 2748 2278 2801 datos
2297 2746 2400 2819 (les

1384 2829 1758 2903 pn‘sonniers),
1782 2843 1842 2881 ut
1863 2831 2064 2881 Neron.
2089 2828 2180 2894 31,
2209 2851 2232 2875 σι
2253 2826 2400 2899 quod

1387 2909 1588 2982 ubique
1612 2923 1751 2962 esset
1774 2909 2028 2962 custodite.
2051 2933 2074 2957 a
2099 2907 2231 2961 Vide
2253 2909 2398 2978 Lips.

1386 2992 1606 3042 Excurs.
1633 2988 1701 3042 ad
1734 2990 1904 3042 Tacit.
1933 2988 2127 3042 Annal.
2171 2989 2271 3054 111,
2311 3005 2395 3041 22.

1388 3070 1516 3120 Mox
1545 3068 1757 3140 receptis
1782 3086 1986 3141 quoque
2008 3068 2252 3121 dedimus
2277 3086 2399 3119 cum

1390 3150 1596 3203 Ernest.
1618 3187 1635 3214 .,
1677 3166 1789 3201 non
1833 3146 2191 3201 abnuentibus
2233 3146 2398 3199 libris.

1388 3230 1515 3281 Non
1543 3228 1702 3280 video
1731 3241 1942 3295 tamen,
1979 3226 2125 3298 quod
2155 3224 2293 3278 idem
2321 3226 2404 3277 vir

1389 3305 1583 3360 doctus
1605 3307 1908 3373 contendit,
1929 3304 2306 3359 alienissimum
2325 3322 2402 3357 ea·

1391 3405 1448 3439 se
1461 3386 1605 3457 vulg.
1629 3386 1841 3458 receptis
1854 3386 2063 3459 quidem
2078 3422 2096 3451 ,
2120 3383 2264 3457 quod
2278 3397 2402 3455 post

1389 3464 1650 3517 vocabula
1684 3474 1874 3517 secreto
1913 3478 1966 3517 et
2001 3462 2139 3517 solus
2177 3462 2316 3514 valet
2350 3472 2404 3513 et

1390 3544 1599 3617 quidem
1611 3545 1694 3597 vel
1707 3563 1904 3617 eosque.
1917 3544 2265 3597 casaubonus
2281 3543 2401 3595 scri-

1387 3624 1495 3693 psit
1512 3624 1854 3694 receptisque,
1874 3620 2022 3693 quod
2040 3620 2228 3673 eodem
2243 3619 2398 3672 redit.

1388 3700 1547 3753 Conf.
1579 3704 1798 3754 omnino
1828 3699 2031 3772 xiphil.
2066 3701 2282 3765 LXVII,
2316 3716 2394 3751 12.

1460 3798 1511 3850 9.
1535 3780 1954 3853 Epaphroditum
1979 3798 2012 3830 a
2037 3778 2240 3831 libellis.
2263 3776 2398 3831 Vide

1386 3858 1589 3910 Neron.
1611 3860 1695 3929 49.
1715 3862 1791 3912 De
1805 3878 1862 3910 re
1879 3856 2078 3929 Xiphil.
2093 3857 2297 3919 LXVII,
2315 3855 2396 3923 14.

1469 3938 1583 3988 XV.
1645 3953 1688 3989 ι.
1739 3936 1988 3989 Flavium
2041 3934 2358 3989 Clementem
2377 3958 2396 3997 ,-

1387 4016 1552 4069 Flavii
1587 4017 1801 4084 Sabini,
1838 4019 2017 4070 fratris
2050 4018 2398 4088 Vespasiani,

1387 4096 1586 4160 filium,
1623 4097 1840 4150 fratrem
1875 4096 2038 4148 Flavii
2076 4096 2286 4158 Sabini,
2328 4096 2396 4149 de

1389 4194 1497 4246 quo
1520 4174 1719 4227 dictum
1745 4175 1810 4229 ad
1838 4195 1954 4248 cap.
1983 4194 2062 4229 to.
2089 4176 2168 4228 cf.
2195 4172 2394 4247 xiphil.
