3050 5004
36 4288 47 4611 -—--—-—-———-
35 4059 43 4209 ι------ΑΔ
48 4009 69 4024 l

666 496 806 567 316
1418 501 1493 567 C.
1545 499 2015 569 SUETONH

656 623 885 695 tellius
916 609 1361 699 Genna'nicus
1395 628 1573 699 iutra
1610 624 1902 697 eundem
1943 620 2404 695 Kalendarum
2433 622 2618 693 diem
2653 646 2770 693 us·

658 762 869 832 quam
910 758 1107 809 esset.
1130 772 1159 803 n
1208 742 1574 832 Suspectus
1611 756 1680 807 et
1714 742 1786 809 in
1823 754 2042 807 morte
2073 739 2349 807 man-im
2385 736 2544 818 fuit,
2575 736 2772 831 quasi

654 872 857 941 aegroe
884 852 1171 945 praeberi
1196 851 1421 920 cibum
1455 850 1950 945 prohibuisset;
1975 850 2380 919 vaticinante
2407 844 2602 917 Catta
2627 872 2771 915 mu-

656 959 895 1045 liere⁸,
930 966 1041 1031 cui
1062 962 1251 1031 velut
1272 962 1548 1032 oraculo
1571 960 2074 1057 acquiescebat,
2109 992 2135 1026 σι
2155 962 2248 1028 ita
2269 959 2546 1028 demum
2569 957 2773 1025 firmi·

658 1086 765 1139 ter
786 1098 865 1143 ac
888 1072 1260 1143 diutissime
1284 1076 1778 1167 imperaturum
1793 1124 1812 1155 ‚
1835 1075 1890 1139 si
1920 1087 2266 1166 superstes
2287 1072 2552 1165 parenti
2575 1071 2772 1139 exsti-

658 1185 871 1253 tisset.
892 1214 921 1249 ιο
958 1185 1088 1254 Alii
1116 1184 1464 1271 tmdunts,
1494 1188 1716 1278 ipsam
1739 1182 1940 1251 taedio
1973 1168 2441 1277 praesentium,
2466 1196 2536 1249 et
2557 1183 2773 1248 immi·

658 1298 969 1363 nentium
1016 1315 1237 1385 metu,
1278 1319 1620 1365 venenum
1653 1320 1696 1363 a
1731 1294 1870 1365 filio
1911 1296 2343 1388 impetrasse,
2385 1288 2570 1359 haud
2607 1271 2802 1359 sane*

660 1403 1047 1475 difficulter.

752 1520 894 1585 XV.
923 1520 1177 1586 Octavo
1204 1518 1467 1609 imperii
1495 1538 1731 1587 mense
1755 1512 2188 1583 desciverunt
2213 1512 2298 1581 ab
2326 1536 2408 1581 eo
2437 1512 2770 1581 exercitus

656 1626 1051 1695 Moesiarum
1076 1642 1281 1721 atque
1314 1628 1712 1709 Pannoniae3
1743 1628 1905 1692 item
1939 1648 2020 1691 ex
2050 1622 2514 1719 transmarinis
2542 1626 2583 1690 J
2589 1618 2770 1689 udai-

654 1758 779 1803 cus
816 1753 885 1804 et
926 1739 1237 1831 Syriacus
1258 1746 1273 1773 ¹
1302 1760 1317 1805 ε
1348 1760 1429 1803 ac
1462 1760 1622 1827 pars
1655 1737 1726 1802 in
1759 1734 2054 1802 absentis
2076 1787 2094 1816 ‚
2124 1756 2282 1825 pars
2312 1734 2384 1800 in
2417 1732 2770 1825 praesentis

659 1849 1055 1940 Vespasiani
1073 1847 1275 1915 verba
1286 1843 1628 1940 jurarunt.
1647 1846 1748 1914 Ad
1767 1844 2194 1913 retinendum
2211 1868 2372 1936 ergo
2386 1860 2768 1911 ceterorum

658 1953 1015 2027 hominum
1034 1958 1337 2027 studium
1355 1983 1437 2029 ac
1448 1958 1750 2027 favorem
1766 2011 1784 2041 ‚
1799 1956 1971 2024 nihil
1989 1981 2128 2025 non
2146 1956 2414 2050 publice
2432 1956 2770 2047 privatim-

658 2092 828 2162 que,
848 2068 1041 2137 nullo
1058 2067 1359 2139 adhibito
1384 2068 1622 2153 modo,
1644 2067 1924 2161 largitus
1949 2084 2073 2162 est.
2101 2067 2432 2134 Dilectum
2457 2081 2768 2159 ²quoque

660 2295 881 2350 Wolfio.
918 2298 1169 2370 Sequitur
1196 2300 1339 2351 euim
1372 2298 1532 2352 edicti
1567 2301 1672 2352 for-
1761 2298 2008 2353 solebant
2027 2296 2272 2350 mulieres
2287 2296 2542 2348 vaticinas
2555 2295 2769 2348 Germa·

661 2376 805 2429 mula
832 2378 1027 2429 bonum
1044 2378 1287 2450 sactum,
1314 2378 1382 2433 de
1418 2398 1528 2451 qua
1548 2378 1670 2435 vide
1761 2382 1820 2433 ni
1855 2393 2075 2433 veteres.
2110 2377 2194 2429 cf.
2221 2376 2391 2428 Tacit.
2419 2375 2668 2427 German.
2701 2374 2769 2441 8,

663 2454 731 2508 ad
762 2456 891 2510 Caes.
922 2476 1042 2529 cap.
1074 2458 1161 2514 80.

737 2557 785 2609 7.
825 2541 892 2592 In
926 2552 1091 2592 mov-te
1118 2543 1311 2594 matris.
1342 2541 1445 2593 Alii
1482 2543 1672 2594 vitiose

662 2617 721 2668 in
748 2630 985 2670 mortem.
1016 2621 1280 2672 Memorat
1302 2634 1525 2673 mortem
1549 2621 1672 2674 Sex·

664 2692 787 2746 tili-2
814 2697 985 2748 Tacit.
1016 2699 1211 2748 Hister.
1247 2699 1344 2762 111,
1382 2697 1472 2766 67,
1507 2699 1672 2750 «Erat

662 2771 738 2824 ini
762 2788 811 2827 et
844 2776 982 2826 fessa
1008 2789 1160 2828 aetate
1192 2795 1416 2848 pareus,
1444 2795 1562 2848 qum
1590 2791 1673 2829 ta·

666 2862 823 2918 ineu,
854 2855 1039 2923 paucis
1077 2867 1201 2906 ante
1234 2852 1423 2908 diebus
1442 2895 1457 2920 ‚
1485 2874 1674 2927 oppor-b

666 2943 797 2983 tuna
827 2943 991 2985 morte
1025 2934 1284 2987 excidium
1318 2935 1511 2987 domus
1545 2955 1676 3008 prte-

660 3012 836 3078 venit‚
866 3011 993 3064 nihil
1016 3013 1323 3086 principatu
1346 3014 1435 3068 filii
1462 3033 1674 3068 assecu-

662 3105 748 3159 ta,
774 3094 873 3145 nisi
896 3091 1097 3145 luctum
1118 3106 1171 3144 et
1190 3093 1385 3146 bonam
1412 3096 1625 3149 famam.
1645 3119 1670 3144 ο

662 3172 861 3242 Smpius
890 3171 1103 3237 monui,
1131 3171 1405 3238 Tacitum,
1434 3186 1495 3223 ut
1522 3190 1677 3228 accu-

664 3263 839 3302 ratum
880 3249 1226 3316 historicum,
1264 3249 1397 3302 nibil
1436 3271 1673 3323 unquam

662 3331 805 3402 vulgi
820 3330 949 3383 dare
964 3331 1263 3382 rumoribus
1274 3368 1292 3397 ‚
1312 3333 1674 3388 incertissimis

663 3424 719 3464 et
744 3421 923 3464 tamen
948 3409 1279 3462 creberrimis
1301 3409 1368 3462 de
1392 3409 1674 3463 illustrium

662 3488 939 3542 hominum
978 3501 1181 3552 morte,
1224 3490 1444 3559 ejusque
1481 3490 1673 3542 causis.

662 3567 792 3618 Mox
823 3570 877 3618 in
916 3565 1149 3618 editione
1180 3567 1363 3618 wolfii
1395 3586 1493 3638 per
1522 3581 1676 3640 typo·

666 3647 823 3699 thetae
851 3665 1087 3698 errorem
1120 3663 1253 3720 oeqre
1288 3665 1386 3718 pro
1420 3664 1570 3719 oeqroe
1601 3645 1678 3700 le·-

664 3729 827 3798 3itur.,
854 3729 952 3780 nisi
982 3747 1105 3780 vere
1134 3741 1346 3782 secutus
1378 3740 1456 3778 est
1484 3727 1676 3784 doctus

666 3807 839 3861 editor
863 3806 1121 3878 quosdam
1142 3807 1394 3871 Codices,
1422 3809 1511 3878 qui
1537 3807 1675 3861 idem

664 3887 915 3941 exhibent
934 3889 1212 3958 scriptura!
1232 3884 1574 3955 compendio.
1599 3886 1678 3936 lta

662 3969 853 4020 vitiose
876 3965 1123 4032 nonnulli
1142 3967 1270 4020 Caes.
1294 3983 1413 4036 cap.
1434 3965 1529 4035 74,
1547 3983 1680 4037 oeqre

668 4065 771 4118 pro
796 4063 945 4117 aeyer.

740 4126 790 4178 8.
816 4127 966 4177 caua
986 4121 1203 4176 muliere
1212 4145 1233 4184 ,·
1248 4121 1305 4175 h.
1328 4141 1373 4174 e.
1397 4120 1465 4174 de
1484 4120 1681 4191 cath,

668 4205 1057 4258 Germanorum
1078 4205 1309 4258 natione.
1334 4202 1521 4256 Colere
1537 4205 1680 4260 enim

1762 2456 1858 2512 ubi
1886 2460 2106 2529 interpr.

1832 2557 1886 2608 9.
1922 2537 2040 2590 Alia·
2075 2537 2316 2601 tradunt,
2349 2546 2450 2587 etc.
2484 2533 2768 2588 Omisimus

1761 2619 1836 2672 Et
1857 2631 1980 2672 ante
1999 2617 2100 2670 alia·
2117 2635 2240 2668 cum
2259 2617 2467 2668 Ernest.
2489 2625 2544 2666 et
2558 2609 2772 2664 Ouden-

1764 2697 1977 2769 dorpio.
2425 2700 2450 2744 0

1833 2777 1958 2834 XV.⁸
1980 2791 2024 2830 ι.
2063 2773 2401 2826 nesciverunt
2419 2772 2484 2822 ab
2507 2788 2566 2824 eo
2587 2769 2774 2825 exerci-

1763 2865 1900 2908 tus...
1926 2864 1978 2906 et
1995 2853 2257 2924 Syriacus.
2281 2851 2414 2904 Vide
2435 2853 2607 2902 Tacit.
2637 2851 2768 2904 Uist.

1761 2936 1836 3002 11,
1866 2935 1933 3005 73
1957 2953 2068 3004 seq.
2095 2933 2164 2985 de
2189 2931 2418 2986 <ludaico
2447 2945 2501 2982 et.
2527 2930 2771 3002 Syriae-oz

1763 3033 1885 3086 cap.
1931 3013 1997 3068 85
2036 3031 2149 3084 seq.
2187 3012 2256 3067 de
2293 3012 2536 3084 Illyrico,
2575 3013 2772 3062 Moesia

1763 3095 1996 3166 denique
2029 3106 2081 3146 et
2113 3093 2400 3148 Pannoniae
2433 3089 2768 3146 exercitibus.

1763 3176 1844 3228 cf.
1869 3179 2090 3244 vespas.
2115 3173 2168 3224 6.

1837 3271 1886 3306 2.
1923 3251 2185 3306 Dilectum
2211 3269 2445 3323 quoque,
2477 3263 2576 3302 ete.
2601 3250 2771 3304 Tacit.

1765 3337 1896 3388 Hist.
1925 3335 2024 3400 111,
2058 3333 2154 3386 58:
2195 3354 2218 3378 κ
2243 3329 2590 3382 Hortantihus
2617 3327 2773 3382 liber*-

1766 3415 1832 3466 tis
1871 3412 2030 3480 (nam
2077 3413 2368 3464 amicorum
2411 3412 2528 3479 ejus
2569 3420 2771 3480 quanto

1767 3493 1886 3565 quis
1913 3491 2126 3556 clarior,
2161 3493 2338 3542 minus
2369 3486 2569 3557 fidus),
2597 3487 2774 3542 vocari

1767 3571 1934 3624 tribus
1951 3569 2119 3640 jubet.
2141 3571 2340 3622 Dantes
2359 3569 2582 3618 nomina
2601 3585 2775 3621 sacra·

1765 3662 1948 3702 mento
1979 3647 2172 3718 adigit:
2203 3647 2564 3717 superfluente
2595 3645 2774 3700 multi-

1767 3729 1979 3793 tudine,
2000 3747 2176 3782 curam
2199 3726 2424 3780 dilectus
2443 3729 2498 3778 in
2519 3726 2778 3781 Consules

1767 3810 2011 3881 partitur.
2065 3809 2342 3861 Servorum
2395 3825 2674 3860 numerum
2727 3817 2778 3858 et

1769 3887 1982 3960 pondus
2015 3888 2222 3958 argenti
2253 3885 2600 3940 Senatui-ibus
2633 3884 2774 3943 iudi-

1767 3971 1857 4020 cit.
1879 3991 1902 4014 ιι
1928 3965 2100 4018 Verba
2111 3968 2369 4038 justoeque
2389 3963 2596 4018 militie
2617 3967 2774 4018 intet-

1769 4047 2078 4118 pretationis
2105 4044 2226 4097 loco
2257 4041 2466 4095 addidit
2487 4055 2698 4108 auctor,
2727 4055 2778 4093 et

1769 4139 1894 4177 sunt
1905 4137 2264 4177 veteranorum
2271 4121 2546 4176 commoda
2553 4119 2632 4174 vel
2644 4137 2780 4176 com·

1771 4205 1928 4258 moda
1949 4205 2313 4269 emeritorum,
2340 4213 2398 4255 ut
2423 4203 2648 4270 August.
2683 4201 2778 4268 24,
