3050 5004
913 509 1307 576 HoRATn
1354 509 1602 575 vlTA.
2171 515 2292 598 451

228 673 255 702 a
282 641 537 709 Horatii
566 638 816 722 Flacci,
848 653 927 704 ut
951 639 1125 719 mei,
1155 659 1416 706 memor
1442 652 1609 704 estc.
1635 668 1664 698 a
1699 642 2039 730 Augustus
2071 644 2133 708 ei
2160 645 2313 735 Epi-

218 751 546 820 stolarum
574 747 873 816 officium
902 745 1145 814 obtulit
1162 798 1179 830 ‚
1217 762 1295 814 ut
1316 745 1446 816 hoc
1480 745 1568 813 ad
1593 752 2031 814 Maecenatem
2061 753 2310 845 scripto

218 859 579 954 significat:
619 889 647 919 α
674 865 873 942 Ante,
896 860 1041 949 ipse
1066 855 1435 926 scribendis
1459 856 1760 952 epistolis
1783 860 2155 928 amicorum
2179 865 2314 930 suf-

218 969 551 1040 ficiebam:
603 992 786 1036 nunc
829 969 1413 1059 occupatissimuS,
1460 982 1530 1034 et
1571 967 1879 1036 infirmus
1897 1021 1916 1050 ‚
1961 973 2314 1042 Horatium

216 1095 527 1148 nostrum
554 1102 599 1148 a
622 1094 689 1144 te
716 1078 918 1169 cupio
944 1075 1303 1144 abducere.
1332 1079 1576 1144 Veniet
1605 1101 1765 1168 ergo
1795 1077 1882 1145 ab
1909 1081 2036 1147 ista
2066 1087 2314 1174 parasi-

216 1192 345 1256 tica
374 1211 609 1256 mensa
637 1186 725 1254 ad
752 1185 927 1254 hanc
954 1187 1207 1278 regiam
1224 1239 1243 1270 ,
1272 1203 1339 1254 et
1365 1211 1491 1254 nos
1518 1189 1590 1254 111
1617 1187 1988 1257 scribendis
2017 1194 2316 1285 epistolis

212 1293 494 1390 juvabit.
526 1328 554 1359 a·
599 1303 694 1365 Ac
734 1319 821 1364 ne
862 1299 1199 1364 recusanti
1239 1296 1515 1390 quidem
1554 1313 1673 1363 aut
1712 1303 2096 1367 succensuit
2132 1305 2319 1397 quic-

218 1433 422 1504 quam
442 1462 460 1492 ,
492 1424 613 1476 aut
642 1409 1007 1476 amicitiam
1044 1431 1235 1475 suam
1270 1409 1576 1500 ingerere
1611 1406 1826 1476 desiit.
1861 1413 2145 1479 Exstant
2180 1417 2320 1509 epi-

218 1519 427 1603 stolae,
455 1543 537 1586 ex
558 1519 827 1613 quibuS,
847 1520 1223 1608 argumenti
1246 1519 1452 1610 gratia
1469 1569 1487 1600 ,
1508 1540 1726 1609 pauca
1743 1516 2026 1612 subjeci:
2072 1550 2099 1581 a
2118 1525 2318 1592 Sume

216 1629 333 1698 tibi
357 1627 613 1726 aliquid
632 1626 806 1722 juris
828 1627 1013 1721 apud
1036 1652 1146 1695 me
1166 1681 1183 1712 ,
1210 1643 1532 1722 tanquam
1553 1631 1608 1696 si
1631 1629 1975 1698 convictor
1995 1631 2160 1702 mihi
2181 1634 2322 1701 fue-

216 1746 340 1810 ris:
380 1759 561 1810 recte
594 1743 775 1808 enim
796 1793 813 1824 ‚
849 1758 917 1808 et
946 1765 1086 1808 non
1118 1758 1369 1807 temere
1402 1739 1672 1824 feceris;
1703 1744 2024 1834 quoniam
2055 1742 2127 1810 id
2157 1768 2320 1813 usus

216 1853 381 1921 mihi
409 1869 635 1922 tecum
660 1875 807 1920 esse
828 1850 1048 1932 volui,
1079 1853 1136 1917 si
1158 1874 1281 1942 per
1300 1849 1761 1917 valetudinem
1787 1866 1975 1919 tuam
1996 1853 2141 1922 fieri
2161 1880 2322 1949 pos-

216 1966 319 2031 sit.
349 1995 377 2025 »
407 1967 492 2030 Et
507 1985 777 2030 rursus:
811 1991 837 2021 κ
860 1963 991 2028 Τ111
1010 1960 1283 2054 qualem
1300 1958 1590 2027 habeam
1613 1965 2013 2030 memoriam
2028 2017 2044 2048 ‚
2067 1968 2320 2058 poteris

217 2099 299 2142 ex
340 2077 663 2168 Septimio
700 2097 971 2168 quoque
1004 2086 1240 2138 nostro
1276 2068 1546 2139 audire:
1588 2095 1750 2139 nam
1788 2075 2052 2156 incidit,
2090 2093 2170 2144 ut
2201 2077 2322 2146 illo

218 2209 447 2254 coram
474 2183 664 2252 fieret
690 2208 731 2250 a
760 2208 869 2250 me
899 2187 995 2251 tui
1030 2185 1302 2250 mentio.
1334 2186 1572 2276 Neque
1603 2185 1658 2249 si
1687 2198 1762 2250 tu
1795 2186 2128 2276 superbus
2155 2191 2320 2256 ami-

218 2299 442 2364 citiam
455 2294 754 2364 nostram
773 2295 1107 2387 sprevisti,
1124 2293 1276 2361 ideo
1296 2316 1419 2359 nos
1439 2313 1712 2388 quoque
1730 2309 2258 2390 ὼθυπςρηφωοῡμη,
2283 2330 2310 2361 n

218 2412 550 2476 Praeterea
582 2430 760 2499 saepe
790 2408 965 2472 inter
997 2402 1165 2472 alios
1184 2401 1377 2496 jocos
1415 2435 1441 2463 α
1472 2405 1950 2496 purissimum⁵
1975 2430 2251 2497 penem,
2283 2440 2310 2470 n

222 2534 287 2585 et
330 2550 355 2578 a
379 2508 911 2585 homuncionem
946 2513 1438 2607 lepidissimum
1462 2545 1489 2575 n
1541 2511 1870 2607 appellat:
1920 2539 2193 2611 unaque
2253 2536 2320 2587 et

220 2627 426 2699 altera
452 2627 847 2695 liberalitate
870 2626 1324 2719 locupletavit.
1353 2628 1610 2719 Scripta
1632 2625 1907 2722 quidem
1931 2626 2078 2722 ejus
2103 2655 2320 2726 usque

221 2739 387 2809 adeo
430 2738 771 2834 probavit,
814 2762 1271 2832 mansuraque
1311 2754 1640 2831 perpetuo
1682 2741 1992 2830 opinatus
2036 2738 2201 2823 est⁶,
2246 2760 2322 2811 ut

220 2872 357 2918 11011
405 2846 610 2917 1110110
654 2846 963 2917 Seculare
1009 2871 1281 2915 carmen
1324 2846 1869 2940 componendum
1917 2846 2315 2942 injunxerit,

222 2960 339 3027 sed
380 2974 452 3027 et
484 2956 903 3026 vindelicam
941 2958 1289 3024 victoriam
1322 2957 1575 3025 Tiberii
1608 2960 1944 3054 Drusique
1987 2964 2322 3056 privigno-

222 3092 411 3138 rum:
440 3091 731 3163 eumque
763 3069 1055 3159 coegerit
1088 3082 1368 3161 propter
1390 3066 1552 3148 hoc,
1591 3068 1805 3136 tribus
1840 3072 2215 3140 carminum
2246 3073 2322 3141 li-

222 3176 357 3247 bris
394 3204 480 3248 ex
506 3178 707 3270 longo
736 3175 1089 3244 intervallo
1117 3193 1437 3271 quartum
1468 3176 1751 3245 addere:
1782 3196 1939 3272 post
1965 3184 2316 3251 Sermones

224 3312 497 3384 quoque
518 3278 757 3370 lectos,
783 3286 1041 3354 nullam
1064 3290 1166 3354 sui
1191 3290 1600 3355 mentionem
1619 3287 1915 3355 habitam
1937 3291 2030 3356 ita
2053 3293 2140 3359 sit
2160 3317 2318 3387 que-

226 3413 402 3467 stus:
458 3400 713 3465 «Irasci
746 3420 854 3463 me
890 3396 1010 3464 tibi
1044 3399 1209 3464 scito
1227 3449 1244 3480 ‚
1278 3397 1463 3491 quod
1497 3422 1638 3465 non
1669 3400 1740 3465 in
1769 3398 2114 3495 plerisque
2146 3399 2320 3494 ejus·

224 3508 408 3577 modi
432 3509 697 3601 scriptis
720 3530 987 3575 mecum
1009 3509 1431 3599 potissimum
1452 3506 1770 3603 loquaris.
1798 3515 1898 3577 An
1923 3514 2170 3581 vereris
2185 3566 2204 3595 ,
2231 3538 2316 3583 ne

224 3617 406 3712 apud
452 3634 757 3711 posteros
800 3615 917 3683 tibi
961 3618 1210 3684 infame
1254 3620 1370 3701 sit,
1418 3616 1601 3713 quod
1643 3616 1927 3687 videaris
1969 3620 2314 3690 familiaris

298 3867 348 3919 5.
412 3868 775 3921 Pan-inimum.
828 3865 1055 3918 wolfius
1102 3878 1227 3937 poet
1387 3868 1439 3919 6.
1466 3868 1720 3939 opinatus
1737 3877 1824 3921 est.
1847 3865 2065 3919 Addidit
2083 3867 2188 3921 hoc
2203 3888 2316 3923 ver-

226 3945 519 4001 Bentleium
535 3946 679 4000 dedit
695 3946 1233 4017 Scaligeri‘conjectu-
1317 3944 1443 3997 bum
1462 3946 1702 4015 Rutgers.
1715 3947 1908 3997 Venus.
1931 3946 2072 3997 Lect.
2091 3965 2208 4018 cap.
2228 3950 2318 4017 30,

228 4042 340 4077 ram
384 4026 715 4099 putissimum
738 4063 756 4093 ‚
806 4024 967 4096 idque
1013 4022 1227 4095 reliquis
1318 4042 1379 4075 ex
1402 4040 1513 4075 uno
1534 4024 1642 4075 MS.
1676 4022 1779 4074 Alii
1811 4022 2185 4095 suppleverunt
2211 4046 2320 4079 cre-

230 4108 629 4159 convenientius
660 4104 879 4159 videtur.
1296 4102 1481 4161 ‘didm
1506 4101 1856 4173 Oudendorp.
1881 4104 2142 4157 eminutus
2158 4118 2245 4157 est.

1885 4296 1992 4363 29.
