3050 5004
1230 478 1519 545 NERO.

326 624 431 675 tus
452 622 523 673 et
542 608 805 675 musica
820 656 837 691 ‚
866 608 1091 675 statim
1110 622 1191 673 ut
1210 608 1576 699 imperium
1595 603 1884 701 adeptus
1907 628 2012 679 est
2025 662 2044 694 ,
2075 614 2428 705 Terpnum

325 716 765 787 citharoedum
779 729 795 756 ²
816 769 835 801 ,
858 720 1199 813 vigentem
1218 734 1387 785 tunc
1402 732 1652 811 praeter
1669 719 1836 789 alios
1851 772 1872 804 ‚
1895 726 2272 809 arcessivit3
2291 725 2428 794 die-

323 828 585 924 busque
608 832 947 899 continuis
972 846 1127 925 post
1152 854 1417 899 coenam
1448 835 1718 898 canenti
1747 835 1818 900 in
1848 833 2134 903 multam
2155 854 2428 909 noctem

324 940 621 1011 assidens
640 994 659 1025 ,
696 940 1027 1034 paulatim
1072 956 1141 1009 et
1186 943 1331 1034 ipse
1366 940 1675 1009 meditari
1715 949 2146 1041 exercerique
2187 953 2390 1042 coepit
2406 1004 2424 1033 ‚

322 1074 540 1145 neque
564 1072 805 1118 eorum·
832 1054 1201 1146 quicquam
1230 1053 1543 1119 omittere
1561 1104 1580 1135 ,
1611 1076 1766 1149 quae
1795 1059 2060 1147 generis
2093 1056 2244 1151 ejus
2275 1064 2428 1127 arti-
2521 1080 2526 1086 ’

322 1158 475 1231 fices
495 1162 649 1245 ,vel
672 1159 1155 1231 conservandae
1181 1164 1367 1229 vocis
1399 1186 1606 1230 causa
1625 1212 1642 1245 ,
1673 1164 1782 1231 vel
1807 1166 2138 1259 angendae
2165 1169 2426 1239 factita-

321 1288 503 1356 rent;
530 1269 653 1340 sed
676 1288 744 1339 et
760 1280 783 1309 ²
810 1271 1201 1367 plumbeam
1226 1271 1570 1341 chartam-⁹·
1601 1276 1886 1367 supinus
1916 1294 2188 1369 pectore
2225 1284 2430 1349 susti-

319 1405 481 1451 nere
500 1436 519 1467 ,
544 1400 615 1453 et
640 1383 931 1478 clystere
950 1386 1356 1479 vomituque
1384 1384 1736 1477 purffaffl,
1758 1404 1826 1453 et
1849 1386 2187 1457 abstinere
2207 1396 2430 1483 pomis

319 1497 619 1591 cibisque
650 1497 675 1537 ⁵
736 1496 1183 1566 officientibus
1202 1549 1221 1579 ,
1282 1495 1503 1565 donec
1524 1548 1544 1580 ,
1605 1496 1994 1567 blandiente
2049 1502 2360 1594 profectu
2393 1500 2423 1541 ⁵

321 1613 775 1705 (quamquam
802 1611 1061 1701 exiguae
1082 1608 1267 1713 vocis
1301 1624 1369 1675 et
1392 1608 1642 1678 fuscae⁷
1660 1614 1682 1696 )
1702 1664 1720 1693 ,
1745 1610 2018 1702 prodire
2049 1614 2123 1679 in
2147 1636 2424 1681 scenam

320 1720 741 1811 concupivit,
762 1718 1051 1787 subinde
1072 1722 1253 1787 inter
1272 1718 1634 1802 familiares
1653 1723 1968 1788 Graecum
1989 1722 2426 1813 proverbium

312 1825 576 1920 jactans
602 1880 619 1912 ,
670 1860 699 1892 α
722 1828 1005 1899 occultae
1054 1834 1331 1901 musicae
1386 1831 1654 1900 nullum
1706 1856 1854 1901 esse
1904 1852 2292 1929 respectum
2311 1834 2360 1903 ⁸.
2388 1866 2415 1897 υ

318 1942 403 2005 Et
426 1938 681 2032 prodiit
706 1940 987 2034 Neapoli
1009 1944 1391 2038 primum93
1420 1965 1500 2009 ac
1529 1966 1618 2009 ne
1645 1966 1978 2011 concusso
2009 1943 2284 2041 quidem
2315 1970 2418 2015 re-

2299 484 2426 574 175

386 2117 507 2169 XX.
552 2136 597 2172 1.
644 2118 911 2193 Terpnum
950 2122 1289 2175 citharoedum
1304 2145 1325 2186 ‚-

318 2198 409 2271 qui
428 2216 883 2255 commemoratur
902 2200 1062 2257 etiam
1075 2204 1239 2276 Vesp.
1262 2221 1325 2275 19

319 2298 439 2333 cum
466 2280 726 2335 Diodoro.
760 2283 999 2337 Alterum
1030 2284 1145 2351 his,
1166 2288 1327 2337 Pam-

320 2378 535 2427 menen‚
554 2362 733 2433 jungit
754 2362 955 2436 Xiphil.
978 2364 1167 2429 Lxul,
1193 2364 1243 2416 8.

391 2456 438 2491 2.
476 2440 583 2493 Sed
604 2453 671 2493 et.
696 2442 830 2495 Vide
854 2442 1024 2496 Wolf.
1052 2443 1121 2496 ad
1143 2443 1322 2497 Tiber.

314 2519 402 2572 61.
434 2520 692 2576 Mullcms
726 2525 945 2592 conjicit
974 2525 1061 2577 sic.

388 2597 439 2650 3.
468 2601 780 2654 Plumbeam
805 2601 1071 2665 chartam3
1094 2603 1149 2656 h.
1176 2623 1221 2656 e.
1244 2601 1326 2655 la-

316 2681 545 2749 minam,
574 2701 771 2754 nempe
804 2681 875 2734 ad
900 2685 1191 2756 aagendam
1223 2701 1324 2736 vo·-

316 2775 459 2825 cem,
482 2772 543 2810 ut
562 2777 821 2832 oppresso
842 2762 999 2814 etiam
1022 2773 1165 2812 tanto
1186 2781 1325 2832 pon-

315 2835 441 2890 dere
472 2852 691 2909 pectore
720 2843 927 2911 supini,
966 2840 1126 2893 altam
1160 2856 1323 2913 atque

316 2917 511 2969 claram
558 2937 747 2972 vocem
788 2923 1027 2973 emittere
1072 2920 1317 2974 disceret.

314 2997 635 3067 Interpretes
666 3001 853 3070 inepta
887 3000 997 3052 fere
1034 2999 1101 3052 de
1132 2999 1235 3053 hac
1266 3019 1322 3052 re

316 3094 435 3128 cnm
456 3077 623 3130 multa
642 3080 939 3134 eruditione
962 3081 1321 3152 protulerunt.

314 3153 569 3230 Reliqua,
598 3177 714 3230 quae
740 3157 1056 3227 Suetonius,
1092 3160 1163 3213 ad
1192 3179 1323 3214 con-

314 3237 617 3288 servandam
642 3257 827 3290 vocem
850 3237 1118 3290 valebant.

386 3315 437 3382 4.
476 3317 550 3370 Et
574 3315 833 3387 clystere..
850 3358 863 3371 .
888 3321 1109 3394 puryan’
1120 3342 1139 3380 ,·
1180 3338 1323 3390 quo·-

312 3393 456 3446 niam
474 3395 671 3448 referta
689 3396 835 3460 alvus
854 3415 1070 3450 raucam
1090 3400 1217 3451 facit
1232 3418 1323 3451 vo-

314 3491 431 3526 cem
456 3487 505 3526 et
527 3477 809 3546 ingratam.
843 3478 967 3529 Mox
993 3494 1091 3548 pro
1116 3479 1319 3551 pomis,

312 3551 524 3605 Reines.
553 3553 624 3606 ad
649 3556 939 3627 marginem
967 3555 1158 3610 suadet
1178 3559 1321 3628 poti-

315 3630 426 3699 bm,
452 3631 535 3684 vel
563 3635 793 3705 pomata}
814 3655 843 3687 a
874 3633 1045 3703 πέμ,
1076 3631 1317 3702 amu,

314 3713 495 3762 nescio
526 3729 595 3762 an
618 3713 791 3765 inutili
816 3715 1128 3766 mutatione.

386 3789 434 3842 5.
456 3792 709 3864 Cibisque.
730 3793 859 3846 Plin.
878 3795 1013 3846 nist.
1034 3795 1157 3847 Nat.
1176 3795 1318 3862 XIX,

316 3869 349 3920 6
376 3869 534 3942 (33),
578 3874 684 3925 «Et
716 3873 785 3925 dc
816 3891 971 3944 porro
1005 3875 1061 3926 in
1096 3873 1199 3926 hac
1227 3893 1321 3925 co-

312 3953 567 4020 gnatione
579 3951 683 4004 dici
700 3953 1009 4018 conveniat,
1026 3954 1321 4024 pracsertim

316 4045 483 4098 quum
514 4030 703 4082 sectivo
740 4049 915 4102 nuper
950 4033 1321 4084 anctoritatem

315 4105 520 4161 dederit
544 4110 801 4182 Princeps
830 4113 1007 4177 Nero,
1033 4113 1179 4164 vocis
1206 4129 1323 4190 gra-

316 4188 385 4240 tia
395 4225 413 4255 .,
428 4208 491 4241 ex
506 4189 628 4242 oleo
642 4192 791 4244 statis
806 4193 1069 4244 mensium
1084 4192 1320 4244 omnium

1415 2120 1632 2189 diebuS‚
1657 2123 1895 2197 nihilque
1916 2126 2060 2179 aliud
2073 2166 2089 2193 ‚
2119 2146 2180 2180 ac
2199 2146 2268 2179 ne
2286 2148 2430 2199 pane

1416 2201 1630 2273 quidem
1640 2204 1957 2256 vescendo.»
1972 2204 2274 2258 Secundum
2286 2226 2428 2260 eum·

1414 2282 1534 2335 dem
1549 2320 1566 2345 ‚
1591 2285 1718 2351 XX,
1739 2284 1955 2357 6(21),
1980 2308 2002 2332 ι
2023 2305 2244 2357 porrum
2271 2290 2428 2340 secti-

1412 2380 1540 2413 vum
1561 2366 1682 2415 voci
1704 2364 2046 2433 splendorem
2071 2366 2249 2417 affert.
2272 2388 2294 2413 n

1485 2440 1540 2494 6.
1567 2442 1882 2495 Βὶαιιᾰίεπεε
1903 2443 2172 2516 profectu5
2199 2443 2425 2497 hortan-

1414 2536 1469 2574 te
1496 2541 1782 2576 successuz
1820 2541 1954 2592 nos,
1989 2524 2207 2576 clear-md
2231 2528 2296 2578 de
2331 2545 2424 2579 son

1414 2602 1597 2654 saveir.

1489 2696 1539 2749 7.
1583 2679 1910 2751 Quamquam
1953 2681 2153 2754 exiguo
2193 2682 2334 2736 vocis
2373 2695 2426 2736 et

1404 2758 1594 2830 fuscoe.
1621 2759 1776 2811 Conf.
1803 2757 2002 2830 Xiphil.
2029 2761 2177 2825 LXI,
2207 2781 2300 2826 πο,
2329 2761 2424 2815 ubi

1410 2841 1734 2892 Reimarum.
1765 2838 1986 2906 Quintil.
2016 2841 2118 2908 xl,
2143 2842 2204 2910 3,
2231 2863 2252 2889 a
2271 2845 2426 2913 Qua-

1412 2918 1530 2970 litas
1553 2920 1700 2977 vocis
1724 2920 1892 2988 magis
1915 2921 2060 2972 varia
2085 2934 2193 2972 esta
2221 2939 2346 2974 nam
2372 2937 2426 2975 et

1410 2998 1634 3050 candida
1663 3013 1716 3051 et
1754 2999 1905 3050 fusca
1943 3013 2054 3062 est,
2086 3013 2138 3052 et
2174 2999 2334 3072 plena
2373 3016 2426 3054 et

1413 3077 1590 3144 exilis,
1620 3089 1672 3128 et
1705 3077 1836 3129 lenis
1873 3089 1924 3128 et
1959 3096 2182 3148 aspera,
2215 3091 2265 3130 et
2293 3097 2426 3131 con-

1416 3168 1585 3208 tracta
1605 3171 1656 3208 et
1677 3157 1824 3223 fusa,
1848 3169 1900 3208 et
1923 3156 2058 3208 dura
2083 3168 2134 3208 et
2154 3155 2428 3226 flexibilis,

1414 3249 1469 3288 et
1490 3235 1634 3288 clara
1659 3249 1712 3287 et
1737 3234 1952 3288 obtusa.
1975 3259 1998 3284 ι
2083 3221 2146 3318 ἦ.

1484 3313 1534 3366 8.
1579 3314 1805 3368 Occultoe
1841 3316 2052 3369 musica·
2081 3314 2287 3367 nullum
2324 3335 2430 3370 esse

1409 3407 1708 3468 mpectum.
1756 3395 1921 3446 Groec.
1968 3395 2050 3450 effe
2098 3395 2424 3453 λανθανούσης

1400 3474 1630 3540 μουσικαῖς
1649 3471 1796 3529 οᾶδόὶς
1813 3472 1976 3538 λόγος,
1994 3473 2103 3539 vel,
2125 3488 2184 3526 ut
2203 3474 2423 3530 Luci-n.

1408 3553 1723 3607 Harmonid.
1749 3555 1800 3621 1,
1827 3555 2008 3621 effert,
2031 3551 2168 3607 οὐθὲν
2185 3551 2280 3624 γὰρ
2309 3555 2424 3618 ὅφι-

1406 3647 1483 3689 &oe
1506 3631 1796 3702 «inoppino,
1827 3634 1977 3699 φασί,
2003 3631 2086 3686 aa}
2109 3633 2320 3700 ἀφανοῦς
2341 3636 2424 3693 τῖς

1384 3713 1642 3792 ,μουσικῗςι
1691 3712 1825 3766 Geli.
1867 3716 2022 3780 XIII,
2069 3713 2138 3765 3ο
2157 3751 2174 3780 ‚
2221 3737 2244 3762 n
2269 3717 2424 3768 Nosti

1407 3795 1628 3846 verbum
1657 3793 1790 3845 illud
1820 3792 2024 3845 scilicet
2051 3813 2080 3845 e
2103 3793 2308 3847 Graecia
2335 3813 2424 3848 ve-

1408 3888 1522 3925 tus:
1545 3874 1807 3925 Musicani
1821 3909 1838 3938 ‚
1859 3891 1972 3945 quae
1991 3875 2060 3924 sit
2077 3872 2423 3939 abscondita,

1412 3971 1530 4004 eam
1550 3971 1664 4005 esse
1685 3950 1821 4005 nulli
1839 3953 1946 4004 rei?
1961 3975 1983 3999 ι
2009 3952 2090 4004 cf.
2111 3954 2329 4024 interpr.
2355 3950 2422 4004 ad

1410 4032 1515 4084 loc.
1545 4034 1634 4084 cit.

1482 4129 1534 4182 9.
1573 4113 1650 4164 Et
1677 4111 1878 4183 prodiit
1909 4110 2142 4183 Neapoli
2166 4112 2420 4180 primum.

1413 4193 1588 4246 Tacit.
1621 4191 1812 4244 Annal.
1843 4191 1961 4257 XV,
1994 4190 2090 4259 33,
2129 4213 2151 4238 ι
2171 4189 2229 4244 C.
2257 4189 2424 4246 Lect-
