3050 5004
1197 486 1481 551 NERO.
2270 488 2395 553 153

290 612 508 683 sulatu
523 666 540 697 ,
581 636 792 709 quem
821 610 1152 682 adversus
1179 614 1482 706 auspicia
1517 610 1841 707 legesque
1867 614 2158 705 gessisse
2178 616 2399 682 existi-

287 726 620 807 mabatur,
647 721 738 791 ad
759 723 1302 825 disquisitionem
1325 724 1609 791 Senatus
1631 726 1929 791 vocavit:
1962 747 2120 792 mox
2142 725 2399 794 Consul

288 842 776 931 Imperatorem
813 834 900 903 ab
937 834 1344 904 exercitibus
1383 834 1657 903 Gallicis
1694 834 2039 903 retrahere
2076 840 2394 905 tentavit:

289 972 772 1044 successorque
799 951 860 1015 ei
888 972 1013 1042 per
1034 948 1398 1015 factionem
1425 949 1814 1015 nominatus
1834 992 1855 1030 ,
1887 950 2221 1041 principio
2245 951 2402 1016 civi-

287 1060 366 1129 lis
391 1058 555 1128 belli
589 1057 678 1127 ad
704 1059 1077 1128 Corfinium
1112 1074 1350 1152 captus
1385 1075 1508 1127 est.
1548 1057 1749 1127 Unde
1774 1058 2095 1127 dimissus
2114 1111 2132 1142 ‚
2166 1060 2402 1129 Massi-

291 1169 535 1239 lienses
577 1166 928 1239 obsidione
964 1166 1350 1238 laborantes
1395 1192 1611 1263 quum
1654 1168 1955 1238 adventu
1996 1194 2121 1237 suo
2157 1168 2401 1237 confir-

289 1297 537 1357 masset
559 1332 578 1363 ‚
621 1297 902 1373 repente
942 1278 1290 1349 destituit⁴
1311 1331 1330 1361 ‚
1379 1282 1657 1375 acieque
1699 1278 1975 1349 demum
2018 1280 2401 1349 Pharsalica

291 1394 678 1463 occubuit⁵:
713 1395 818 1461 vir
849 1417 1073 1489 neque
1109 1396 1270 1461 satis
1295 1409 1618 1462 constans
1636 1446 1656 1476 ‚
1688 1408 1759 1459 et
1788 1394 2059 1486 ingenio
2080 1396 2291 1462 truci:
2326 1396 2400 1461 in

291 1502 757 1598 desperatione
791 1526 1054 1587 rerum,
1085 1520 1409 1586 mortem,
1444 1507 1686 1573 timore
1720 1506 2088 1597 appetitam
2111 1556 2129 1586 ,
2162 1507 2257 1571 ita
2290 1530 2401 1573 ex·

291 1619 505 1709 pavit,
535 1631 613 1683 ut
634 1614 956 1684 haustum
982 1639 1328 1685 venenum
1357 1618 1753 1709 poenitentia
1775 1613 2187 1686 evomuerit⁶
2208 1668 2228 1698 ‚
2262 1640 2401 1685 me-

291 1723 652 1821 dicumque
673 1728 1180 1809 manumiserit‚
1207 1726 1396 1821 quod
1433 1726 1561 1794 sibi
1590 1724 1893 1819 prudens
1920 1749 2001 1793 ac
2034 1728 2404 1795 sciensmi-

291 1860 416 1905 nus
437 1838 718 1904 noxium
739 1852 1200 1937 temperasset.
1219 1836 1664 1905 consultante
1687 1853 1915 1904 autem
1934 1839 2056 1903 Cn.
2080 1839 2399 1930 Pompeio

294 1947 374 2015 de
411 1946 652 2016 mediis
668 1957 694 1999 ⁷
731 1971 814 2015 ac
848 1964 1163 2017 neutram
1199 1965 1464 2043 partem
1501 1947 1942 2043 sequentibus
1962 2000 1982 2031 ‚
2026 1947 2211 2015 solus
2249 1970 2399 2015 cen-

293 2062 422 2129 suit
447 2058 750 2127 hostium
776 2083 1072 2128 numero
1099 2059 1474 2129 habendos.
2371 2064 2380 2069 “

381 2173 504 2237 111.
555 2166 854 2265 Reliquit
873 2168 1086 2237 filium
1108 2222 1126 2254 ,
1153 2170 1474 2241 omnibus
1498 2171 1715 2263 gentis
1750 2194 1893 2239 suae
1913 2169 2162 2265 procul
2192 2170 2400 2239 dubio

293 2276 814 2373 praeferendum.
849 2284 916 2347 Is
947 2282 1121 2349 inter
1152 2282 1460 2350 conscios
1485 2283 1887 2349 Caesarianae
1916 2284 2131 2366 necis,
2171 2306 2403 2376 quam·

293 2412 498 2483 quam
529 2392 765 2458 insons
784 2442 802 2474 ,
838 2388 1196 2459 damnatus
1215 2400 1231 2429 ¹
1271 2389 1420 2484 lege
1450 2390 1655 2459 Pedia
1673 2442 1691 2474 ,
1727 2414 1942 2485 quum
1978 2389 2065 2459 ad
2096 2394 2402 2459 Cassium

293 2507 712 2598 Brutumque
735 2526 809 2570 se
824 2555 843 2587 ‚
861 2505 1251 2598 propinqua
1274 2499 1402 2571 sibi
1415 2505 1812 2596 cognatione
1824 2547 1829 2556 -
1831 2499 2103 2595 junctos
2124 2554 2142 2586 ,
2167 2519 2401 2570 contu·

295 2613 510 2684 lisset²
524 2667 542 2699 ,
568 2630 726 2708 post
742 2617 1099 2709 utriusque
1117 2617 1465 2684 interitum
1483 2613 1771 2683 classem
1790 2612 1951 2681 olim
1970 2617 2401 2684 commissam

361 2857 412 2924 4.
446 2859 678 2930 Repente
703 2857 950 2913 destituit.
980 2857 1138 2913 Conf.
1168 2860 1296 2914 Ceo.

297 2937 418 2990 Bell.
441 2940 554 2991 civ.
579 2940 658 3005 Π,
685 2955 770 2991 22.

362 3017 414 3072 5.
453 3018 705 3092 Acieque.
721 3057 733 3070 .
751 3059 762 3072 .
778 3057 792 3071 .
815 3018 1122 3074 Pharsalica
1145 3035 1301 3072 eccu-

294 3097 412 3150 but‘t.
444 3097 576 3152 Caee.
605 3098 732 3152 Bell.
765 3101 879 3153 (Ἑν.
913 3101 986 3151 111
1003 3138 1020 3168 ,
1048 3117 1119 3170 99
1144 3121 1157 3151 ε
1195 3122 1218 3147 ι
1240 3100 1298 3151 L.

293 3175 586 3243 Domitius,
605 3195 672 3230 ex
688 3179 876 3231 castris
893 3180 950 3230 in
971 3192 1204 3232 montem
1224 3197 1306 3231 re·

294 3254 528 3326 fugiens,
561 3273 729 3329 quum
761 3251 899 3309 vires
931 3274 1054 3309 eum
1086 3257 1302 3311 lassitu-

293 3331 414 3387 dine
443 3333 797 3402 defecissent,
829 3334 898 3388 ab
932 3337 1198 3407 equitibus
1221 3349 1304 3390 est

291 3415 620 3468 interfectus.
643 3439 666 3463 ιο
699 3416 782 3468 cf.
811 3415 1012 3470 Lucan.
1044 3419 1167 3486 vu,
1195 3415 1301 3488 599

295 3511 400 3566 seq.
427 3496 600 3547 Tacit.
626 3493 818 3548 Annal.
847 3497 936 3562 w,
960 3496 1049 3563 44.

361 3573 415 3626 6.
461 3574 532 3628 Ut
535 3612 682 3627 .....
711 3593 969 3626 venenum
991 3575 1302 3648 poem‘tentt‘a

293 3655 591 3706 evomuerit.
607 3651 742 3707 Vide
759 3653 1027 3707 Plutarch.
1051 3653 1180 3708 Caes.
1203 3653 1300 3722 343

293 3731 426 3785 Plin.
449 3733 586 3784 nist.
621 3735 744 3786 Nat.
776 3733 902 3801 Vll,
927 3733 994 3786 53
1019 3732 1175 3806 (54);
1205 3734 1302 3786 Se·

295 3830 410 3866 nec.
432 3811 500 3865 de
522 3812 750 3866 Beneflc.
774 3814 874 3879 111,
902 3815 988 3882 24.

365 3908 415 3962 7.
451 3892 535 3944 De
579 3893 778 3945 mediis.
820 3892 978 3944 Couf:
1025 3911 1188 3965 supra
1230 3891 1300 3946 ad

296 3969 422 4024 Cos.
451 3989 575 4044 cap.
603 3969 689 4042 75.

361 4050 450 4103 111.
492 4069 538 4103 ι.
573 4050 727 4103 Inter
757 4053 1039 4106 conscios...
1079 4051 1304 4105 dumna-

297 4137 389 4181 tus.
413 4129 574 4182 Conf.
594 4130 823 4202 Appian.
843 4132 910 4196 V,
937 4129 1024 4183 55.
1043 4130 1156 4183 Cic.
1177 4129 1305 4183 Phi-

295 4203 426 4279 lipp.
452 4209 532 4276 11,
563 4223 622 4262 11
647 4229 661 4260 ε
691 4231 714 4256 ιι
733 4211 832 4264 Cn.
863 4209 1158 4262 Domitium
1190 4227 1301 4263 non

1388 2859 1556 2932 patris
1570 2860 1818 2914 interitus
1830 2897 1847 2926 ‚
1862 2858 2140 2913 clarissimi
2158 2858 2273 2925 viri,
2288 2875 2401 2911 non

1389 2937 1639 2992 avunculi
1663 2936 1927 3012 (Catonis)
1951 2956 2119 3004 mors,
2142 2951 2253 2989 non
2276 2955 2403 3008 spo-

1387 3015 1539 3070 liatio
1562 3017 1862 3089 diguitatis,
1893 3017 1963 3072 ad
1981 3017 2402 3091 recuperandam

1387 3093 1687 3149 libertatem
1704 3131 1729 3161 ,
1748 3094 1841 3149 sed
1862 3113 1977 3148 mea
1998 3097 2287 3148 auctoritas
2307 3113 2401 3146 ex-

1389 3176 1607 3228 citavit?
1622 3197 1646 3222 u
1677 3175 1759 3226 Ad
1782 3174 1929 3228 hunc
1956 3189 2038 3229 est
2058 3172 2284 3247 epistola
2311 3176 2401 3228 Ci-

1389 3255 1599 3306 ceronis
1620 3271 1683 3306 22
1698 3292 1716 3321 ‚
1738 3251 1833 3306 lib.
1858 3253 1947 3306 vl.
1966 3283 2041 3294 -
2064 3253 2199 3326 Lege
2216 3252 2398 3305 Pedia.

1388 3331 1524 3385 vell.
1546 3334 1619 3400 11,
1638 3333 1707 3400 69
1728 3353 1739 3384 =
1770 3353 1793 3378 ι
1808 3333 1875 3384 Et
1898 3331 2017 3404 lege
2034 3330 2219 3396 Pedia,
2241 3349 2401 3402 quam

1387 3412 1590 3466 Consul
1618 3411 1809 3464 Pedius
1837 3410 2043 3483 collega
2066 3411 2283 3464 Caesaris
2316 3423 2403 3463 tu-

1386 3489 1551 3558 lerat,
1580 3489 1855 3556 omnibus,
1890 3491 1981 3563 qui
2013 3491 2269 3543 Caesarem
2304 3507 2402 3562 pa-

1391 3582 1524 3622 trem
1560 3571 1937 3623 interfecerant
1954 3609 1973 3638 ‚
2012 3587 2149 3643 aqua
2184 3570 2403 3641 ignique

1389 3647 1654 3702 damnatis
1676 3649 2017 3702 interdictum
2042 3662 2172 3702 erat.
2194 3672 2217 3696 υ

1464 3731 1517 3782 2‘.
1548 3731 1719 3802 Quum
1742 3730 1814 3782 ad
1833 3730 2059 3784 cassium
2082 3730 2404 3802 Brutumque

1387 3829 1454 3865 se.
1475 3849 1490 3864 .
1511 3850 1525 3863 .
1546 3849 1559 3862 .
1590 3809 1914 3875 conmlisse13
1946 3831 1979 3864 a
2012 3811 2205 3883 quibus
2246 3809 2403 3865 classi

1389 3891 1673 3961 praefectus
1690 3909 1811 3944 cum
1826 3892 2016 3944 Murco
2036 3909 2179 3943 mare
2192 3892 2401 3942 Ionium

1391 3973 1565 4025 tenuit
1600 3971 1746 4026 bello
1781 3972 2115 4045 Philippico,
2148 3973 2401 4043 variaque

1392 4049 1544 4104 clade
1570 4052 1897 4104 Triumviros
1936 4049 2137 4103 afflixit.
2172 4049 2255 4103 cf.
2292 4051 2403 4123 Ap-

1389 4133 1539 4204 pian.
1582 4129 1707 4184 Bell.
1756 4131 1869 4186 civ.
1909 4133 1979 4184 IV
2018 4143 2073 4183 et
2115 4133 2193 4193 Ἲς
2238 4131 2399 4183 Dion.

1391 4209 1602 4264 xhvm
1615 4250 1633 4278 ‚
1657 4225 1709 4279 7,
1725 4210 1822 4263 ubi
1842 4207 2000 4283 plura
2016 4208 2221 4264 Fabric.
