3050 5004
658 524 797 613 390
1406 523 1478 586 G.
1531 521 2002 589 SUETONII

654 648 936 750 vitilium
955 658 1027 732 ¹⁷,
1052 651 1200 741 pari
1222 646 1493 715 habitu:
1527 650 1658 717 nisi
1693 648 1879 743 quod
1911 646 2184 719 illorum
2215 654 2482 719 coronis
2515 654 2760 721 inierat

654 776 723 829 et
768 761 983 851 ipsius
1028 760 1272 851 image.
1326 756 1728 827 Celebrabat
1771 775 1838 829 et
1888 761 1960 826 in
1987 759 2266 828 Albano
2295 758 2344 799 ¹⁸
2391 764 2758 855 quotannis

651 872 1092 963 Quinquatria
1132 871 1483 951 Minervae,
1520 871 1630 937 eui
1669 868 2026 963 collegium
2057 873 2467 957 instituerat,
2501 896 2586 941 ex
2619 896 2758 968 quo

652 994 833 1049 sorte
864 980 1050 1049 ducti
1088 982 1473 1072 magisterio
1496 988 1550 1033 ¹⁹
1587 980 2066 1073 fungerentur,
2103 980 2520 1078 ederentque
2533 992 2588 1023 ²⁰
2627 986 2762 1052 exi-

650 1094 823 1159 mias
844 1094 1235 1159 venationes
1264 1107 1334 1158 et
1355 1093 1658 1159 scenicos
1683 1090 1914 1174 ludoS,
1942 1116 2281 1187 superque
2308 1110 2656 1163 oratorum
2681 1118 2760 1162 se

649 1218 1003 1295 poetarum
1026 1205 1414 1272 certamina.
1438 1206 1874 1295 Congiarium
1895 1205 2156 1298 populo
2173 1228 2610 1273 nummorum
2631 1222 2762 1274 tre-

654 1334 981 1381 cenorum
1014 1328 1120 1380 ter
1154 1310 1381 1381 dedit:
1424 1328 1630 1407 atque
1665 1316 1844 1382 inter
1879 1313 2262 1406 spectacula
2289 1316 2594 1383 muneris
2629 1313 2760 1381 lar-
2819 1358 2840 1379 .

655 1424 1009 1515 gissimum
1044 1422 1325 1518 epulum
1342 1432 1418 1491 ²¹.
1460 1424 1953 1519 Septimontiali
1995 1450 2188 1494 sacro
2205 1436 2258 1465 ²²
2299 1427 2610 1522 quidem,
2647 1430 2760 1496 Se·-

656 1536 848 1603 natui
882 1538 1246 1631 Equitique
1278 1539 1577 1629 penuriis
1598 1589 1615 1620 ,
1653 1533 1878 1629 plebei
1917 1535 2254 1629 sportellis
2289 1560 2448 1605 cum
2479 1537 2760 1607 obsonio

735 1782 817 1835 ¹7·
853 1766 929 1819 Et
946 1764 1171 1839 colleyio
1193 1765 1517 1819 fluvialium
1531 1786 1550 1827 ,-
1581 1784 1666 1818 sa-

656 1844 931 1899 cerdotnm
948 1882 966 1911 ‚
994 1863 1129 1917 qnos
1165 1848 1313 1916 genti
1344 1864 1451 1898 suae
1478 1846 1668 1901 Domi-

658 1924 834 1977 tianus
868 1920 1028 1976 simul
1063 1942 1189 1975 cum
1230 1920 1431 1994 templo
1470 1925 1671 1975 consti-

656 2014 843 2055 tuerat.
868 1999 1004 2055 Vide
1024 2001 1156 2054 Stat.
1181 2000 1303 2054 Silv.
1330 2002 1395 2068 V,
1428 2019 1473 2067 1,
1500 2000 1622 2071 239.

734 2078 816 2133 18.
838 2081 908 2131 In
930 2078 1143 2134 Albano
1156 2100 1179 2145 ,·
1206 2079 1263 2131 in
1281 2078 1495 2133 Albano
1516 2096 1670 2133 seces-

660 2178 758 2225 su,
794 2172 855 2211 nt
890 2177 1014 2229 cap.
1059 2175 1155 2228 19,
1189 2156 1315 2210 villa
1350 2155 1449 2210 sub
1488 2168 1670 2209 monte

661 2237 909 2305 Albano,
931 2237 1028 2291 ubi
1044 2238 1238 2308 degere
1259 2234 1470 2289 amabat
1490 2236 1673 2295 Domi-

660 2318 853 2371 tianus.
868 2314 1072 2388 Xiphil.
1089 2316 1279 2383 LXVI,
1298 2316 1353 2383 3,
1368 2311 1427 2367 eto
1444 2311 1674 2376 Ἀλβανὴ

660 2418 787 2466 opor,
812 2410 864 2449 et
886 2399 1103 2465 LXVII,
1130 2416 1149 2451 1
1176 2410 1231 2450 et
1256 2396 1347 2464 14,
1368 2394 1425 2448 «ὁ
1445 2382 1674 2457 Ἀλβιινὸυ

666 2476 980 2550 simpliciter
1000 2476 1265 2552 appellat.
1297 2476 1416 2530 vide
1442 2476 1675 2530 Reimsr.

665 2557 735 2610 ad
750 2558 945 2624 LXVI,
965 2558 1017 2610 3.
1036 2559 1119 2610 De
1140 2556 1552 2630 Quinquatribus
1568 2553 1678 2606 Ma·-

664 2654 861 2698 nervoe,
895 2637 1039 2692 eonf.
1068 2635 1211 2689 idem
1233 2633 1439 2706 Xiphil.
1462 2635 1676 2700 LXVII,

672 2733 727 2778 1,
708 2719 895 2808 ,qui,
936 2735 1106 2789 quum
1140 2715 1308 2768 Graeci
1348 2702 1679 2768 naras-uram

659 2811 863 2862 μηιιλιι
884 2799 1074 2867 quinto
1099 2812 1315 2869 quoque
1340 2812 1513 2860 anno,
1530 2792 1681 2864 μικραί

667 2877 955 2946 quotannis
1006 2874 1373 2940 celebrarent,
1420 2876 1675 2945 majorem

664 2955 957 3006 Domitiani
972 2951 1315 3026 splendorem
1334 2954 1495 3006 fuisse
1504 2965 1678 3005 osten·-

666 3031 775 3097 dit,
796 3049 961 3102 quum
974 3043 1257 3104 quotannis
1262 3031 1383 3103 fere
1400 3029 1570 3100 (καθ’
1547 3051 1674 3097 νιος,

666 3109 727 3168 oie
750 3110 921 3183 nior-niv)
948 3113 1207 3182 majorum
1228 3110 1677 3197 magnificentiam

667 3190 937 3246 exhiberet
950 3189 1240 3262 (peyna-⁶⁸
1217 3209 1276 3243 111
1263 3177 1472 3259 pafo)
1488 3193 1678 3263 Neque

667 3271 811 3323 enim
842 3272 901 3324 in
928 3290 993 3324 eo
1026 3271 1299 3325 dissensus
1329 3286 1410 3323 est
1438 3270 1680 3324 Suetonii

670 3365 723 3404 et
759 3351 1039 3424 Xiphilini.
1076 3354 1217 3405 Nam
1248 3371 1371 3405 vere
1397 3353 1680 3425 quotannis

666 3429 936 3484 celebrare
958 3432 1137 3502 potuit
1160 3429 1293 3484 illud
1322 3433 1518 3485 festum
1535 3469 1554 3498 ‚
1585 3431 1680 3484 sed

668 3527 779 3562 non
802 3508 993 3564 eodem
1012 3529 1221 3582 semper
1242 3525 1421 3566 sumtu
1436 3552 1449 3578 ,
1468 3525 1534 3564 ut
1557 3531 1678 3564 cum

670 3591 877 3663 myrtis
939 3592 1312 3645 Panathenaea&
1378 3593 1680 3664 comparari

668 3681 869 3742 posset.

748 3764 829 3817 ¹9·
848 3749 1172 3824 Magister-io.
1193 3750 1330 3804 Vide
1350 3765 1465 3804 not.
1488 3749 1557 3803 ad
1577 3750 1678 3803 Cs-

668 3825 763 3896 lig.
786 3845 905 3899 cap.
936 3844 1020 3880 22.

745 3923 829 3960 20.
845 3907 1189 3982 Ederentque.
1204 3910 1282 3960 Ita
1296 3905 1540 3960 dedimus
1551 3905 1680 3958 Tor-

670 3987 874 4054 tentio,
892 3987 1213 4040 casaubono
1226 4025 1243 4054 ‚
1264 3986 1477 4039 Dukero
1498 4000 1553 4038 et
1569 3988 1680 4039 Ou-

670 4065 971 4139 dendorpio
986 4067 1228 4120 obsecuti
1242 4104 1259 4132 ‚
1281 4068 1373 4137 qui
1391 4065 1459 4118 ad
1478 4067 1680 4118 formu-

668 4144 779 4198 lam
826 4143 971 4198 ludos
1014 4144 1165 4197 edere
1210 4146 1362 4218 quasi
1405 4146 1680 4217 propriam

626 4273 635 4284 ,
670 4237 980 4298 provocant.
998 4223 1154 4296 vulg.
1173 4225 1467 4292 redderent,
1486 4226 1575 4276 cui
1589 4222 1679 4276 ad-

1756 1766 1969 1822 haesisse
2005 1768 2211 1821 literam
2247 1767 2492 1821 Dukerns
2519 1780 2700 1820 censet
2731 1788 2762 1821 e

1755 1847 2084 1918 praeeedenti
2106 1848 2478 1921 fimqerentur.
2510 1846 2762 1899 Defendit

1757 1939 1934 1978 tamen
1957 1924 2214 1978 Mullems
2239 1925 2495 1997 (observ.
2521 1944 2645 1997 pag.
2671 1924 2761 1993 18)

1759 2004 2052 2072 redderent,
2068 2024 2156 2072 eo,
2175 2004 2320 2076 quod
2335 2022 2448 2056 non
2461 2004 2654 2067 semel,
2667 2001 2762 2055 sed

1761 2086 2049 2154 quotannis
2065 2084 2122 2137 hi
2141 2082 2254 2136 ludi
2277 2082 2590 2136 edebantur.
2614 2082 2764 2135 Cete-

1759 2180 1879 2214 rum
1900 2162 1968 2214 de
1985 2162 2068 2214 his
2087 2161 2462 2214 venationibus
2481 2162 2537 2213 in
2557 2158 2764 2213 Albano

1759 2240 1880 2295 vide
1909 2244 2152 2296 Juvenal.
2187 2244 2292 2296 Set.
2332 2243 2422 2307 lv,
2453 2258 2555 2311 99,
2593 2252 2646 2293 et
2671 2238 2768 2290 Xi-

1763 2320 1894 2391 phil.
1919 2322 2135 2386 LXVII,
2167 2322 2247 2389 14.

1837 2415 1922 2450 21.
1959 2398 2137 2471 Atque
2163 2401 2303 2452 inter
2332 2396 2634 2470 spectacula
2639 2433 2761 2448 .....

1763 2474 1996 2548 epulum.
2023 2478 2104 2530 Cf.
2125 2474 2327 2550 Xiphil.
2348 2476 2560 2544 LXVII,
2583 2475 2638 2542 4.

1839 2573 1902 2608 22
1911 2594 1923 2607 .
1933 2555 2326 2629 Septimontiali
2331 2573 2494 2622 sacro,
2509 2551 2767 2624 ete.ang.

1773 2636 2202 2707 -Septimontiali
2251 2653 2512 2690 sacrorum
2555 2630 2768 2706 quidem

1766 2716 1869 2768 die.
1890 2739 1914 2766 ι
1945 2716 2047 2770 Sed
2084 2735 2254 2788 quum
2287 2715 2424 2769 absit
2449 2715 2536 2767 die
2563 2731 2594 2766 a
2623 2711 2766 2766 MSS.

1767 2795 2016 2848 omnibns
2028 2831 2045 2861 ‚
2061 2813 2288 2866 quorum
2303 2796 2674 2846 auctoritatem
2685 2808 2768 2844 se-

1767 2876 1859 2943 qui
1895 2873 2160 2940 solemus,
2197 2886 2248 2925 et
2281 2872 2612 2946 glossematis
2649 2869 2769 2922 loeo

1767 2953 2006 3006 additum
2036 2953 2277 3006 videatur
2307 2951 2570 3004 vocabulo
2594 2966 2770 3017 sacro,

1765 3032 1991 3084 maxime
2004 3050 2170 3104 quum
2185 3045 2438 3102 sequatur
2451 3030 2640 3102 dieque
2651 3047 2772 3101 pro·

1765 3111 1949 3176 ximo,
1995 3109 2312 3181 ejiciendum
2353 3109 2600 3162 duximus
2651 3125 2770 3160 cnm

1767 3190 1900 3244 aliis.
1923 3193 2200 3246 Sacrorum
2229 3192 2395 3243 serius
2424 3199 2688 3242 mutatum
2709 3205 2771 3240 ex

1765 3291 1936 3336 sacro,
1962 3284 2250 3342 postquam
2271 3272 2523 3321 insertum
2542 3273 2654 3339 jsm
2672 3267 2772 3320 die.

1766 3349 2020 3402 Esmdem
2057 3346 2286 3420 glossam
2315 3347 2630 3400 confirmare
2659 3364 2772 3399 ma-

1767 3432 1881 3503 gis²
1921 3448 2081 3501 quam
2125 3430 2245 3480 loco
2283 3426 2485 3478 mederi
2525 3424 2774 3478 videntur

1768 3513 2086 3581 conjecturae
2105 3508 2358 3572 Ernestii‚
2383 3508 2564 3577 «Sept.
2589 3524 2774 3568 sacro,

1763 3590 1939 3661 primo
1965 3589 2178 3660 quidem
2199 3587 2302 3653 die,
2321 3587 2440 3639 Sen.
2463 3600 2562 3638 etc.
2583 3609 2603 3632 a
2629 3584 2776 3636 «die-

1768 3687 1872 3742 que
1908 3668 2186 3739 proximo‚
2231 3679 2332 3719 etc.
2355 3689 2378 3714 ιο
2427 3677 2482 3717 et
2522 3661 2772 3716 Oudend.

1773 3750 1956 3820 Sept.
1980 3764 2131 3800 sacro
2145 3745 2452 3818 ‚primoque
2469 3743 2613 3796 dien
2632 3742 2774 3796 Alias

1769 3826 2165 3880 emendationes
2179 3823 2298 3876 vide
2319 3822 2463 3894 apud
2485 3823 2773 3874 Burmann.

1768 3905 2050 3973 Ceterum,
2088 3904 2298 3978 quidem
2335 3905 2572 3974 positum
2599 3901 2774 3954 malim

1769 3998 1890 4072 post
1907 3987 2156 4052 Senatui,
2178 3996 2237 4035 ut
2257 3983 2512 4054 exprimat
2525 3981 2616 4034 Gr.
2630 3977 2772 4046 μὲν...

1770 4053 1852 4130 δί,
1873 4067 1928 4117 in
1947 4061 2313 4134 disjungendis
2339 4060 2586 4114 membris
2610 4061 2774 4113 Sena-

1769 4146 1850 4196 tui
1886 4144 2198 4217 Equitique,
2227 4155 2279 4192 et
2309 4141 2498 4214 plebei.
2525 4142 2608 4192 De
2635 4157 2774 4194 sacro

1768 4219 2198 4296 Septimontiali,
2245 4218 2316 4272 ob
2359 4219 2600 4273 additum
2646 4217 2774 4272 Urbi
