3050 5004
617 458 758 525 230
1365 460 1437 523 C.
1489 457 1963 525 SUE'romt

615 590 956 679 Fameque
993 584 1261 651 interim
1287 598 1356 651 et
1378 592 1420 619 ¹¹
1461 586 1570 650 siti
1611 582 2114 677 interpellante,
2144 606 2391 677 panem
2428 585 2709 681 quidem

618 692 966 762 sordidum
1011 691 1312 761 oblatum
1349 709 1749 785 aspernatus
1790 712 1926 777 est,
1965 708 2161 791 aqnae
2202 712 2431 763 autem
2462 694 2707 789 t‘epidae

615 804 1040 899 aliquanmm
1061 802 1252 871 bibit.

709 926 944 991 xle.
993 926 1190 989 Tunc
1219 920 1636 1016 unoquoque
1668 920 1827 989 hinc
1866 922 2023 990 inde
2047 926 2363 1007 instante,
2394 940 2471 991 ut
2502 946 2713 1021 quam

615 1037 914 1126 primum
941 1056 1014 1099 se
1041 1031 1587 1125 impendentibus
1611 1033 2039 1102 contumeliis
2066 1036 2374 1129 eriperet,
2400 1034 2711 1103 scrobem

617 1168 851 1211 coram
877 1138 1022 1210 fieri
1054 1144 1408 1235 imperavit
1430 1158 1447 1189 ¹
1469 1194 1485 1223 ,
1517 1141 1863 1211 dimensus
1891 1142 1977 1211 ad
2011 1150 2311 1238 corporis
2344 1148 2447 1213 sui
2468 1145 2706 1214 modu-

617 1255 762 1321 lum
787 1280 802 1321 z
827 1257 1278 1347 componique
1301 1252 1527 1335 simul,
1553 1255 1608 1319 si
1633 1276 1768 1349 qua
1790 1256 2277 1337 invenirentur,
2306 1254 2521 1324 frusta
2538 1277 2715 1322 mar-

617 1370 858 1449 moris,
893 1380 962 1433 et
1001 1390 1252 1459 aquam
1280 1364 1483 1433 simul
1509 1388 1591 1433 ac
1632 1364 1815 1458 ligna
1850 1366 2176 1450 conferri,
2217 1366 2519 1435 curando
2548 1390 2711 1434 mox

619 1474 963 1557 cadaveri,
1013 1472 1184 1542 flens
1225 1474 1312 1542 ad
1353 1473 1650 1566 singula,
1698 1492 1903 1571 atque
1944 1475 2315 1544 identidem
2358 1477 2709 1545 dictitans:

629 1616 660 1648 α
679 1588 910 1675 Qualis
941 1588 1183 1656 artifex
1209 1594 1442 1681 pereo!
1472 1596 1539 1649 ι’
1570 1594 1755 1656 Inter
1791 1610 2017 1657 moras
2050 1587 2343 1682 perlatos
2370 1614 2412 1655 a
2438 1611 2721 1679 cursore

617 1698 938 1766 Phaonn's
961 1697 1304 1766 codicillos
1327 1702 1709 1792 praeripuit,
1738 1697 2032 1795 legitque
2047 1753 2064 1783 ,
2098 1730 2127 1760 a
2145 1724 2217 1767 se
2242 1700 2505 1768 hostem
2527 1723 2568 1766 a
2598 1702 2719 1768 Se-

620 1824 786 1876 natu
801 1806 1180 1901 judicatum
1196 1860 1213 1891 ‚
1241 1824 1310 1875 et
1325 1812 1542 1903 quaeri
1558 1861 1576 1890 ‚
1603 1826 1679 1876 ut
1696 1812 2017 1902 puniatur
2036 1833 2223 1878 more
2247 1808 2651 1902 3majorum:
2676 1840 2707 1868 n

621 1920 1223 2013 interrogavitque,
1271 1918 1470 2015 quale
1512 1918 1585 1986 id
1620 1944 1833 2010 genus
1880 1937 2062 1988 esset
2094 1946 2333 2015 poenae.
2378 1926 2463 1989 Et
2497 1943 2715 2016 quum

622 2032 1093 2122 comperisset,
1115 2028 1280 2097 nudi
1303 2026 1597 2096 hominis
1617 2032 1947 2098 cervicem
1969 2034 2177 2101 inseri
2202 2032 2411 2101 furcae
2427 2086 2444 2115 ,
2466 2056 2718 2124 corpus

622 2142 827 2233 virgis
849 2140 936 2207 ad
960 2162 1196 2207 necem
1225 2138 1464 2225 caedi43
1489 2143 1897 2233 conterritus
1912 2194 1930 2225 ,
1954 2142 2129 2213 duos
2152 2146 2481 2237 pugiones
2495 2196 2514 2227 ‚
2542 2166 2723 2239 quos

623 2404 764 2445 ctum
783 2406 900 2446 orto
915 2412 980 2446 ex
989 2393 1309 2467 glossemate
1325 2394 1597 2446 instratum
1610 2428 1629 2461 ,

624 2473 770 2549 quod
803 2474 988 2548 aliquis
1021 2473 1249 2546 simplici
1280 2484 1499 2528 stratum
1530 2473 1628 2527 nd-

621 2558 934 2629 scripserat‚
965 2553 1108 2607 unde
1133 2567 1320 2626 postea
1343 2568 1628 2629 utmmque

623 2635 944 2691 vocabulum
963 2637 1016 2687 in
1037 2648 1236 2686 textum
1257 2637 1425 2703 venit,
1445 2633 1543 2687 sed
1560 2633 1627 2685 ad

626 2716 854 2788 aliquem
879 2733 1093 2766 sensum
1117 2714 1474 2766 efformatum.

706 2815 722 2848 ι
741 2815 786 2848 1.
811 2795 1028 2846 Interim
1051 2805 1116 2846 et.
1139 2793 1221 2844 Al.
1242 2805 1294 2844 et
1310 2795 1498 2846 iterum
1509 2793 1630 2860 ,vel

626 2887 678 2928 et
703 2877 846 2928 item.
876 2875 1004 2925 Mox
1027 2873 1097 2925 al.
1127 2872 1539 2944 aliquantulum.

701 2957 878 3007 XLIX.
917 2971 960 3006 1.
988 2954 1286 3006 Scrobem...
1304 2951 1432 3026 fieri
1464 2955 1631 3027 impe·-

626 3037 788 3094 mm't5
807 3035 862 3085 in
881 3050 1038 3104 quam
1055 3051 1250 3102 corpus
1265 3047 1629 3104 postmortem

625 3113 964 3178 conderetur,
979 3111 1298 3164 subductum
1309 3151 1326 3178 ‚
1341 3111 1539 3184 quibus
1552 3112 1631 3164 nf-

623 3195 712 3246 fici
725 3191 974 3244 solebant
989 3189 1336 3243 scelestorum
1354 3189 1629 3257 cadavera,

623 3269 976 3324 contumeliis.
1005 3267 1158 3320 Gonf.
1188 3268 1332 3338 Lips.
1361 3266 1428 3320 ad
1456 3269 1626 3321 Tacit.

623 3347 818 3402 Annal.
854 3351 911 3413 1,
940 3347 1040 3413 61,
1077 3357 1160 3412 et,
1202 3364 1360 3416 quem
1395 3347 1627 3401 Graevius

623 3429 984 3501 comparavit,
1016 3425 1194 3478 locum
1227 3427 1385 3492 Dion.
1417 3428 1484 3480 LI
1496 3466 1513 3493 ‚
1544 3427 1623 3494 14.

622 3508 761 3561 vide
793 3509 952 3560 etiam
975 3505 1048 3558 ad
1072 3504 1220 3558 hunc
1247 3517 1490 3558 nostrum
1521 3506 1627 3558 Ca·-

623 3587 847 3642 sanbon.

696 3685 744 3719 2.
787 3665 969 3737 Qualis
989 3664 1181 3735 artifex
1203 3670 1393 3738 pereo!
1424 3665 1623 3738 xiphifl.

586 3803 594 3810 ,
621 3765 740 3818 cap.
772 3763 839 3814 29
857 3738 950 3796 εὨ
977 3742 1088 3808 208,
1120 3737 1206 3798 οἷος
1223 3743 1442 3808 τεχνίτης
1465 3765 1627 3812 παμ-

620 3825 861 3890 πόλλυμιι
880 3828 890 3875 l
912 3825 993 3876 De
1011 3823 1444 3892 interpretatione
1465 3823 1625 3896 hujus

621 3907 750 3958 dieti
767 3900 1039 3976 quomodo
1055 3900 1246 3971 aliquis
1261 3903 1492 3954 incertus
1507 3921 1625 3956 esse

617 3985 848 4054 potuerit
881 3994 1006 4054 post
1030 3999 1088 4032 ea
1103 4019 1120 4047 ‚
1155 3998 1276 4051 quoe
1301 3979 1366 4034 de
1389 3983 1625 4036 vanitate

617 4059 846 4114 Neronis
869 4073 1077 4112 narrata
1105 4072 1230 4111 sunt
1259 4078 1378 4130 cap.
1413 4077 1480 4112 20
1507 4079 1621 4133 seq.

620 4153 671 4194 et
695 4140 930 4212 proxime
951 4157 1000 4190 c.
1024 4140 1086 4206 4}
1104 4177 1121 4204 ,
1147 4139 1394 4211 equidem
1423 4160 1533 4193 non
1552 4145 1624 4196 vi·

1716 2394 1835 2449 deo.
1846 2399 2047 2449 Tamen
2056 2374 2303 2449 nonnulli
2314 2416 2535 2469 prorsus
2543 2397 2725 2450 aliena

1715 2492 2126 2549 proposuerunt.

1786 2573 1837 2625 3.
1884 2573 1957 2625 Ut
1983 2576 2239 2646 puniatur
2269 2589 2413 2629 more
2442 2577 2719 2645 maiorum.

1716 2653 1847 2705 Vide
1864 2656 2033 2705 Tacit.
2060 2654 2249 2706 Annal.
2275 2657 2350 2722 11,
2377 2655 2474 2721 32,
2498 2667 2551 2706 et
2573 2655 2723 2718 XVI,

1728 2750 1744 2784 t
1764 2751 1805 2786 ι.
1832 2733 1914 2785 De
1929 2735 2050 2804 jure
2074 2735 2324 2800 Senatus,
2348 2753 2581 2786 summos
2606 2753 2725 2786 ma-

1716 2813 1964 2880 gistratus
1990 2813 2065 2863 ita
2088 2811 2370 2882 puniendi,
2396 2813 2538 2864 conf.
2562 2815 2727 2883 etiaug

1720 2903 1837 2964 quat·
1859 2891 2073 2962 subjicit
2096 2889 2327 2943 Gihbon.
2353 2894 2483 2944 nist.
2510 2911 2626 2962 cap.
2658 2894 2691 2960 4
2707 2931 2726 2960 ,

1718 2971 1811 3024 ubi
1828 2971 1899 3024 de
1918 2971 2204 3026 Commodi
2226 2988 2397 3026 morte
2420 2977 2541 3045 egit.

1788 3067 1840 3134 4.
1879 3067 2028 3120 Nudi
2064 3067 2345 3121 hominis...
2374 3087 2614 3140 corpus...
2652 3071 2731 3120 ad

1718 3163 1895 3196 necem
1917 3147 2062 3198 caedi.
2082 3148 2304 3218 Eun-op.
2323 3147 2445 3211 vn,
2464 3163 2527 3216 9:
2558 3169 2581 3194 ιι
2602 3165 2725 3220 quae

1714 3239 1875 3292 poena
1898 3238 2011 3277 erat
2034 3223 2183 3291 talis,
2214 3237 2273 3276 ut
2298 3223 2471 3275 nudus
2496 3242 2593 3296 per
2614 3243 2724 3294 pu-

1716 3302 1917 3355 blicum
1954 3302 2146 3355 ductus
2166 3341 2185 3372 0,
2220 3305 2370 3356 furca
2404 3305 2569 3375 capiti
2604 3306 2723 3375 ejus

1716 3383 1943 3450 inserta,
1982 3385 2137 3453 virgis
2174 3402 2346 3454 usque
2390 3382 2461 3435 ad
2494 3397 2725 3434 mortem

1716 3461 2023 3528 caederetur,
2044 3475 2203 3534 atque
2216 3464 2289 3514 ita
2308 3464 2730 3535 praecipitaretur

1716 3543 1784 3596 de
1808 3561 1951 3597 saxo.
1978 3568 2001 3592 ιι
2028 3545 2109 3597 cf.
2136 3543 2320 3598 Claud.
2348 3545 2445 3613 34,
2472 3557 2525 3596 et
2543 3545 2725 3597 Domi·

1714 3625 1841 3676 tian.
1878 3641 1958 3676 ιι.
1986 3623 2184 3675 Totum
2222 3623 2365 3676 hune
2404 3624 2579 3676 locum
2617 3625 2723 3675 Ln—

1713 3705 1888 3756 Gonvfi
1914 3701 2139 3755 fideliter
2170 3705 2456 3774 expressit,
2484 3691 2722 3774 Epicha-

1714 3783 1811 3848 ris,
1835 3793 1933 3834 etc.
1964 3795 2064 3834 act.
2086 3779 2153 3848 V,
2177 3799 2249 3834 sc.
2278 3781 2311 3834 5
2330 3803 2343 3832 ε

2129 3891 2297 3933 Pnon.

1712 3975 1930 4016 Peneum
1951 3983 2018 4016 oet
2038 3973 2141 4017 ecrit
2160 3975 2283 4031 qu'on
2306 3974 2421 4016 vient
2440 3971 2495 4016 de
2516 3972 2719 4030 m'appor-

1848 4044 1909 4075 ω,
1926 4051 1935 4060 .

1712 4097 1827 4140 Vout
1838 4067 2021 4202 xpi-end
2026 4111 2088 4141 re:
2106 4097 2166 4142 les
2178 4113 2304 4156 eoi-ps
2322 4097 2421 4158 qu'il
2434 4113 2535 4144 vous
2550 4099 2637 4142 faut
2657 4113 2723 4142 re-

1898 4169 2001 4203 uter.
