3050 5004
1040 464 1689 533 DOMITIANUS.
2279 473 2402 551 4η

308 617 517 690 quam
540 593 1007 686 superstitiose
1032 591 1331 674 colebat,
1358 589 2079 684 somniavitexcedere‘
2087 599 2380 666 sacrario
2394 650 2413 681 ,

306 705 670 796 negantem
685 754 703 786 ,
727 701 910 770 ultra
932 725 1005 770 se
1024 705 1203 770 tueri
1226 725 1387 770 eum
1404 725 1608 795 posse
1621 755 1638 785 ,
1665 701 1850 797 quod
1873 722 2214 773 exarmata
2235 723 2417 776 esset

306 839 350 880 a
374 819 565 883 Jove.
602 812 805 882 Nulla
830 829 1061 881 tamen
1086 835 1163 880 re
1190 812 1475 904 perinde
1502 827 1882 881 commotus
1910 829 2044 898 est,
2079 839 2285 911 quam
2311 840 2416 884 re-

308 949 563 1020 sponso
590 949 891 1021 casuque
924 922 1399 992 Ascletarionis
1432 922 1889 992 mathematici
1907 923 1955 992 ⁸.
1994 931 2194 994 Hunc
2228 927 2412 996 dela-

304 1055 455 1108 tum
471 1090 489 1121 ,
512 1063 643 1106 nec
664 1037 779 1105 infi
790 1039 1066 1106 tiantem
1080 1033 1373 1129 jactasse
1397 1059 1469 1103 se
1484 1089 1503 1119 ,
1531 1059 1684 1130 quae
1705 1034 2113 1129 providisset
2133 1061 2218 1106 ex
2233 1053 2412 1128 arte,

308 1151 681 1218 sciscitatus
720 1163 855 1230 est,
889 1149 1041 1242 quis
1076 1148 1301 1239 ipsum
1336 1161 1643 1214 maneret
1677 1148 1931 1212 exitus:
1971 1162 2039 1214 et
2069 1145 2412 1216 affirman-

306 1275 447 1326 tem
462 1310 479 1340 ,
509 1287 537 1318 α
560 1257 736 1342 fore,
760 1272 842 1324 ut
856 1255 1043 1324 brevi
1062 1255 1477 1324 laceraretur
1502 1279 1546 1321 a
1563 1253 1844 1322 canibus
1859 1307 1877 1337 ‚
1901 1285 1930 1316 n
1961 1255 2246 1324 interfici
2270 1261 2416 1352 qui·

308 1367 467 1437 dem
494 1371 641 1436 sine
674 1390 867 1436 mora
881 1420 899 1452 ‚
934 1366 1053 1436 sed
1084 1366 1174 1435 ad
1210 1364 1712 1459 coarguendam
1736 1368 2186 1436 temeritatem
2210 1371 2413 1452 artis,

305 1479 575 1572 sepeliri
616 1502 888 1575 quoque
910 1481 1411 1546 accuratissime
1437 1479 1818 1570 imperavit.
1841 1477 2042 1562 Quod
2064 1501 2278 1572 quum
2299 1478 2418 1546 fie-

306 1606 443 1673 ret,
475 1593 731 1673 evenit,
760 1607 869 1672 ut,
898 1592 1253 1684 repentina
1278 1603 1682 1681 tempestate
1709 1583 1974 1681 dejecto
1999 1587 2274 1670 funere,
2309 1611 2414 1656 se-

306 1703 635 1770 miustum
672 1699 961 1768 cadaver
998 1699 1461 1793 discerperent
1500 1723 1704 1767 canes
1717 1750 1738 1782 ,
1776 1697 1984 1794 idque
2025 1701 2086 1765 ei
2121 1702 2414 1766 coenanti

304 1837 349 1879 a
382 1815 601 1881 mimo
642 1816 881 1880 Latino
894 1823 947 1896 ⁹,
992 1814 1113 1908 qui
1157 1813 1548 1904 praeteriens
1588 1812 1762 1879 forte
1805 1809 2378 1880 animadverterat
2393 1863 2412 1894 ‚

305 1924 483 1990 inter
505 1940 761 1991 ceteras
784 1923 921 1992 diei
940 1921 1205 1992 fabulas
1230 1923 1619 1992 referretur.

398 2038 553 2102 XVI
560 2087 575 2102 .
626 2032 846 2102 Pridie
874 2059 1083 2130 quam
1108 2036 1365 2127 periret
1382 2085 1400 2116 ,
1434 2056 1650 2128 quum
1675 2031 1941 2100 oblatos
1969 2029 2242 2100 tuberes
2271 2053 2414 2098 ser-

304 2148 455 2212 vari
479 2143 796 2238 jussisset
819 2148 891 2214 in
924 2149 1325 2227 crastinum,
1360 2141 1638 2238 adjecit,
1681 2175 1710 2206 κ
1735 2146 1790 2212 si
1827 2140 2032 2212 modo
2067 2145 2170 2210 uti
2205 2141 2415 2211 licue-

304 2258 435 2324 rit:
459 2289 485 2318 ιι
528 2273 597 2324 et
622 2281 989 2326 conversus
1022 2255 1107 2324 ad
1137 2258 1483 2349 proximos
1508 2253 1905 2337 affirmavit,
1943 2285 1972 2314 a
1997 2253 2174 2336 fore,
2203 2269 2282 2320 ut
2308 2277 2414 2322 se-

306 2369 543 2460 quenti
582 2365 691 2434 die
738 2371 933 2435 Luna
980 2390 1053 2434 se
1102 2369 1173 2434 in
1218 2367 1515 2460 Aquario
1561 2379 1981 2446 cruentaret,
2023 2363 2414 2456 factumque

302 2478 582 2575 aliquod
613 2481 993 2563 exsisteret,
1024 2478 1112 2547 de
1138 2500 1276 2574 quo
1309 2477 1754 2573 loquerentur
1783 2475 2091 2543 homines
2123 2498 2247 2567 per
2280 2489 2415 2543 ter-

304 2616 537 2658 rarum
563 2590 815 2659 orbem.
840 2622 867 2652 n
903 2588 1003 2657 Ad
1033 2588 1327 2681 mediam
1353 2604 1626 2657 noctem
1654 2590 1747 2655 ita
1775 2601 1880 2654 est
1912 2588 2267 2653 exterritus
2286 2637 2303 2667 ,
2337 2600 2415 2651 ut

305 2725 392 2769 ex
418 2718 627 2771 strato
650 2702 1011 2797 prosiliret.
1038 2699 1297 2769 Dehinc
1320 2724 1520 2767 mane
1544 2696 1975 2791 haruspicem
1991 2750 2008 2779 ‚
2036 2720 2118 2763 ex
2145 2698 2418 2762 Germa-

304 2816 419 2881 nia
436 2816 721 2882 missum
740 2824 787 2897 ¹,
812 2816 931 2909 qui
952 2812 1305 2891 consultus
1323 2809 1409 2879 de
1432 2811 1702 2902 fulgure
1721 2810 2168 2877 mutationem
2182 2830 2418 2875 rerum

302 2922 711 3015 praedixerat
728 2977 745 3007 ,
765 2922 979 2991 audiit
999 2921 1629 3017 condemnavitque.
1658 2924 1754 2988 Ac
1775 2918 1942 2987 dum
1962 2917 2416 2987 exulceratam

303 3038 379 3103 in
406 3035 629 3105 fronte
661 3060 1013 3105 verrucam
1042 3036 1515 3105 vehementius
1545 3031 1822 3126 scalpit,
1851 3030 2233 3126 profluente
2261 3054 2416 3098 san-

378 3222 430 3275 8.
466 3222 782 3293 Responsa..
806 3221 1175 3277 Ascletarionis
1196 3242 1313 3275 ma-

304 3300 593 3354 thematici.
616 3300 697 3354 cf.
722 3302 925 3374 xiphil.
945 3322 1065 3374 cap.
1094 3302 1183 3355 cit.
1210 3302 1313 3353 Pro

302 3381 499 3453 dejecto
506 3381 732 3453 sumen,
750 3382 1103 3454 Oudendorp.
1128 3380 1316 3434 suadet

1404 3222 1534 3273 sisse
1561 3219 1792 3277 cadaver
1822 3222 1878 3271 in
1911 3236 2078 3289 rogo,
2115 3215 2332 3282 dicunt,
2361 3214 2414 3268 id

1407 3296 1554 3350 haud
1583 3300 1714 3351 satis
1747 3315 1907 3369 grave
1936 3296 2176 3349 existimo
2207 3294 2278 3347 ad
2303 3307 2416 3347 tex·

1403 3392 1515 3433 tum
1541 3382 1657 3433 aine
1673 3378 1825 3431 libris
1847 3375 2252 3430 immutandum.

302 3459 511 3531 diq'ecto
522 3484 541 3523 ,·
574 3461 733 3514 malle
764 3474 941 3514 tamen
973 3480 1031 3513 se
1064 3457 1315 3531 amplecti

300 3535 501 3591 fatetur
518 3540 747 3594 Ernestii
770 3542 1104 3611 conjecturas
1128 3538 1315 3591 dereli-

302 3628 388 3670 cto
411 3618 493 3671 vel
513 3622 697 3691 potius
714 3620 910 3674 deserto
922 3657 940 3685 ,
966 3618 1113 3693 quod
1129 3636 1313 3671 verum

302 3711 503 3751 censet.
518 3700 713 3751 Verum
726 3734 741 3759 ,
764 3698 1109 3771 quumfunus
1126 3699 1315 3767 soepius

302 3774 515 3830 dicatur
529 3776 597 3829 de
610 3775 869 3830 cadavere
889 3777 1041 3829 simul
1058 3794 1179 3829 cum
1194 3789 1310 3828 toto

302 3871 569 3931 apparatu
595 3857 839 3919 funebri,
868 3856 976 3909 hoc
1006 3858 1165 3909 etiam
1188 3856 1313 3909 loco

301 3955 495 4009 rogum
511 3936 669 3990 simul
682 3956 805 3990 cum
826 3935 1109 4001 cadavere,
1130 3949 1183 3987 et
1198 3954 1315 4007 quae

300 4016 513 4088 reliqua
533 4014 599 4068 ad
622 4014 991 4069 instruendum
1014 4016 1180 4067 funus
1201 4033 1315 4085 per·

301 4094 547 4150 tinebant
560 4132 579 4161 ‚
620 4092 859 4167 intelligo
874 4132 895 4161 ‚
934 4104 989 4146 et
1028 4095 1312 4165 acquiesco

302 4179 360 4229 in
383 4174 615 4247 vulgata.
634 4173 800 4242 Quod
818 4176 959 4229 enim
976 4173 1149 4227 Greci
1168 4190 1316 4227 man-

1472 3476 1527 3531 9.
1567 3460 1619 3511 A
1643 3460 1808 3512 mimo
1835 3459 2043 3512 Latino.
2073 3458 2171 3509 Hic
2199 3456 2417 3511 Latinus

1402 3540 1624 3609 (nomen
1643 3541 1784 3591 enim
1805 3552 1885 3591 est
1903 3538 2070 3609 mimi)
2091 3550 2416 3591 memoratur

1403 3618 1653 3671 Juvenal.
1681 3618 1790 3671 Sat.
1820 3620 1876 3684 1,
1903 3617 1974 3669 36
2009 3616 2108 3687 (cf.
2135 3616 2314 3671 Schol.
2343 3615 2415 3669 ad

1403 3698 1511 3752 Sat.
1537 3699 1626 3765 lv,
1651 3698 1772 3770 53),
1797 3696 2030 3751 Martial.
2055 3698 2236 3769 Epigr.
2259 3698 2316 3761 l,
2346 3694 2414 3762 5,

1406 3792 1459 3831 et
1476 3779 1580 3845 IX,
1610 3795 1708 3848 29,
1731 3776 1825 3829 ubi
1845 3778 1965 3849 ejus
1983 3773 2316 3847 epitaphium
2333 3774 2413 3827 le·

1439 3872 1566 3910 ntur.

1403 3876 1437 3929 g
1472 3936 1612 3989 xv1.
1657 3952 1702 3986 1.
1741 3936 2023 3987 Dehine...
2054 3931 2408 4005 hanoepicem,

1401 4036 1466 4068 ex
1492 4006 1784 4069 Germania
1811 4017 2023 4067 misaam
2041 4052 2060 4079 ,
2093 4026 2193 4065 etc.
2226 4013 2412 4083 Largi·-

1402 4114 1532 4147 num
1558 4091 1848 4147 Proculam
1883 4092 2016 4145 dicit
2049 4090 2252 4165 Xiphil.
2288 4108 2424 4163 cap.x

1402 4176 1495 4226 cit.
1520 4173 1616 4225 nbi
1637 4172 1774 4227 vide.
