3050 5004
1024 451 1664 522 DOMITIANUS.

2263 467 2392 536 385

297 571 393 639 liti
431 571 782 654 offerret⁸‚
825 599 1177 670 nunquam
1212 575 1469 670 jactare
1504 580 1864 667 dubitavit,
1895 617 1944 648 -α
1971 589 2281 663 relictum
2329 621 2401 666 te

293 685 693 776 participem
712 685 975 777 imperii
985 696 1035 769 9,
1054 686 1172 755 sed
1192 687 1501 758 fraudem
1521 687 1925 765 testamento
1939 698 2334 772 adhibitam.
2362 739 2392 769 υ

295 796 529 887 Neque
561 796 849 861 cessavit
880 819 963 862 ex
996 819 1075 863 eo
1105 797 1382 865 insidias
1419 817 1682 870 struere
1715 803 1903 874 fratri
1939 808 2115 878 clam
2143 813 2398 904 palam·

293 926 466 996 que:
500 903 727 998 quoad
750 923 1137 998 correptum
1161 913 1347 1000 gravi
1370 911 1756 984 valetudine
1772 969 1788 1000 ,
1814 921 2004 1011 prius
2031 947 2236 1017 quam
2254 927 2402 1019 pla·-

291 1037 381 1081 ne
422 1011 683 1082 efflaret
715 1017 1042 1100 animam,
1084 1042 1213 1110 pro
1249 1039 1521 1092 mortuo
1558 1024 1778 1094 deseri
1808 1026 2116 1122 jussum:
2162 1035 2398 1107 defun-

292 1140 614 1219 ctumque
650 1122 839 1192 nullo
880 1143 1335 1223 praeterquam
1374 1138 1898 1207 consecrationis
1941 1139 2198 1213 honore
2219 1157 2262 1184 ¹²
2305 1147 2400 1216 di-

290 1252 558 1327 ὅπως,
577 1259 756 1330 saepe
773 1241 973 1305 etiam
991 1243 1243 1334 carpsit
1254 1241 1545 1339 obliquis
1561 1249 1974 1320 orationibus
1988 1273 2058 1322 et
2075 1271 2090 1302 ¹
2101 1271 2126 1303 2
2137 1256 2394 1329 edictis.

384 1350 507 1414 111.
554 1351 740 1415 Inter
761 1351 951 1416 initia
971 1352 1390 1446 principatus
1404 1405 1423 1440 ,
1451 1357 1750 1451 quotidie
1773 1381 2110 1432 secretum
2133 1367 2259 1435 sibi
2281 1368 2400 1438 ho-

288 1471 555 1524 rarum¹
602 1475 871 1528 sumere
912 1459 1207 1546 solebat,
1253 1488 1381 1533 nec
1412 1469 1780 1564 quicquam
1819 1471 2146 1565 ampliuS,
2189 1500 2397 1571 quam

359 1687 413 1739 8.
463 1687 710 1760 Offerret.
752 1689 832 1741 Ita
870 1689 1129 1744 edidimus
1170 1711 1295 1745 cum

284 1765 539 1820 Oudend.
566 1781 619 1820 et
640 1769 843 1822 Ernest.
867 1765 896 1823 e
914 1771 1057 1825 MSS.
1085 1792 1185 1846 pro
1209 1776 1295 1826 do-

284 1858 453 1899 naret.
1272 1879 1300 1918 ·.

354 1945 412 1997 9.
466 1927 787 2004 Participem
850 1930 1071 2003 imperii.
1132 1931 1287 2004 vulg.

277 2006 577 2077 principem
618 2005 861 2079 imperii,
911 2009 1057 2081 quod
1101 2019 1291 2082 parum

278 2083 509 2138 feliciter
526 2083 767 2138 defendit
784 2089 994 2142 Ernest.
1020 2091 1075 2141 in
1093 2091 1291 2143 Excur-

279 2183 362 2216 su.
382 2165 701 2237 Partict'pem
714 2202 733 2231 ‚
754 2167 901 2238 quod
918 2169 1289 2241 reponendum

278 2257 567 2295 censuerat
586 2244 821 2296 Turneb.
850 2245 1073 2318 Advers.
1099 2253 1163 2315 V,
1196 2267 1285 2315 10,

276 2320 431 2374 libris
459 2321 819 2375 confirmatur.
844 2325 1093 2399 Princeps
1118 2326 1287 2398 impe-

275 2403 344 2454 rii
376 2419 552 2474 neque
585 2403 771 2454 Latine
802 2402 1014 2471 dicitur,
1042 2405 1139 2458 sed
1164 2409 1290 2458 sim-

272 2480 489 2553 pliciter
523 2482 773 2554 Princeps
801 2481 900 2554 (de
934 2504 1042 2557 quo
1070 2487 1287 2540 nomine

276 2562 399 2615 vide
427 2564 570 2635 Lips.
596 2562 663 2615 ad
692 2564 865 2618 Tacit.
899 2564 1092 2619 Annal.
1122 2570 1177 2634 1,
1209 2568 1287 2641 ι),

270 2656 456 2717 neque
486 2644 727 2697 relictum
752 2664 809 2697 se
842 2648 1164 2719 Principem,
1196 2652 1285 2721 ja·-

272 2736 422 2777 ctare
462 2737 672 2795 poterat
706 2726 1077 2793 Domitianus,
1117 2746 1281 2799 quum

270 2820 637 2856 successorem
683 2804 863 2856 Titum
914 2804 1234 2859 destinatum
1265 2847 1283 2876 ‚

270 2900 462 2934 omnes
485 2884 708 2946 scirent,
736 2894 789 2935 et
813 2902 877 2937 ex
902 2886 1031 2956 ipsis
1060 2884 1283 2939 honori-⁶

266 2959 373 3014 bus
406 2976 719 3035 appareret,
754 2981 892 3036 quos
922 2966 1281 3037 Vespasianus

264 3042 323 3094 in
366 3058 495 3093 eum
532 3056 886 3113 congesserat.
934 3042 1039 3096 Sed
1074 3064 1281 3099 consor-

266 3117 407 3169 tium
432 3118 663 3191 imperii,
688 3119 835 3191 quod
854 3116 1156 3193 benignitas
1175 3126 1281 3178 Titi

262 3200 315 3250 ei
340 3197 532 3249 tribuit
560 3198 707 3269 (vide
731 3202 833 3251 Tit.
860 3202 953 3271 9),
973 3206 1095 3273 jure
1118 3216 1171 3255 et
1195 3217 1276 3257 te-

261 3288 535 3329 stamento
570 3276 671 3330 sibi
708 3279 1007 3349 arrogabat.
1047 3284 1130 3335 cf.
1164 3284 1279 3337 Ou-

260 3352 530 3426 dendorp.
560 3355 631 3407 ad
655 3356 759 3409 loc.
790 3371 930 3410 nost.
1261 3426 1276 3437 .

340 3444 427 3486 ισ.
467 3436 573 3487 Pro
606 3446 813 3489 mortuo
844 3436 1005 3490 deseri
1015 3440 1190 3510 jussit.
1220 3442 1274 3495 si

259 3514 463 3569 Graecis
497 3516 805 3569 auctoribus
842 3518 1005 3585 fides,
1042 3522 1273 3591 spirante

258 3594 444 3647 adhuc
476 3596 623 3661 Tito,
662 3598 886 3649 Romam
918 3598 1156 3653 celeriter
1184 3620 1275 3653 ve-

258 3677 341 3726 nit
361 3676 719 3743 Domitianus,
736 3690 787 3728 et
803 3678 977 3729 statim
992 3692 1163 3732 castra
1176 3680 1275 3733 Im-

256 3755 635 3825 peratorisque
671 3772 863 3806 nomen
899 3770 952 3809 et
980 3761 1271 3828 potentiam

256 3834 569 3905 occupavit.
619 3826 881 3885 Nonnulli
940 3834 1269 3891 deficientem

254 3912 444 3965 Titum
463 3912 519 3963 in
540 3930 717 3964 arcam
731 3914 863 3965 nivis
883 3913 1095 3985 plenam
1116 3934 1144 3969 a
1164 3917 1273 3969 fra-

256 4003 339 4045 tre
368 3991 675 4062 conjectum
704 3994 1059 4064 scripserunt,
1092 4009 1152 4049 ut
1182 3999 1271 4049 cui

254 4071 431 4142 frigus
467 4070 613 4123 hono
650 4072 815 4138 foret,
854 4072 1035 4145 ibique
1070 4078 1269 4129 exstin-

252 4162 428 4203 ctum.
455 4151 539 4204 cf.
565 4151 668 4202 Tit.
703 4168 783 4205 ιο.

454 4242 548 4308 II.

1463 1715 1481 1748 1
1499 1715 1516 1749 ι
1532 1737 1544 1750 .
1578 1700 1984 1756 consecrationis
2002 1703 2212 1758 honore.
2235 1707 2393 1763 Conf.

1381 1776 1586 1848 xiphss.
1613 1779 1826 1844 LXVII,
1867 1798 1916 1832 2.
1953 1782 2101 1835 Inter
2123 1785 2286 1839 Divos
2313 1807 2396 1840 re-

1382 1853 1550 1908 latum
1561 1859 1761 1925 Titum,
1777 1858 1886 1912 hoc
1902 1873 2004 1928 est,
2021 1877 2392 1935 consecratum,

1379 1949 1566 1988 narrat
1598 1941 1754 1989 etiam
1789 1938 2011 2013 Eutrop.
2034 1942 2156 2010 Vn,
2195 1945 2278 2012 14.
2308 1949 2389 2000 cf.

1380 2013 1511 2066 Plin.
1539 2017 1794 2092 panegyr.
1820 2037 1940 2090 cap.
1969 2035 1986 2070 ¹
2007 2037 2049 2071 ι.

1459 2111 1541 2147 12.
1567 2096 1718 2168 Saepe
1739 2099 1900 2150 etium
1927 2101 2172 2170 carpsit...
2198 2101 2390 2159 edictis.

1377 2171 1626 2228 Pluribus
1651 2175 1905 2248 exemplis
1932 2177 2163 2232 illustrat
2186 2181 2388 2255 Xiphil.

1377 2249 1483 2303 loc.
1511 2254 1603 2304 cit.
2031 2253 2035 2257 ’

1448 2331 1536 2382 111.
1583 2347 1627 2381 1.
1675 2331 1938 2384 See-retum
1975 2335 2073 2386 sibi
2111 2337 2390 2410 horarum,

1380 2420 1480 2461 etc.
1509 2411 1826 2482 Non‘magis
1854 2411 1908 2464 h.
1936 2413 1973 2464 l.
2000 2413 2388 2472 admittendum

1374 2501 1511 2561 puto
1548 2489 1846 2558 horarium,
1888 2512 2048 2565 quam
2083 2497 2287 2550 Neron.
2317 2500 2386 2572 37

1378 2570 1608 2639 spatium
1645 2569 1942 2638 horarium,
1983 2592 2085 2643 pro
2117 2574 2384 2631 horarum.

1374 2648 1640 2701 Horarum
1665 2662 1744 2701 est
1771 2652 2033 2721 genitivus
2059 2657 2214 2724 quasi
2237 2657 2386 2711 Grae-

1373 2745 1470 2779 cus
1502 2730 1616 2780 sine
1651 2728 1905 2796 articulo,
1941 2732 2243 2801 significans
2285 2737 2388 2789 ala·-

1372 2819 1502 2878 quot
1521 2808 1786 2859 horarum.
1808 2809 1890 2861 lta
1909 2829 2085 2883 neque
2104 2812 2385 2885 audiendi,

1372 2889 1464 2958 qui
1502 2886 1610 2939 hoc
1651 2902 1703 2939 et
1745 2890 1974 2942 Neronis
2011 2891 2134 2945 loco
2172 2900 2383 2950 numeri

1370 2978 1556 3017 notam
1593 2966 1849 3021 excidisse
1885 2985 2094 3041 putant.
2130 2976 2380 3029 Ceterum

1370 3042 1666 3096 abutuntur
1691 3046 1848 3097 etiam
1877 3049 2126 3102 nonnulli
2159 3052 2227 3104 ad
2259 3073 2383 3106 cor-

1368 3122 1650 3192 rigendum
1687 3124 1998 3178 Suetonium
2037 3127 2160 3181 loco
2197 3132 2380 3201 Plinii,

1368 3201 1624 3273 panegyr.
1676 3220 1796 3273 cap.
1846 3203 1916 3269 48
1936 3243 1952 3272 ‚
2011 3228 2033 3252 ιι
2055 3209 2180 3260 Non
2231 3210 2379 3265 adire

1368 3281 1685 3351 quisquam,
1720 3300 1834 3335 non
1873 3282 2079 3355 alloqui
2114 3287 2377 3358 audebat,

1367 3359 1610 3412 tenebras
1643 3380 1848 3434 semper
1879 3378 2247 3438 secretumque
2285 3389 2382 3423 cn·

1362 3452 1634 3509 ptautem,
1657 3458 1756 3491 nec
1780 3457 2020 3512 unquam
2043 3464 2105 3496 ex
2129 3446 2377 3499 solitudi-

1362 3534 1431 3569 ne
1462 3535 1560 3569 sua
1593 3517 1979 3591 prodeuntem,
2017 3524 2120 3575 nisi
2147 3537 2206 3576 ut
2241 3527 2375 3579 soli-

1363 3585 1606 3648 tiidinem
1629 3598 1846 3649 faceret.
1871 3621 1894 3644 ι
1927 3600 2228 3673 Descriptio
2251 3623 2376 3657 ora-

1363 3676 1493 3727 toris
1512 3693 1624 3726 non
1649 3676 2011 3747 comparanda
2035 3698 2158 3732 cum
2187 3702 2370 3737 narra-

1360 3754 1506 3806 tione
1537 3750 1807 3821 historici,
1845 3758 1940 3827 qui
1967 3776 2162 3811 saevum
2190 3760 2370 3815 homi-

1358 3852 1481 3886 nem
1497 3852 1710 3888 secessu
1729 3836 2038 3908 minutaque
2057 3840 2369 3898 crudelitate

1359 3911 1423 3964 ad
1446 3916 1647 3985 majora
1673 3914 1910 3967 facinora
1937 3918 2368 3990 progredientem

1359 4006 1413 4045 et
1433 3994 1585 4066 quasi
1611 4010 1669 4046 se
1688 4009 1968 4065 parantem
1993 3998 2243 4053 ostendit.
2263 4007 2370 4057 Pro

1356 4070 1507 4124 Inter
1541 4072 1726 4139 initia,
1772 4072 1838 4126 al.
1879 4074 2006 4127 vitia
2044 4094 2189 4129 mero
2233 4081 2368 4135 vitio

1361 4149 1626 4202 exhibent.

2001 4258 2082 4323 25
