3050 5004
609 484 696 563 84
1357 480 1430 543 c.
1481 478 1947 547 snm-omn

605 640 901 693 scentem
940 644 1066 715 ego
1102 646 1264 690 vero
1283 674 1299 705 ,
1337 620 1503 691 dum
1544 640 1615 691 tu
1650 624 1902 708 abet-ie,
1939 628 2239 721 quotidie
2274 630 2571 699 invitabo
2610 631 2698 699 ad

602 760 892 819 coenam,
921 758 1008 801 ne
1043 732 1228 801 solus
1261 746 1480 801 coenet
1501 757 1660 801 cum
1684 758 1807 803 suo
1835 735 2129 829 Sulpicio
2152 755 2221 807 et
2241 738 2694 808 Athenodoro.

599 849 734 934 Qui
767 844 1014 915 vellem
1035 897 1051 927 ‚
1089 841 1475 936 diligentius
1512 859 1583 911 et
1618 847 1844 913 minus
1885 864 2137 942 μπώρως
2172 847 2533 941 deligeret⁸
2546 845 2555 855 ⁸
2570 850 2699 919 sibi

597 958 892 1053 aliquem
907 1008 924 1039 ‚
954 952 1060 1047 cuj
1071 979 1149 1021 us
1172 971 1464 1037 motum,
1491 969 1561 1021 et
1582 953 1889 1024 habitum
1903 1009 1922 1039 ‚
1956 976 2025 1025 et
2046 960 2385 1028 incessum
2408 963 2695 1031 imitare·

596 1086 731 1153 tur,
755 1065 1094 1149 misellusr,

1077 1177 1287 1255 ’Δτυχεῖ
1308 1180 1443 1236 πάνυ
1470 1181 1522 1235 ἐν
1546 1184 1655 1243 τοῖς
1682 1178 1981 1245 σπουδαίοις
2004 1183 2137 1237 λίαν·

591 1284 709 1364 ubi
731 1306 870 1353 non
897 1282 1230 1351 aberravit
1251 1278 1399 1373 ejus
1422 1284 1690 1349 animus
1706 1334 1723 1364 ,
1750 1285 1909 1350 satis
1932 1302 2213 1378 apparet
2236 1302 2267 1361 ἦ
2292 1311 2383 1367 τῆς
2408 1303 2585 1381 ψυχῆς
2606 1308 2695 1361 αὖ.

589 1418 682 1469 τοῦ
704 1412 944 1487 εὐγίνιια.
961 1431 990 1463 ι»
1017 1398 1186 1460 Item
1209 1394 1422 1459 tertiis
1445 1391 1691 1459 literis:
1730 1423 1757 1452 a
1778 1393 2127 1463 Tiberium
2152 1412 2469 1490 nepotem
2495 1416 2689 1467 tuum

589 1508 856 1601 placere
887 1504 1088 1572 mihi⁹
1119 1501 1609 1570 declamantem
1641 1506 1943 1594 potuisse
1958 1557 1977 1587 ,
2011 1528 2287 1597 peream
2300 1562 2317 1589 ‚
2346 1512 2505 1591 nisi,
2540 1534 2691 1579 mea

587 1620 804 1700 Livia,
839 1613 1156 1683 admiror.
1184 1616 1354 1679 Nam
1388 1616 1505 1707 qui
1538 1628 1675 1679 tam
1703 1631 1971 1705 ἀσαφῶς-ο
2008 1614 2349 1710 loquatur,
2385 1620 2503 1713 qui
2539 1644 2691 1711 pos-

589 1732 704 1811 sit,
733 1750 946 1822 quum
969 1722 1334 1807 declamat,
1362 1742 1531 1813 σαφῶς
1551 1721 1776 1791 dicere
1792 1776 1809 1804 ‚
1836 1748 1991 1820 quae
2015 1721 2300 1794 dicenda
2326 1744 2517 1811 suut,
2548 1753 2689 1797 non

585 1837 801 1906 video.
829 1866 855 1896 ι
893 1839 1033 1901 Nec
1055 1831 1340 1901 dubium
1365 1849 1496 1914 est,
1528 1831 1691 1926 quid
1724 1851 1881 1926 post
1902 1834 2049 1903 hoec
2078 1840 2419 1928 Augustus
2447 1843 2686 1907 consti-

585 1950 817 2029 tuerit,
852 1963 920 2011 et
945 1944 1354 2037 reliquerit¹¹
1392 1966 1551 2010 eum
1582 1942 1810 2047 nullo„
1848 1964 2095 2037 praeter
2114 1947 2455 2039 auguralis
2480 1973 2687 2017 sacer·

581 2058 747 2127 dotii
766 2112 782 2141 ,
820 2056 1079 2124 honore
1115 2056 1527 2146 impertitum
1552 2076 1689 2136 sac
1724 2078 1811 2123 ne
1849 2056 2169 2124 heredem
2204 2058 2514 2153 quidem,
2553 2064 2682 2129 nisi

581 2174 756 2237 inter
787 2170 1016 2235 tertios
1048 2188 1126 2231 ac
1153 2186 1348 2257 paene
1381 2180 1769 2249 extraneos,
1810 2181 1878 2233 et
1904 2182 2094 2262 parte
2127 2184 2313 2236 sexta
2339 2193 2687 2264 nuncupa·

582 2359 778 2418 tonius,
799 2367 859 2407 ut
867 2354 934 2406 de
949 2351 1175 2407 Claudio
1191 2354 1444 2423 scriptam
1458 2354 1587 2423 epis-

581 2437 744 2489 tolam
777 2432 1096 2508 prodiderit,
1125 2450 1240 2504 quie
1273 2430 1338 2483 de
1370 2428 1584 2484 Tiberio

578 2509 788 2589 ageret:

654 2597 703 2648 8.
748 2594 848 2664 Qui
875 2592 1142 2645 vellem...
1169 2588 1449 2665 deliyeret,
1480 2604 1579 2642 etc.

580 2680 864 2728 Burmann.
885 2673 1086 2724 Erneat.
1113 2668 1358 2724 Oudend.
1382 2670 1585 2721 malunt

581 2753 891 2826 deliqerent,
931 2763 991 2799 ut
1017 2751 1276 2800 referatur
1313 2749 1417 2816 Qui
1447 2748 1583 2799 deli-

575 2841 758 2907 qerent
783 2828 850 2881 ad
878 2825 1200 2899 paedagogos
1221 2825 1447 2890 Claudii,
1470 2826 1583 2879 Sul-

583 2912 778 2980 picium
813 2920 867 2957 et
900 2901 1327 2956 Athenodorum.
1355 2901 1583 2954 Wolfius

580 3003 822 3043 coactam
887 2985 982 3036 dat
1044 2985 1537 3052 interpretationem
1567 3004 1579 3034 :

585 3093 608 3116 a
625 3067 830 3121 Vellem
847 3104 867 3133 ‚
889 3063 1052 3116 alium
1078 3062 1358 3135 quemdam
1375 3102 1392 3126 ‚
1421 3081 1581 3134 quam

579 3147 901 3217 Sulpicium,
933 3142 1033 3195 sibi
1061 3141 1320 3212 deligeret
1347 3141 1583 3193 Atheno-

577 3226 760 3280 dorus.
781 3247 804 3272 a
831 3223 1165 3276 servavimus
1195 3219 1334 3290 vulg.
1373 3219 1467 3272 sed
1499 3222 1581 3272 in-

577 3305 950 3377 terpunctione
985 3312 1219 3365 mutata,
1257 3298 1360 3350 hoc
1388 3317 1577 3351 sensu:

581 3385 713 3456 Qui,
733 3381 838 3435 hoc
857 3394 965 3446 eat,
989 3380 1156 3448 Quam
1173 3377 1360 3430 vellem
1374 3417 1390 3442 ‚
1411 3377 1584 3430 misel-

575 3463 660 3518 lus
679 3459 996 3535 (Claudius)
1019 3455 1246 3529 aliquem
1265 3456 1365 3510 sibi
1385 3455 1581 3530 delige-

575 3557 654 3595 ret
713 3554 813 3592 etc.

645 3580 696 3691 9’.
717 3619 876 3672 Mihi.
891 3619 921 3668 J
926 3635 1018 3668 ure
1029 3613 1136 3667 hoc
1149 3614 1390 3680 defendit
1406 3613 1576 3667 Wolf.

575 3716 766 3754 contra
789 3701 1076 3751 Burmann.
1103 3693 1414 3746 suadentem
1449 3694 1577 3760 eibi,

577 3793 630 3834 et
664 3781 867 3830 Ernest.
897 3774 1063 3828 deleri
1094 3773 1389 3841 jubentem.
1420 3775 1574 3844 Ipse,

573 3863 846 3930 Augustus
873 3855 1032 3922 dicit,
1064 3857 1324 3906 rationem
1351 3851 1573 3906 reddere

575 3938 705 3990 mihi
721 3953 930 4008 nequeo
945 3972 964 4000 ‚
989 3951 1086 3986 cur
1105 3931 1310 4003 placere
1326 3931 1458 3983 mibi
1483 3951 1576 4002 po-

571 4019 730 4070 tuerit
743 4014 1014 4070 Claudius.
1025 4015 1195 4066 Antea
1209 4014 1405 4064 servavi
1416 4013 1573 4078 Item,

573 4094 649 4145 ob
686 4092 910 4166 precedi
941 4091 1140 4142 'Rursus
1177 4087 1353 4141 alteris
1394 4087 1571 4141 liter-is.

571 4171 736 4228 wolf.
763 4171 911 4226 dedit
943 4171 1108 4224 Idem.
1146 4168 1248 4223 Sed
1276 4167 1381 4222 hoc
1405 4169 1571 4240 magia

1676 2352 1814 2405 valet
1838 2355 1894 2405 in
1924 2356 2150 2407 transitu
2169 2354 2240 2408 ad
2264 2359 2573 2428 oppositum
2595 2378 2685 2429 ge-

1674 2450 1801 2498 nus,
1824 2450 1937 2483 non
1962 2432 2054 2484 ubi
2074 2433 2129 2484 in
2154 2432 2341 2486 eodem
2366 2450 2687 2506 argumento,

1676 2514 1930 2582 pergitur.
1958 2513 2090 2564 Vide
2117 2525 2231 2565 not.
2260 2513 2329 2565 ad
2356 2513 2485 2567 Cass.
2520 2515 2604 2568 58.

1754 2611 1832 2646 io.
1848 2593 1981 2644 Tam
1996 2591 2216 2658 ἀσιφδε.
2232 2593 2453 2660 Seneca,
2468 2597 2523 2646 in
2542 2599 2684 2666 Apo—

1674 2671 1845 2722 coloc.
1866 2669 2091 2722 Claudio
2110 2671 2295 2723 tribuit
2318 2695 2341 2718 a
2361 2691 2547 2725 vocem
2568 2675 2687 2726 nul-

1674 2748 1774 2800 lius
1794 2751 2049 2802 terrestris
2070 2749 2339 2816 animalia,
2360 2748 2481 2817 sed,
2506 2753 2684 2824 quali·

1674 2845 1789 2879 ease
1816 2831 2029 2879 marinis
2054 2827 2247 2880 belluis
2276 2827 2411 2882 solet
2426 2869 2443 2896 ‚
2466 2849 2683 2884 raucam

1674 2919 1724 2957 et
1752 2906 2095 2976 implicatam.
2118 2931 2143 2954 n·

1751 3001 1769 3035 1
1787 3002 1832 3036 1.
1874 2987 2086 3058 Quid...
2112 2990 2456 3056 constituere,
2486 3002 2537 3042 et
2560 2992 2683 3044 reli—

1672 3077 1839 3194 3:1⁶3:
1847 3065 2529 3221 ;:;{·.1¹.;.’2¹3².2.312213¹¹;².23
2540 3089 2683 3214 ‚¹²:321

1673 3238 1776 3292 que
1801 3241 1921 3273 cum
1942 3221 2119 3294 Steph.
2142 3238 2193 3276 et
2210 3227 2419 3278 Erneat.
2442 3227 2683 3280 inseren-

1673 3299 1799 3352 dum
1822 3321 1987 3374 quum
2010 3302 2091 3355 vel
2114 3304 2208 3376 qui
2233 3319 2359 3357 ante
2380 3316 2434 3356 et
2458 3306 2683 3380 relique-

1674 3381 1739 3432 νὴ
1756 3417 1773 3445 ,
1814 3379 1961 3453 quod
1996 3384 2172 3451 ipsum
2204 3394 2258 3434 et
2290 3381 2530 3436 additum
2563 3385 2679 3443 fieri

1670 3470 1828 3511 vetat.
1860 3461 2069 3529 ingrata
2099 3461 2315 3532 quidem
2342 3473 2423 3516 eat
2444 3466 2679 3536 scripto-

1672 3541 1743 3590 ria
1804 3539 2125 3611 negligentia
2176 3544 2231 3592 in
2282 3545 2677 3615 conjungendis

1670 3618 2021 3672 commatibus
2036 3658 2052 3687 ‚
2082 3639 2183 3691 pro
2204 3621 2384 3674 relicto
2406 3640 2466 3674 eo
2492 3622 2677 3696 (quod

1667 3695 1841 3748 dicere
1863 3697 2035 3749 noluit
2062 3698 2134 3750 ob
2166 3713 2444 3772 sequentes
2482 3703 2677 3755 ablati-

1669 3791 1761 3826 vos
1782 3773 1931 3826 nullo
1952 3775 2198 3848 honore),
2216 3777 2340 3830 ideo
2362 3792 2540 3832 tamen
2560 3801 2675 3837 non

1666 3854 2034 3926 expungenda.
2049 3855 2412 3929 Negligentius
2431 3861 2679 3931 quando-

1663 3949 1769 4003 que
1790 3931 2072 3987 Suetonius
2090 3933 2274 4008 lingua
2292 3955 2389 3989 aua
2410 3955 2535 3990 usus
2560 3957 2671 4006 est,

1664 4011 1741 4063 uti
1760 4013 2041 4083 sepissime
2058 4016 2196 4068 inter
2208 4033 2309 4069 nos
2322 4015 2565 4070 homines
2584 4021 2669 4072 vel

1662 4093 1873 4162 optimis
1912 4093 2076 4147 literis
2114 4107 2169 4147 et
2204 4097 2349 4148 omni
2385 4095 2671 4170 disciplina

1662 4172 1872 4224 exculti.
