3050 5004
690 456 825 533 400
1440 452 1513 516 C.
1565 449 2034 516 SUETONII

686 578 866 668 agris
880 626 899 660 ,
928 578 1213 668 carptim
1235 574 1720 668 superfuerunt
1737 626 1754 658 ,
1777 571 2120 642 veteribus
2142 570 2646 665 possessoribus
2665 624 2685 655 ,
2705 587 2783 639 ut

684 703 1017 779 usucapta
1036 737 1052 768 ,
1082 687 1415 753 concessit
1426 696 1473 751 ⁷.
1506 684 1797 751 Fiseales
1826 681 2239 751 calumnias⁸
2267 707 2512 775 magna
2539 681 2782 751 calum-

685 800 1018 865 niantium
1046 821 1246 889 poena
1270 798 1622 889 repressit:
1654 795 2130 891 ferebaturque
2158 819 2288 864 vox
2315 792 2374 888 ej
2384 820 2498 863 us:
2539 826 2568 855 ιι
2597 796 2781 863 Prin-

687 931 875 1000 ceps,
902 909 1017 1000 qui
1041 904 1375 973 delatores
1398 929 1538 972 non
1563 907 1876 996 castigat,
1905 907 2146 974 irritat.
2177 936 2204 965 n

781 1021 862 1083 X.
914 1013 1043 1085 Sed
1080 1038 1301 1108 neque
1331 1016 1403 1081 in
1434 1013 1810 1082 clementiae
1829 1067 1846 1095 ,
1879 1036 2101 1109 neque
2133 1015 2204 1081 in
2235 1014 2660 1103 abstinentiae
2691 1032 2783 1083 te-

688 1149 855 1192 nore
881 1127 1287 1217 permansit:
1319 1139 1388 1192 et
1410 1139 1643 1190 tamen
1675 1123 2020 1219 aliquanto
2043 1121 2326 1191 celerius
2349 1121 2437 1190 ad
2465 1127 2785 1193 saevitiam

686 1232 969 1303 descivit
988 1289 1005 1317 ,
1031 1259 1237 1331 quam
1258 1233 1345 1302 ad
1369 1234 1832 1327 cupiditatem.
1857 1234 2279 1327 Discipulum
2309 1234 2558 1305 Paridis
2579 1247 2592 1273 ¹
2621 1262 2786 1331 pan-

688 1350 949 1415 tomimi
992 1345 1415 1438 impuberem
1466 1343 1724 1426 adhuc,
1773 1362 1842 1412 et
1890 1370 2102 1439 quum
2145 1348 2437 1413 maxime
2489 1371 2748 1439 aegrum
2765 1399 2782 1429 ,

688 1454 873 1552 quod
912 1472 1056 1524 arte
1096 1455 1451 1549 formaque
1476 1476 1631 1521 ‘non
1671 1453 1994 1522 absimilis
2017 1444 2353 1545 'magistro
2394 1456 2782 1540 videbatur,

688 1564 963 1633 occidit:
990 1568 1150 1632 item
1175 1570 1671 1656 Hermogenem
1695 1568 2100 1631 Tarsensem
2115 1614 2132 1646 ,
2157 1580 2434 1655 propter
2458 1565 2786 1661 quasdam

684 1683 759 1746 in
796 1677 1073 1745 historia
1113 1676 1439 1767 figuras23
1476 1674 1766 1742 librariis
1806 1677 2038 1760 etiam,
2079 1677 2194 1770 qui
2231 1698 2382 1741 eam
2416 1673 2788 1769 descripse-

664 1772 872 1874 rant,
911 1793 1095 1859 cruci
1138 1789 1308 1859 fixis.
1356 1786 1908 1858 Patremfamilias
1927 1840 1946 1870 ,
1986 1786 2171 1883 quod
2217 1817 2245 1847 ec
2267 1787 2599 1856 Threcem
2637 1792 2788 1858 mir-

684 1901 945 1969 milloni
964 1924 1228 1993 parem,
1251 1900 1637 1966 munerario
1654 1893 2016 1989 imparem-⁹·
2041 1928 2068 1957 ι»
2095 1894 2388 1981 dixerat,
2409 1894 2788 1967 detractum

688 2010 1089 2104 spectaculis
1117 1990 1184 2077 in
1218 2034 1532 2093 arenam,
1567 2008 1848 2076 canibus
1881 2004 2162 2101 objecit,
2202 2031 2358 2074 cum
2390 2005 2521 2074 hoc
2552 2008 2780 2075 titulo:

696 2151 723 2181 α
752 2120 1275 2213 Impie‘locutus
1320 2117 1775 2213 parmularius
1790 2115 1841 2183 4.
1869 2148 1895 2177 υ
1949 2116 2347 2209 Complures
2393 2119 2742 2186 Senatores
2762 2172 2782 2201 ,

684 2315 854 2369 vebat.
874 2316 979 2368 Alii
993 2319 1273 2385 tamen,in
1292 2316 1483 2388 quibus
1504 2313 1693 2369 Stock-
1778 2314 2073 2368 lumniosas
2097 2308 2420 2379 delationes,
2444 2314 2514 2367 ad
2542 2332 2780 2367 commo·-

686 2412 865 2447 mann.
905 2396 974 2447 ad
1012 2396 1173 2448 Bach.
1212 2399 1343 2449 nist.
1381 2398 1496 2448 Jur.
1536 2396 1688 2447 Rom.

682 2495 803 2549 pag.
856 2478 981 2543 181,
1020 2476 1088 2530 ad
1128 2480 1191 2532 P.
1236 2478 1512 2543 Clodium,
1544 2476 1691 2529 Trib.

689 2558 828 2628 pleb.
862 2561 1047 2611 Pisone
1072 2574 1123 2612 et
1146 2559 1373 2614 Gabinio
1402 2560 1578 2629 Coss..
1606 2578 1692 2610 re-

684 2637 877 2689 ferunt.

757 2731 807 2784 7.
843 2714 1208 2767 Subactum...
1244 2715 1517 2776 coracessiu
1552 2713 1606 2766 h.
1643 2733 1689 2766 e.

684 2814 773 2846 eas
793 2808 970 2865 partes
992 2813 1267 2864 agrorum,
1288 2813 1400 2866 quae
1420 2795 1473 2845 in
1493 2793 1696 2845 dimen-

684 2877 837 2925 sione
848 2874 1240 2939 restitissent,et
1252 2873 1318 2924 de
1329 2892 1552 2945 quarum
1570 2891 1693 2944 pos-

686 2954 920 3005 sessione
958 2954 1327 3006 controversiae
1364 2952 1693 3004 intercedere

686 3032 947 3099 solebant,
963 3035 1026 3086 iis
1042 3036 1325 3101 concessit,
1338 3037 1428 3106 qui
1442 3053 1539 3106 per
1552 3034 1696 3086 bien-

683 3112 830 3162 nium
858 3110 938 3162 vel
966 3111 1167 3163 diutius
1193 3131 1282 3164 eas
1306 3111 1691 3182 possedissent,

684 3203 742 3244 ut
754 3201 1004 3261 usucapta
1018 3189 1159 3260 (vide
1175 3190 1241 3242 de
1250 3192 1563 3261 usucapione
1577 3191 1695 3242 Hei-

684 3287 834 3322 necc.
873 3273 997 3323 Ant.
1033 3270 1184 3320 Rom.
1218 3271 1289 3338 11,
1323 3268 1416 3339 6),
1450 3269 1694 3323 veteribus

684 3349 823 3402 adeo
846 3347 899 3401 h.
933 3368 979 3402 e.
1010 3347 1277 3402 diuturnis
1302 3349 1691 3420 possessoribus,

682 3428 847 3500 idque
858 3430 913 3480 in
922 3428 1169 3481 invidiam
1181 3431 1343 3500 patris
1356 3429 1483 3480 fecit
1494 3429 1694 3480 fratris-

686 3525 788 3578 que
804 3543 821 3570 ,
853 3509 941 3578 qui
970 3506 1166 3559 multos
1190 3506 1483 3558 subsicivos
1508 3526 1690 3578 agros,

682 3597 937 3657 tanquam
956 3585 1190 3653 fiscales,
1214 3585 1579 3638 vendiderant.
1610 3587 1692 3639 Vi·

684 3663 751 3716 de
776 3670 978 3735 Aggen.
1004 3665 1183 3718 Urbic.
1208 3665 1275 3716 de
1294 3667 1544 3718 Controv.
1565 3667 1688 3736 Agr.

680 3761 808 3814 pag.
833 3745 933 3804 683
966 3747 1155 3796 Loens.
1183 3746 1333 3795 Misc.
1363 3747 1459 3809 111,
1495 3763 1558 3805 ας
1593 3747 1691 3796 Er·-

684 3835 818 3875 nest.
849 3835 904 3876 et
928 3823 1176 3876 Oudend.
1206 3824 1275 3875 ad
1303 3822 1354 3874 h.
1386 3823 1448 3889 l.,
1481 3825 1572 3895 qui
1605 3843 1692 3876 ar-

684 3905 799 3973 guit
841 3905 1200 3973 conjecturam
1250 3903 1534 3954 Burmanni
1577 3915 1693 3957 utut

686 3992 968 4054 usucapea,
1010 3993 1069 4032 ut
1104 3999 1237 4034 verae
1273 3981 1378 4034 loci
1422 3986 1691 4036 sententiae

686 4079 901 4132 prorsus
926 4063 1262 4114 contrariam.

758 4139 807 4190 8.
848 4140 1066 4194 fiscales
1092 4141 1413 4202 calumnias,-
1442 4141 1498 4194 h.
1527 4161 1576 4218 e.
1603 4162 1692 4196 ca-

1781 2394 1911 2447 dum
1947 2396 2059 2447 fisci
2095 2395 2350 2466 Principis
2389 2394 2577 2447 factas.
2601 2424 2675 2435 -—
2695 2396 2784 2447 Di-

1781 2489 1923 2528 ctum
1960 2476 2251 2527 Domiliani
2283 2490 2543 2528 memorat
2575 2493 2782 2549 quoque

1781 2556 1982 2628 Xiphil.
2013 2559 2202 2622 val,
2234 2573 2253 2608 1
2284 2556 2377 2626 (ex
2398 2560 2647 2630 Excerpt.
2677 2557 2782 2611 Pei·

1785 2636 1975 2707 rese.)‚
1997 2635 2090 2688 ubi
2113 2636 2248 2688 vide.

1853 2716 1918 2767 X.
1971 2732 2014 2766 1.
2055 2715 2387 2786 Discipul'um
2415 2717 2654 2784 Paride's,
2684 2731 2780 2770 etc.

1783 2793 2028 2846 Paridem
2049 2794 2359 2848 histrionem
2381 2794 2453 2846 ob
2472 2794 2785 2849 adulterium

1782 2891 1903 2924 cum
1913 2875 2148 2926 Domitia
2163 2876 2501 2927 interfectum
2515 2913 2529 2942 ‚
2545 2895 2574 2928 e
2586 2875 2782 2948 Xiphil.

1781 2953 1999 3018 LXVII,
2015 2952 2075 3019 3,
2093 2957 2492 3008 memoravimus
2511 2955 2580 3006 ad
2593 2975 2710 3028 cap.
2733 2955 2780 3007 3.

1782 3032 1866 3083 Cf.
1885 3032 2115 3084 Martial.
2139 3033 2314 3104 Epigr.
2331 3034 2433 3098 xl,
2460 3035 2550 3098 13;
2567 3037 2782 3105 interpr.

1780 3109 1848 3162 ad
1875 3112 2117 3164 Juvenal.
2151 3113 2258 3165 Sat.
2286 3115 2356 3166 vl
2370 3151 2389 3180 ,
2417 3114 2504 3184 87.
2533 3114 2660 3166 Mox
2687 3133 2783 3184 pro

1781 3189 2118 3262 impuberem,
2137 3191 2280 3264 quod
2291 3192 2358 3244 ad
2373 3191 2784 3244 misericordiam

1780 3265 2050 3336 additum,
2071 3270 2248 3340 inepte
2271 3269 2409 3340 vulg.
2425 3271 2688 3343 puberem.

1854 3365 1902 3399 2.
1945 3349 2167 3422 Propter
2185 3350 2452 3421 quasdam.
2469 3389 2482 3402 .
2496 3390 2507 3400 .
2525 3389 2538 3403 .
2555 3347 2784 3426 figura&

1779 3425 1834 3478 b.
1848 3444 1894 3479 e.
1913 3425 2126 3499 oblique
2141 3430 2262 3480 inse
2273 3427 2415 3480 dicta
2429 3427 2654 3500 (Gallice
2670 3447 2786 3493 nos,

1779 3507 2078 3579 allusions).
2101 3509 2234 3561 Vide
2255 3508 2321 3561 ad
2349 3513 2567 3582 vespas.
2599 3512 2681 3565 13.

1851 3589 1904 3641 3.
1929 3589 2230 3643 Munerario
2246 3592 2500 3662 imparem
2509 3609 2530 3653 ,0
2547 3591 2599 3643 h.
2617 3611 2664 3644 e.
2680 3595 2786 3645 Do-

1781 3669 2028 3731 mitiano,
2049 3669 2137 3740 qui
2159 3687 2350 3721 munus
2367 3669 2588 3738 edebat,
2606 3683 2658 3723 et
2671 3672 2789 3722 mir-

1781 3745 1984 3798 milloni
2031 3747 2212 3800 favens
2251 3747 2513 3800 Thi-ecem
2557 3752 2786 3822 opprimi

1773 3826 2017 3894 jusserat.

1853 3907 1902 3974 4.
1932 3907 2097 3978 Impie
2108 3905 2695 3980 Iocumsparmularius,·
2711 3907 2789 3961 vel

1775 3985 2156 4057 palmularius,
2181 3984 2560 4056 πιψουλιίριος,
2584 3987 2784 4052 Threx,

1779 4064 2038 4117 invidiose
2064 4083 2162 4136 pro
2174 4064 2391 4137 fautore
2417 4065 2650 4134 Threces,
2677 4085 2788 4118 ma-

1779 4147 1917 4200 xime
1949 4147 2002 4198 in
2035 4147 2452 4219 patrefamilias,
2491 4147 2545 4200 h.
2577 4167 2626 4202 e.
2673 4148 2788 4202 cive
