3050 5004
1086 436 1640 504 vrrELLms.
2279 437 2416 527 319

314 565 653 654 poenitens
679 563 837 632 facti
852 615 871 645 ,
895 579 965 632 et
993 563 1065 630 in
1092 561 1260 632 alios
1292 562 1567 655 culpam
1589 561 1944 632 conferens
1959 615 1976 646 ,
2001 577 2238 632 vocam
2259 587 2426 632 con-

314 675 509 741 cione
538 670 823 766 juravit,
858 676 1213 769 coegitque
1240 670 1477 767 jurare
1513 689 1772 742 ceteros
1786 726 1804 756 ,
1844 703 1871 734 a
1890 671 2059 741 nihil
2097 672 2222 741 sibi
2253 675 2427 740 anti-

314 785 515 878 quius
541 786 766 878 quiete
793 784 1067 878 publica
1094 785 1262 852 fore.
1289 815 1316 845 κ
1348 788 1548 852 Tunc
1571 783 1872 851 solutum
1895 809 1936 851 a
1958 783 2168 851 latere
2190 786 2430 876 pugio-

311 917 505 978 nem,
533 895 811 963 Consuli
836 898 1133 989 primum
1152 947 1170 978 ,
1204 892 1449 963 deinde
1466 946 1483 976 ,
1510 893 1627 961 illo
1657 909 2047 976 recusante,
2076 895 2429 986 magistra-

312 1003 495 1072 tibus
515 1057 533 1092 ,
586 1029 667 1072 ac
709 1029 869 1073 mox
918 1004 1351 1076 Senatoribus
1406 1003 1688 1096 singulis
1734 1007 2087 1097 porrigens
2108 1021 2194 1086 ¹²,
2233 1003 2428 1073 nullo

314 1117 712 1209 recipiente,
756 1121 949 1213 quasi
997 1120 1066 1185 in
1113 1114 1259 1185 aede
1305 1115 1702 1186 Concordiae
1740 1118 2121 1210 posituru8‚
2160 1116 2430 1185 absces-

316 1227 425 1292 sit.
459 1225 591 1294 Sed
622 1227 1029 1322 quibusdam
1056 1226 1615 1306 acclamantibus,
1658 1229 1927 1320 «ipsum
1958 1251 2106 1294 esse
2137 1231 2432 1295 Concor-

317 1334 531 1418 diam,
554 1369 579 1396 »
622 1337 818 1406 rediit
850 1365 865 1404 z
906 1361 1031 1406 nec
1064 1337 1287 1406 solum
1319 1340 1607 1404 retinere
1637 1361 1710 1404 se
1744 1337 2004 1404 ferrum
2034 1335 2426 1420 affirmavit,

314 1471 556 1513 verum
585 1450 785 1514 etiam
814 1448 1206 1517 Concordiae
1233 1450 1532 1541 recipere
1562 1470 1961 1539 cognomen.
1991 1457 1996 1465 '

408 1561 566 1625 XVI
576 1611 589 1624 .
618 1561 969 1654 Suasitque
996 1561 1300 1641 Senatui,
1331 1574 1410 1624 ut
1438 1557 1694 1650 legatos
1725 1581 1882 1624 cum
1908 1554 2278 1646 virginibus
2303 1561 2428 1624 Ve-

320 1669 603 1736 stalibus
624 1685 641 1715 ¹
673 1671 1050 1753 mitterent,
1076 1692 1349 1762 pacem,
1377 1685 1496 1736 aut
1531 1684 1711 1736 certe
1744 1683 2010 1760 tempus
2044 1664 2133 1734 ad
2165 1665 2433 1734 consul-

320 1777 602 1848 tandum
628 1832 646 1862 ,
688 1783 1034 1872 petituros
1082 1780 1409 1848 Postridie
1456 1803 1784 1872 responsa
1829 1781 2207 1880 opperienti
2251 1803 2429 1846 nun-

320 1894 571 1960 ciatum
622 1907 726 1959 est
772 1916 896 1984 per
944 1890 1444 1985 exploratorem
1467 1945 1483 1973 ,
1540 1891 1808 1958 hostem
1857 1891 2428 1984 appropinquare.

325 2140 573 2192 Ceterum
600 2141 773 2191 omnis
799 2138 1089 2192 difficultas
1114 2137 1337 2206 tollitur,

327 2221 371 2271 si
397 2232 569 2271 totum
597 2217 703 2271 hoc
732 2238 968 2286 comma,
997 2239 1155 2293 quum
1169 2255 1325 2270 .....

325 2293 538 2368 epulas,
593 2297 958 2368 superioribus
1010 2299 1335 2363 annectitur,

328 2391 488 2449 atque
510 2379 585 2430 ita
614 2378 769 2429 etiam
798 2378 1119 2448 interpunxi.

406 2475 487 2511 12.
520 2458 751 2513 Tune...
776 2459 1141 2535 puqionem....
1168 2457 1335 2529 porri·

324 2558 479 2613 qens,
510 2553 612 2592 etc.
646 2541 771 2593 Post
804 2542 1099 2593 orationem
1126 2543 1336 2607 statim,

329 2638 488 2691 quam
512 2621 565 2670 in
589 2622 731 2672 Foro
755 2620 974 2685 habuit,
1004 2620 1109 2671 hoc
1132 2620 1335 2672 factum

326 2713 404 2752 est
428 2699 723 2751 secundum
742 2700 912 2751 Tacit.
934 2718 1053 2771 cap.
1078 2700 1146 2752 68
1163 2736 1179 2766 ,
1211 2700 1300 2770 qui
1318 2737 1334 2764 ,

331 2778 529 2834 «simul
570 2778 735 2831 fllium
773 2777 1132 2851 protendens,
1170 2778 1333 2830 modo

327 2859 574 2931 singulis,
592 2858 760 2911 modo
786 2860 1043 2912 universis
1070 2877 1335 2910 commen·

326 2937 487 3001 dans,
510 2949 781 3007 postremo
804 2936 927 2988 fletu
949 2935 1335 3007 praepediente,

328 3014 609 3067 adsistenti
648 3013 867 3067 Consuli
896 3013 1167 3085 (Coecilius
1200 3014 1337 3067 Sim-

328 3094 458 3168 plex,
476 3094 622 3165 erat)
646 3093 944 3145 exsolutum
974 3114 1004 3145 a
1030 3094 1196 3146 latere
1227 3113 1334 3165 pu-

324 3177 573 3244 gionem,
614 3174 881 3242 velut'jus
921 3175 1067 3225 necis
1104 3176 1332 3243 vitaeque

328 3256 521 3305 civium
546 3291 565 3319 ‚
629 3250 905 3303 reddebat.
962 3250 1333 3323 Adspernante

325 3332 599 3396 Consule,
646 3328 1096 3396 reclamantibus,
1146 3331 1237 3401 qui
1277 3330 1333 3381 in

326 3412 591 3463 concione
633 3408 977 3475 adstiterunt,
1023 3420 1085 3459 ut
1129 3410 1181 3459 in
1224 3406 1335 3460 aede

326 3490 639 3543 Concordiae
672 3490 939 3561 positurus
977 3488 1207 3558 insignia
1236 3488 1336 3537 im-

329 3573 492 3644 perii,
508 3571 832 3642 domumque
848 3571 1025 3621 fratris
1041 3570 1303 3640 petiturus
1317 3606 1334 3634 ‚

331 3652 602 3717 discessit,
628 3663 729 3703 etc.
749 3674 772 3695 ι
800 3650 955 3701 Conf.
983 3647 1183 3719 xiphil.
1216 3667 1332 3718 cap.

336 3732 413 3784 16.
448 3732 601 3781 Hanc
632 3726 841 3800 quidem
872 3746 1011 3792 rem,
1034 3744 1241 3793 vereor,
1270 3745 1335 3777 ne

333 3812 507 3863 alieno
550 3810 671 3861 loco
704 3809 997 3860 narraverit
1026 3807 1335 3875 Suetonius,

335 3911 501 3963 quum
531 3892 643 3941 veri
670 3888 828 3959 longe
860 3886 1081 3941 similior
1111 3888 1246 3938 ratio
1276 3888 1341 3938 sit

331 3971 503 4023 Taciti
514 3984 565 4021 et
578 3968 855 4040 xiphiliui.
872 3966 1035 4018 Iidem
1051 3964 1183 4017 nihil
1197 3985 1343 4037 pror-

334 4068 425 4102 sus
445 4048 513 4101 de
537 4049 849 4120 cognomine
877 4044 1201 4100 Concordt’ae:
1234 4061 1341 4115 quo

334 4144 511 4181 tamen
540 4126 749 4181 silentio
779 4140 974 4180 temere
998 4125 1165 4176 utaris
1194 4123 1260 4176 ad
1288 4124 1343 4177 fi·

1425 2137 1549 2190 dem
1575 2140 1650 2190 rei
1675 2135 1974 2207 negandam
2001 2137 2204 2188 auctori
2231 2147 2434 2188 nostro.

1495 2219 1632 2269 va.
1669 2237 1714 2270 ι.
1753 2218 1824 2268 Ut
1851 2217 2046 2290 quatos
2070 2233 2188 2267 cum
2220 2215 2440 2288 vir-qius-

1424 2297 1516 2350 bus
1551 2297 1870 2363 Vestalibus,
1906 2309 2006 2348 etc.
2045 2296 2199 2347 Conf.
2233 2293 2434 2366 xiphil.

1417 2393 1544 2446 cap.
1571 2376 1650 2428 18.
1667 2375 1839 2427 Tacit.
1858 2375 1989 2426 nist.
2013 2375 2111 2438 ΙΙΙ,
2132 2373 2227 2425 80:
2251 2397 2274 2420 κ
2289 2375 2434 2440 Mox,

1423 2467 1618 2507 vocato
1660 2454 1886 2517 Senatu,
1929 2451 2240 2523 deliguntur
2272 2451 2434 2523 legati

1424 2534 1494 2587 ad
1520 2535 1804 2598 exercitus,
1828 2545 1889 2584 ut
1907 2546 2160 2604 praetexto
2184 2531 2432 2603 Reipuhl.

1425 2612 1768 2666 concordiam
1805 2629 2100 2684 pacemque
2127 2612 2432 2665 suaderent.

1422 2697 1578 2747 Varia
1605 2694 1902 2765 legatorum
1925 2710 2037 2745 sors
2061 2694 2180 2745 fuit.
2201 2696 2308 2761 Qui
2337 2697 2433 2747 Pe-

1422 2775 1537 2827 tilio
1551 2771 1752 2826 Cereali
1765 2791 1896 2824 occu
1905 2788 2129 2839 rreraut,
2142 2787 2432 2828 extremum

1423 2852 1702 2905 discrimen
1731 2850 1938 2917 adiere,
1965 2849 2322 2923 adspernante
2340 2857 2436 2907 mi-

1422 2932 1514 2985 lite
1541 2929 1874 2983 conditiones
1905 2932 2136 3001 pacis....
2162 2933 2434 3004 AEquiori-

1421 3010 1525 3063 bus
1564 3010 1754 3062 animis
1796 3011 2004 3083 accepti
2045 3026 2195 3077 sunt,
2235 3014 2327 3083 qui
2363 3013 2434 3065 ad

1423 3089 1717 3141 Antonium
1737 3100 2019 3152 venerant,
2047 3108 2154 3139 non
2177 3092 2300 3160 quia
2326 3110 2434 3143 mo·

1422 3169 1626 3221 destior
1642 3168 1818 3233 miles,
1839 3166 1932 3219 sed
1955 3166 2082 3219 duci
2105 3168 2225 3239 plus
2246 3182 2432 3222 aucto-

1422 3250 1608 3301 ritatis.
1631 3271 1654 3293 ιι
1686 3248 1766 3298 De
1795 3246 2078 3319 virginibus
2114 3248 2430 3319 Vestalibus,

1424 3328 1493 3383 ad
1536 3326 1926 3398 deprecandum
1963 3328 2164 3392 missis,
2201 3329 2323 3382 vide
2361 3330 2432 3383 ad

1424 3408 1610 3461 Caesar.
1649 3425 1766 3477 cap.
1812 3423 1857 3458 1.
1895 3404 2144 3474 Tacitus,
2181 3426 2300 3479 cap.
2333 3410 2432 3477 81,

1431 3510 1454 3535 α
1472 3485 1655 3539 Obviae
1681 3487 1832 3536 fuere
1856 3496 1908 3534 et
1936 3484 2165 3554 virgines
2193 3486 2432 3542 Vestales

1425 3585 1546 3618 cum
1574 3564 1809 3637 epistolis
1829 3563 2025 3617 Vitellii
2048 3564 2115 3615 ad
2138 3567 2430 3621 Antonium

1427 3646 1648 3715 scriptis.
1679 3644 1848 3693 Eximi
1877 3659 2129 3713 supremo
2158 3648 2432 3703 certamini

1426 3741 1590 3775 unum
1612 3721 1750 3773 diem
1768 3759 1784 3786 ,
1807 3719 2142 3793 postulabatg.
2163 3726 2208 3775 si
2227 3744 2432 3781 moram

1428 3802 1842 3871 interjecissent,
1870 3799 2077 3852 facilius
2107 3804 2285 3854 omnia
2309 3825 2436 3859 con-

1428 3894 1673 3934 ventura.
1705 3881 1943 3950 Virgines
1967 3899 2087 3931 cum
2116 3880 2324 3936 honore
2352 3887 2436 3941 di,-

1430 3962 1625 4023 missae3
1647 3957 1861 4011 Vitellio
1884 3961 2224 4032 rescriptum,
2255 3964 2438 4023 Sabini

1432 4042 1574 4095 caede
1594 4056 1644 4094 et
1669 4040 1916 4093 incendio
1941 4041 2190 4114 Capitolii
2214 4041 2438 4104 diremta

1430 4120 1560 4173 beili
1588 4120 1917 4174 commercia.
1941 4141 1963 4165 ι
