3050 5004
1065 524 1570 589 CLAUDIUS.
2237 550 2257 589 ι
2276 528 2378 593 33-

272 654 543 733 fecerat,
590 650 874 721 tabellas
916 650 1089 719 dotis
1134 668 1205 719 et
1242 654 1389 744 ipse
1429 652 1956 742 consignaverit;
2005 653 2320 722 inductus
2347 709 2364 737 ,

270 768 453 859 quasi
481 761 569 830 de
606 761 939 831 industria
969 762 1471 843 simularentur,
1499 761 1588 829 ad
1609 762 2054 831 avertendum
2086 767 2367 834 transfe-

268 875 688 971 rendumque
702 874 1083 968 periculum
1098 884 1115 913 ⁸
1126 884 1141 911 ¹
1164 926 1186 955 ,Α
1204 871 1386 969 quod
1398 876 1754 944 imminere
1773 877 1902 968 ipsi
1915 901 2038 969 per
2051 876 2374 971 quaedam.

268 1003 527 1055 ostenta
549 984 1091 1079 portenderetur.
1250 1071 1269 1080 ,

350 1102 556 1165 XXX.
607 1100 986 1165 Auctoritas
1036 1096 1462 1191 dignitasque
1510 1098 1748 1166 formae
1798 1092 1936 1167 non
1988 1098 2204 1168 defuit
2251 1100 2359 1168 vel

266 1210 491 1276 stanti¹
513 1260 530 1289 ,
554 1206 665 1275 vel
688 1206 979 1288 sedenti,
1006 1230 1086 1275 ac
1113 1209 1454 1299 praecipue
1482 1210 1874 1301 quiescenti.
1907 1215 2078 1277 Nam
2112 1224 2180 1276 et
2210 1234 2360 1301 pro-

262 1315 423 1400 lixe,
442 1341 574 1385 nec
594 1316 745 1384 exili
762 1368 781 1397 ,
807 1340 1090 1408 corpore
1110 1332 1284 1401 erat;
1312 1331 1381 1383 et
1398 1340 1429 1383 s
1432 1319 1621 1409 pecie
1641 1320 2020 1412 canitieque
2037 1318 2326 1411 pulchra
2339 1372 2360 1400 ,

262 1431 501 1522 opimis
529 1426 922 1497 cervicibus.
954 1432 1269 1496 Ceterum
1298 1444 1367 1495 et
1391 1426 1881 1521 ingredientem
1909 1428 2358 1500 destituebant

260 1538 546 1633 poplites
582 1542 809 1607 minus
844 1539 1053 1620 firmi,
1092 1552 1161 1607 et
1186 1542 1465 1606 remisse
1498 1538 1678 1633 quid?
1694 1540 1802 1607 vel
1839 1542 2016 1607 serio
2043 1558 2358 1633 agentem

260 1650 473 1718 multa
504 1648 1113 1719 dehonestabant²:
1155 1653 1329 1718 risus
1358 1650 1718 1733 indecens;
1753 1654 1852 1717 ira
1883 1654 2168 1744 turpior,
2207 1678 2356 1745 spu·
2447 1722 2456 1729 ,

260 1778 486 1830 munte
510 1764 683 1829 rictu
700 1814 717 1842 ,
750 1760 1187 1830 humentibus
1220 1761 1530 1845 naribus;
1569 1776 1897 1854 praeterea
1925 1762 2172 1855 linguae
2198 1766 2356 1831 titu-

260 1871 512 1952 bantia,
532 1888 871 1966 caputque
888 1924 904 1954 ,
926 1897 1140 1967 quum
1160 1895 1429 1965 semper
1443 1924 1460 1952 ,
1481 1888 1630 1939 tum
1643 1875 1713 1939 in
1734 1872 2368 1969 quantulocumque-

260 2000 411 2053 aetu
430 1983 541 2053 vel
560 1985 856 2051 maxime
877 1982 1270 2052 tremulum.

259 2220 323 2273 ad
344 2220 451 2275 loci
476 2226 757 2275 sanitatem
797 2236 979 2275 censet
1006 2222 1255 2275 Oudend.

337 2321 418 2355 11.
468 2303 1009 2377 Transferendumque
1046 2303 1255 2375 pericu·

1344 2222 1485 2273 enim
1520 2222 1739 2275 canities
1773 2236 1825 2275 et
1855 2222 2088 2275 eervices.
2127 2224 2318 2275 Forma
2333 2262 2362 2289 ,

1337 2298 1515 2369 μορφί,
1554 2312 1672 2353 tota
1704 2302 1942 2375 corporis
1982 2314 2062 2353 est
2097 2300 2264 2372 figura
2303 2314 2349 2353 et

256 2381 391 2444 ἕως
425 2385 482 2434 in
516 2384 741 2435 alterum
772 2381 1067 2435 Messalinae
1100 2384 1257 2433 mari-

257 2474 382 2514 tum.
410 2462 583 2533 Hujus
616 2462 755 2516 enim
792 2464 983 2515 marito
1021 2462 1256 2535 pericula

254 2541 528 2610 portendi,
551 2539 739 2594 timido
760 2540 963 2592 homini
980 2559 1257 2612 persuase-

254 2633 383 2672 rant.
400 2621 591 2672 Postea
608 2620 877 2673 notandus
890 2659 907 2688 ‚
925 2639 1033 2672 non
1048 2635 1257 2673 mutan-

254 2699 347 2752 dus
374 2697 665 2754 infinitivus
698 2693 997 2767 imminere,
1036 2700 1165 2754 alias
1200 2703 1255 2754 in

252 2777 347 2832 hae
391 2781 793 2832 constructione
837 2780 1011 2831 omitti
1050 2779 1251 2832 solitus.

252 2857 380 2910 Vide
398 2857 568 2910 Wolf.
597 2857 667 2910 ad
688 2855 743 2908 h.
770 2857 807 2908 Ι.

316 2955 482 3007 XXX.
510 2971 557 3005 ι.
589 2953 643 3005 V
637 2953 689 3006 el
703 2955 880 3007 stanti.
902 2953 1253 3027 Oudendorp.

254 3051 311 3085 ex
364 3046 626 3105 corrupta
677 3033 903 3086 lectione
948 3037 1255 3088 Memmiani

254 3111 378 3163 cod.
393 3151 411 3180 ,
448 3124 501 3164 et
524 3123 751 3164 veterum
772 3115 956 3180 stanti,
982 3115 1255 3186 ingeniose

250 3191 434 3258 efficit,
460 3217 485 3240 ι
500 3211 611 3243 non
632 3189 802 3244 defuit
820 3191 898 3254 εἰς
920 3212 1095 3245 verum
1118 3208 1257 3246 stan-

251 3273 313 3337 ti‚
336 3285 437 3324 etc.
460 3294 485 3318 ιι
514 3283 609 3340 ut,
636 3290 745 3323 non
774 3271 1010 3324 defuisse
1042 3273 1253 3345 quidem

250 3365 430 3402 auctor
462 3349 641 3420 dicat,
676 3369 857 3403 verum
894 3353 1054 3403 stanti
1090 3351 1251 3405 modo

248 3429 324 3483 vel
346 3431 581 3499 sedenti,
606 3448 669 3482 ac
692 3431 959 3502 praecipue
986 3432 1254 3502 quiescen-

248 3513 283 3564 ti
303 3549 320 3576 ,
374 3525 569 3564 contra
616 3509 935 3580 ingredienti
992 3510 1076 3562 vel
1124 3510 1253 3583 quid

250 3593 435 3662 agenti.
470 3591 783 3660 Ingeniosa,
820 3603 881 3642 ut
916 3587 1074 3642 modo
1113 3589 1251 3658 dixi,

248 3685 321 3722 est
344 3669 607 3735 mutatio,
641 3680 693 3719 et
724 3667 1148 3720 commendanda
1179 3669 1249 3721 ob

250 3767 487 3821 magnam
501 3748 721 3800 Memm.
743 3747 1137 3814 auctoritatem,
1158 3749 1249 3800 sed

248 3846 349 3880 uon
368 3829 671 3881 necessaria
688 3847 702 3888 ;
724 3844 980 3896 namque,
1002 3825 1149 3897 quod
1169 3846 1251 3880 se-

249 3909 441 3980 quitur,
460 3911 726 3973 ceteram,
746 3905 799 3956 h.
816 3925 863 3958 e.
884 3907 1077 3960 Verum
1090 3945 1107 3972 ,
1129 3907 1253 3960 Con-

249 3999 347 4054 tm,
378 3987 581 4040 sufficit
618 3987 891 4057 opposito.
924 3989 1113 4038 Postea
1142 4005 1249 4057 spe-

249 4069 339 4122 cies
366 4081 447 4121 est
477 4069 649 4120 Graee.
680 4059 827 4128 εἶδος,
856 4066 991 4118 Gall.
1028 4069 1249 4140 proprio

250 4145 535 4213 vocabulo,
562 4145 616 4198 la
647 4147 819 4213 mine,
848 4160 901 4197 et
926 4145 981 4198 h.
1006 4146 1045 4199 l.
1074 4146 1141 4198 ad
1154 4146 1252 4217 fa-

1345 2379 1558 2432 habitus
1577 2380 1660 2451 (Ie
1674 2381 1820 2433 main
1827 2382 1933 2433 tien
1941 2420 1961 2447 ,
1985 2378 2279 2433 l'ensemble
2291 2381 2354 2432 de

1346 2460 1401 2513 Ia
1424 2464 1729 2533 personne).

1419 2578 1467 2612 2.
1506 2561 1594 2612 Et.
1615 2599 1628 2611 .
1649 2599 1661 2610 .
1683 2598 1694 2610 .
1725 2559 1894 2612 multa
1926 2559 2350 2612 dehonestabant.

1344 2639 1478 2692 Vide
1498 2642 1658 2692 Dion.
1678 2641 1800 2704 LX,
1827 2658 1876 2692 2.
1899 2639 2101 2711 Lepide
2121 2659 2241 2692 eum
2262 2639 2377 2714 de-¹

1344 2718 1527 2770 scribit
1557 2721 1785 2786 Seneca,
1814 2721 1868 2771 in
1895 2719 2120 2792 Apocol.
2159 2743 2182 2767 a
2201 2721 2352 2773 Nun—

1345 2800 1662 2864 ciatursovi,
1677 2801 1882 2852 venisse
1898 2797 2181 2870 quemdam
2195 2798 2352 2851 bonae

1342 2891 1584 2946 staturae,
1609 2879 1746 2932 bene
1770 2899 1988 2940 canum,
2013 2881 2194 2931 nescio
2221 2879 2350 2952 quid

1342 2955 1491 3008 illum
1516 2958 1732 3018 minari;
1769 2957 1980 3010 assidue
2013 2958 2157 3010 enim
2191 2971 2358 3030 caput
2427 3013 2433 3019 ,

1342 3053 1582 3100 movere,
1617 3034 1808 3106 pedem
1839 3035 2082 3088 dextrum
2105 3035 2318 3088 trahere
2337 3055 2362 3098 ’r

1346 3115 1592 3186 quaesisse
1624 3131 1708 3180 se,
1742 3117 1896 3185 cujus
1924 3115 2156 3166 nationis
2181 3127 2348 3166 esset:

1344 3193 1683 3266 respondisse
1719 3197 1901 3246 nescio
1941 3191 2102 3265 quid,
2143 3207 2350 3266 pertur-

1342 3272 1469 3324 bato
1509 3291 1645 3326 sono
1685 3287 1739 3326 et
1769 3291 1902 3326 voce
1940 3273 2199 3338 confusa,
2239 3292 2348 3326 non

1340 3351 1634 3424 intelligere
1677 3371 1734 3405 se
1779 3351 2018 3422 linguam
2057 3355 2171 3422 ejus
2195 3374 2208 3413 ;
2251 3371 2350 3404 nec

1342 3433 1582 3486 Graecum
1609 3453 1754 3500 esse,
1779 3452 1878 3485 nec
1901 3435 2227 3499 Romanum,
2250 3453 2349 3486 nec

1340 3511 1498 3564 ullius
1528 3515 1699 3582 gentis
1739 3526 1891 3564 notae.
1915 3536 1937 3560 ιι
1969 3511 2210 3564 Juvenal.
2239 3513 2351 3566 Sat.

1341 3596 1412 3646 v1
1428 3632 1443 3661 ‚
1468 3593 1608 3660 620,

1501 3709 1513 3721 .
1527 3711 1536 3721 .
1548 3711 1558 3720 .
1571 3679 1706 3720 minus
1719 3690 1814 3732 ergo
1829 3693 1982 3722 nocens
1996 3679 2075 3720 erit
2087 3679 2318 3736 Agrippina:

1338 3739 1499 3782 Boletus
1511 3771 1521 3788 ,
1538 3737 1741 3796 siquidem
1755 3741 1876 3781 unius
1889 3739 2106 3796 praecordia
2122 3741 2269 3796 pressit

1338 3802 1413 3845 me
1433 3803 1564 3874 senis,
1590 3803 1917 3872 tremulumque
1942 3809 2083 3880 caput
2102 3800 2348 3844 descendere

1341 3927 1387 3966 Iu
1409 3871 1641 4026 cxi-lullxzsr'tttt
1664 3927 1844 3980 longam
1863 3927 2102 3966 „annuntia
2122 3924 2254 3966 labra
2275 3939 2352 3967 sa-

1520 4001 1651 4028 uvam.

1338 4096 1410 4108 --
1432 4069 1707 4120 Proeterea.
1733 4068 1945 4121 Plectra
1971 4069 2167 4142 linquat
2184 4107 2202 4134 ,
2233 4088 2350 4128 qum

1342 4150 1544 4219 recepit
1567 4149 1819 4214 Pitiscus‚
1843 4151 2078 4202 incomto
2103 4151 2351 4202 scriptori

250 4226 373 4277 ciem
396 4226 637 4298 proxime
668 4226 927 4298 pertinet;
954 4227 1255 4297 junguntur
1342 4246 1449 4278 non
1475 4228 1820 4306 conveniqnt.
