3050 5004
674 502 804 583 484
1490 492 1962 560 ERNESTII·

668 628 929 692 Gudium,
950 643 1005 696 p.
1028 622 1124 689 88,
1148 621 1181 674 3
1202 644 1214 673 =
1240 640 1353 673 nou
1373 639 1483 692 quo
1501 619 1664 673 fidem
1682 602 2120 693 inscriptionis‘in
2141 619 2367 674 dubium
2385 620 2563 677 vocari
2581 620 2776 687 velim,

670 708 766 761 sed
795 705 939 780 quod
972 707 1159 757 Nervae
1188 720 1323 774 opus
1356 703 1673 755 instauratio
1703 705 1884 775 potius
1923 702 2102 773 operis
2131 702 2264 769 fuit,
2295 719 2452 773 quam
2485 700 2774 754 absolutio.

670 792 877 857 Nempe
900 786 1005 838 tale
1031 802 1165 854 opus
1187 782 1459 852 diligentia
1484 782 1715 854 quadam
1741 782 2012 855 indigebat
2032 821 2049 850 ,
2073 796 2135 834 ut
2162 794 2583 846 conservaretur,
2611 800 2780 852 quam

671 870 722 919 ei
748 886 857 918 non
880 864 1233 937 praestiterunt
1264 879 1600 913 successores
1633 858 1875 927 Claudii,
1905 862 2255 932 inprimisque
2283 862 2446 911 Nero.
2472 860 2674 911 Auctor
2701 859 2780 911 rei

670 950 896 1012 Plinius,
914 946 1043 996 nist.
1070 944 1192 993 Nat.
1209 941 1427 993 XXXVI
1444 981 1460 1008 ,
1492 942 1581 1005 15,
1606 944 1700 1012 qui
1723 941 1818 993 hoc
1839 959 1966 1011 opus
1985 942 2284 994 destitutum
2306 958 2422 1007 esse,
2453 942 2557 1005 ait,
2579 957 2782 992 muces-

670 1029 794 1083 son's
810 1024 948 1081 odio.
970 1020 1130 1090 Quod
1152 1024 1194 1073 si
1220 1021 1373 1073 aliter
1398 1034 1720 1087 statuamus,
1745 1035 1798 1073 et
1820 1020 2044 1074 Claudio
2068 1021 2460 1073 absolutionem
2485 1020 2662 1091 operis
2683 1038 2784 1071 ne·

671 1124 887 1178 gemus,
921 1104 1105 1174 quia'a
1139 1102 1313 1152 Nerva
1347 1099 1542 1152 dicitur
1569 1101 1792 1152 emissus
1829 1098 1975 1152 lacus
2009 1102 2064 1151 in
2094 1100 2473 1172 inscriptione,
2505 1111 2784 1170 sequetur,

672 1200 731 1239 ut
752 1186 909 1236 etiam
937 1184 1107 1233 Nerva
1133 1197 1243 1231 non
1269 1179 1556 1231 absolverit
1572 1215 1590 1243 ,
1617 1182 1738 1250 quia
1763 1179 2072 1249 Spartianus
2103 1178 2260 1229 tradit
2277 1215 2293 1243 ,
2322 1176 2552 1229 eundem
2577 1174 2645 1227 ab
2669 1178 2786 1225 Ha-

674 1266 866 1317 driano
892 1264 1138 1313 emissum
1162 1261 1338 1312 fuisse.
1366 1259 1471 1311 Sed
1498 1272 1550 1310 et
1571 1258 1674 1309 hoc
1700 1276 1810 1309 nou
1835 1259 1986 1310 aliter
2006 1256 2378 1331 accipiendum
2397 1296 2414 1324 ,
2437 1274 2593 1328 quam
2609 1291 2626 1320 ,
2653 1267 2786 1325 post

672 1348 931 1409 Nervam,
960 1341 1267 1393 destitutum
1304 1358 1441 1412 opus
1470 1339 1787 1409 negligentia
1819 1338 2066 1409 Trajani,
2096 1352 2149 1391 et
2177 1338 2244 1389 ab
2274 1336 2542 1390 Hadriano
2575 1338 2786 1387 instau-

676 1438 849 1477 ratum
876 1424 1057 1475 fuisse.
1080 1422 1161 1471 An
1186 1439 1315 1473 vero
1334 1418 1588 1471 credibile
1613 1431 1720 1483 est,
1745 1419 1790 1471 si
1810 1418 2107 1471 Hadrianus
2131 1416 2261 1469 illud
2283 1436 2416 1488 opus
2442 1415 2786 1480 absolvisset,

674 1505 1017 1566 Suetonium,
1048 1502 1139 1571 qui
1168 1502 1221 1551 in
1248 1498 1499 1551 Hadriani
1527 1498 1650 1549 aula
1674 1498 1808 1563 fuit,
1837 1498 2065 1550 absoluti
2095 1500 2270 1569 operis
2296 1496 2518 1567 gloriam
2549 1494 2788 1546 tributu-

676 1604 791 1637 rum
816 1596 923 1635 tam
948 1581 1087 1632 clare
1105 1579 1329 1631 Claudio
1349 1582 1371 1632 ?
1396 1579 1613 1631 Maneat
1631 1597 1786 1649 ergo,
1812 1576 2090 1631 Claudium
2113 1580 2342 1649 primum
2364 1574 2654 1629 absolvisse
2673 1574 2784 1625 hoc

675 1682 845 1735 opus,
884 1665 1208 1713 instaurasse
1240 1660 1469 1730 primum
1498 1660 1724 1709 Nervam
1742 1695 1759 1722 ,
1797 1676 1920 1710 mox
1949 1656 2294 1709 Hadrianum.
2335 1656 2586 1710 Similiter
2615 1673 2784 1726 aquas

676 1745 881 1795 Curtias
908 1755 957 1793 et
978 1740 1209 1803 Caerulas
1233 1736 1518 1808 perductas
1539 1756 1572 1788 a
1592 1736 1846 1803 Claudio,
1873 1734 1964 1790 sed
1985 1739 2334 1804 intermissas,
2359 1736 2412 1787 h.
2442 1754 2487 1787 e.
2511 1734 2787 1805 neglectas

676 1842 705 1875 a
730 1821 1158 1885 successoribus,
1188 1837 1287 1871 nec
1312 1820 1439 1871 satis
1466 1818 1746 1887 diligenter
1767 1831 2104 1869 conservatas
2121 1856 2138 1884 ,
2167 1830 2218 1869 et
2247 1816 2372 1869 hinc
2401 1815 2632 1887 dilapsas
2649 1852 2666 1880 ,
2694 1816 2786 1865 in-

678 1905 931 1955 stauravit
946 1902 1301 1970 Vespasianus
1318 1937 1335 1965 ,
1366 1911 1424 1950 ut
1448 1898 1609 1950 docet
1631 1898 1906 1969 inscriptio
1931 1897 2076 1970 apud
2089 1898 2400 1963 Gruterum,
2417 1914 2536 1969 pag.
2567 1896 2664 1948 133
2680 1934 2697 1961 ,
2735 1912 2782 1946 1.

676 1987 802 2037 Ena.
829 1983 985 2035 Conf.
1009 1980 1243 2033 Fabretti
1268 1980 1548 2051 singularis
1569 1978 1778 2031 libellus
1800 1978 1867 2031 de
1891 1981 2138 2031 Emissar.
2163 1978 2287 2030 Lac.
2313 1980 2442 2029 Fue.
2469 1978 2656 2029 W'ou’.

696 2214 787 2233 m
792 2208 2774 2232 mmwmmmmmmmmmmmmmm

1262 2410 1910 2511 EXCURSUS
1970 2410 2202 2508 VIII

1137 2654 1273 2723 AD
1340 2651 1900 2740 NERONEM,
1970 2651 2139 2760 CAP.
2210 2673 2318 2748 ¹7·

688 3069 763 3157 Is
784 3103 891 3154 hoc
916 3103 1090 3172 capite
1112 3099 1391 3170 aliquoties
1412 3096 1726 3170 reprehendi
1747 3116 1776 3148 a
1793 3098 1924 3148 Jure
1943 3093 2208 3149 Consultis
2234 3095 2584 3153 indicavimus
2605 3099 2792 3154 Sueto·

687 3187 833 3238 nium
852 3222 869 3250 ,
895 3183 1046 3253 quasi
1071 3181 1278 3251 lapsum
1302 3181 1587 3244 memoria,
1621 3192 1680 3230 nt
1703 3180 1906 3229 Neroni
1931 3175 2275 3244 attribueret,
2309 3197 2424 3250 quae
2453 3183 2792 3253 superiorum

686 3268 1072 3334 Imperatorum
1098 3271 1291 3310 essent.
1322 3261 1398 3309 De
1425 3277 1485 3310 ea
1516 3276 1574 3308 re
1601 3256 1858 3308 nonnulla
1885 3259 2129 3309 universe
2154 3256 2424 3324 dicemus,
2454 3273 2512 3310 ut
2542 3262 2700 3312 etiam
2724 3259 2794 3311 ad

686 3345 795 3398 alia
821 3343 1197 3394 historicorum
1220 3339 1341 3391 loca
1372 3338 1712 3410 intelligenda
1745 3350 1797 3390 et
1820 3338 2134 3390 vindicanda
2165 3339 2420 3411 prodesse
2449 3344 2674 3410 possint.

762 3425 991 3476 Primum
1020 3422 1177 3491 igitur
1204 3419 1334 3471 mihi
1373 3418 1655 3471 ridiculum
1693 3419 1919 3485 videtur,
1954 3419 2090 3484 dici,
2126 3419 2437 3471 Suetonium
2463 3421 2519 3472 in
2553 3420 2638 3472 his
2665 3439 2798 3492 pec-

690 3525 840 3559 casse
862 3506 1129 3556 memoriae
1152 3502 1322 3574 lapsu.
1348 3502 1554 3553 Etenim
1576 3503 1620 3554 si
1641 3504 1758 3574 quis
1783 3504 2014 3572 scriptor
2037 3501 2171 3552 alius
2193 3504 2426 3570 generis,
2450 3517 2650 3566 orator,
2678 3501 2797 3575 phi·

691 3583 975 3656 losophus,
1003 3595 1097 3634 aut
1124 3597 1286 3652 poeta
1306 3619 1321 3644 ,
1352 3583 1443 3654 qui
1466 3580 1642 3632 obiter
1666 3599 1774 3632 rem
1799 3580 1958 3632 talem
1977 3621 1994 3648 ,
2023 3593 2292 3653 tamquam
2319 3581 2542 3653 exempli
2573 3601 2794 3650 caussa,

692 3666 1001 3733 attingeret,
1026 3657 1369 3730 ἑμιρσίματος
1384 3663 1662 3727 μνημονικοῦ
1680 3674 2004 3730 argueretur,
2029 3662 2152 3712 ferri
2175 3677 2355 3734 posset
2376 3661 2488 3713 haec
2509 3661 2792 3733 reprehen—

692 3745 791 3796 sio.
822 3743 958 3794 Nam
981 3741 1064 3794 his
1092 3760 1199 3794 non
1228 3743 1521 3793 necessaria
1555 3753 1634 3792 est
1663 3743 1888 3792 maxima
1914 3739 2182 3811 diligentia
2201 3781 2218 3808 ,
2245 3743 2390 3814 iique
2419 3742 2660 3813 exempla
2685 3743 2794 3794 fere

692 3843 722 3876 e
750 3824 1005 3876 memoria
1040 3821 1383 3892 depromunt.
1412 3824 1598 3894 Itaque
1635 3819 1870 3872 videmus
1907 3835 1962 3874 et
1991 3821 2366 3890 concedimus,
2404 3841 2495 3876 eos
2524 3821 2796 3874 interdum
2864 3867 2872 3880 .

690 3904 947 3956 memoria
974 3901 1153 3971 lapsos
1181 3903 1235 3952 in
1264 3899 1572 3952 nominibus
1597 3899 1838 3952 locorum
1867 3900 2282 3970 hominumque,
2315 3903 2368 3952 in
2397 3903 2663 3968 numeris,
2692 3914 2792 3953 etc.

626 3975 638 3986 ⁰
692 3983 798 4036 sed
822 3983 981 4052 longe
1006 3979 1157 4032 aliter
1182 3996 1260 4032 est
1278 3982 1333 4030 in
1359 3979 1615 4031 historico
1642 3979 1925 4048 diligente,
1951 3995 2001 4033 et
2021 3999 2085 4032 eo
2111 3979 2262 4046 locu,
2287 3979 2380 4033 ubi
2405 3995 2484 4033 est
2504 3979 2656 4032 sedes
2675 3999 2795 4052 pro—

694 4065 811 4134 pria
830 4064 1127 4132 argumenti
1146 4060 1369 4130 alicujus
1390 4079 1404 4120 ;
1424 4059 1498 4110 ibi
1518 4061 1758 4131 ineptum
1780 4079 1924 4128 esse,
1949 4063 2063 4127 aio,
2085 4064 2349 4112 memoriae
2369 4059 2550 4133 lapsus
2563 4064 2792 4131 jactare;

692 4142 856 4194 veluti
877 4144 930 4192 in
956 4139 1059 4190 hoc
1086 4141 1325 4194 Suetonii
1350 4140 1495 4204 loco,
1518 4139 1612 4191 ubi
1641 4140 1924 4193 Suetonius
1949 4141 2178 4192 instituit
2200 4159 2643 4204 commemorare,
2667 4138 2792 4213 quid

696 4225 817 4274 novi
845 4225 899 4275 in
932 4223 1053 4292 jure
1084 4223 1423 4274 constituerit
1458 4223 1621 4274 Nero.
1660 4223 1784 4274 Non
1823 4221 1910 4274 hic
1940 4242 1970 4274 e
1996 4223 2246 4276 memoria
2287 4222 2516 4276 scribere
2554 4233 2790 4294 poterat,
