3050 5004
650 472 734 537 58
1315 484 1320 493 '
1392 474 1467 535 C..
1517 468 1987 538 sul-:Toum

646 597 1076 665 scriminibus
1119 594 1416 689 objecto,
1465 598 1861 691 tempestiva
1906 598 2281 679 mnvivia⁵‚
2324 601 2593 665 Circum
2614 650 2631 681 ,
2681 614 2749 665 et

648 708 910 776 theatra
930 761 949 790 ‚
984 725 1052 776 et
1073 730 1376 775 amoenos
1403 730 1709 776 secessus
1734 708 2173 776 celebrarent.
2198 738 2227 767 n

738 824 970 887 XLVI.
1021 824 1368 887 Postremo
1385 872 1403 901 ‚
1429 821 1625 913 quasi
1648 834 2155 912 perpetraturus
2182 817 2437 885 bellum
2451 871 2470 899 ‚
2496 818 2753 886 directa

644 932 786 997 acie
813 932 884 995 in
921 928 1116 995 litore
1143 930 1432 1011 Oceani,
1463 952 1547 995 ac
1571 928 1855 997 ballistis
1882 928 2345 1023 machinisque
2370 924 2751 1021 dispositis}

647 1040 916 1106 nemine
963 1048 1176 1130 gnaro
1213 1053 1333 1105 aut
1375 1041 1698 1131 opinante
1718 1090 1734 1121 ‚
1778 1037 2107 1133 quidnam
2152 1056 2495 1131 coeptums
2534 1056 2711 1106 esset
2728 1092 2751 1121 ‚

646 1164 963 1241 repente,
997 1164 1076 1217 ut
1107 1148 1404 1218 conchas
1424 1148 1726 1241 legerent
1745 1201 1762 1232 ‚
1804 1149 2163 1245 galeasque
2200 1166 2269 1217 et
2307 1153 2495 1217 sinus
2534 1150 2755 1243 reple-

647 1274 836 1343 rent,
882 1262 1322 1354 imperavit13
1375 1288 1402 1320 ι
1427 1258 1645 1353 spolia
1682 1263 1935 1328 Oceani
1958 1292 1983 1322 n
2038 1284 2321 1343 vocans,
2378 1288 2405 1321 α
2426 1260 2753 1353 Capitolio

649 1370 1036 1467 Palatioque
1077 1369 1323 1441 debita.
1351 1402 1376 1432 n
1429 1376 1514 1438 Et
1553 1374 1623 1438 in
1664 1371 1988 1441 indicium
2014 1374 2311 1439 victoriae
2356 1371 2751 1439 altissimam

649 1500 908 1549 turrem
943 1484 1287 1566 excitavit,
1319 1506 1402 1551 ex
1443 1506 1611 1578 qua,
1650 1497 1730 1549 ut
1770 1504 1853 1550 ex
1888 1483 2107 1553 Pharo
2122 1534 2140 1564 ‚
2178 1479 2489 1551 noctibus
2530 1478 2617 1547 ad
2656 1504 2755 1547 re-

650 1592 904 1684 gendos
935 1595 1212 1661 navium
1240 1616 1480 1662 cursus
1513 1596 1707 1687 ignes
1738 1596 2139 1661 emicarent:
2174 1594 2757 1686 pronunciatoque

649 1702 846 1769 militi
889 1702 1238 1785 donativo,
1286 1706 1588 1771 centenis
1634 1704 1885 1771 viritim
1936 1702 2259 1786 denariis,
2313 1702 2506 1796 quasi
2550 1722 2757 1767 omne

649 1812 1039 1907 exemplum
1077 1812 1494 1881 liberalitatis
1536 1836 2013 1907 supergressus
2032 1864 2049 1896 ,
2104 1842 2133 1873 ι
2154 1810 2345 1879 Abite
2366 1862 2385 1896 ,
2414 1842 2443 1872 κ
2492 1812 2711 1904 inquit
2732 1861 2756 1892 ,

660 1952 688 1981 a
715 1922 850 1991 laeti
870 1972 888 2003 ,
913 1922 1090 1989 abite
1111 1920 1507 2015 locupletes,
1536 1954 1565 1984 ι

741 2038 1009 2101 XLVII.
1042 2040 1422 2103 Conversus
1443 2031 1605 2103 hinc
1630 2033 1717 2101 ad
1740 2056 1975 2101 cutum
1998 2032 2357 2127 triumphi,
2384 2046 2631 2124 proeter
2656 2054 2763 2097 ca·

651 2144 874 2235 ptivos
887 2166 968 2211 ac
981 2144 1366 2236 transfugas
1385 2143 1708 2213 barbaros
1728 2196 1748 2227 ,
1762 2143 2135 2212 Galliarum
2146 2166 2419 2239 quoque
2436 2142 2763 2235 proceris-

653 2256 904 2321 simum
947 2278 1322 2351 quemque,
1369 2271 1466 2339 et,
1511 2271 1593 2322 ut
1635 2258 1783 2347 ipse
1818 2253 2112 2338 dicebat,
2150 2268 2601 2347 ἀξιοθριάρῶωων
2617 2308 2636 2341 ,
2676 2274 2763 2318 ac

653 2362 1020 2435 nonnullos
1055 2390 1138 2435 ex
1165 2367 1587 2460 principibus
1615 2366 1777 2457 legit
1793 2418 1811 2449 ,
1844 2388 1925 2433 ac
1952 2368 2252 2459 seposuit
2276 2364 2365 2433 ad
2394 2386 2755 2457 pompam3

653 2478 1006 2574 coegitque
1032 2502 1174 2548 non
1213 2496 1478 2548 tantum
1517 2477 1797 2546 rutilare
1840 2494 1909 2546 et
1948 2479 2370 2550 summittere
2417 2487 2433 2515 ¹
2454 2498 2716 2544 comam
2738 2528 2759 2557 ,

655 2587 774 2656 sed
798 2607 868 2657 et
888 2611 1272 2659 sermonem
1293 2593 1773 2660 Germanicum
1797 2585 2145 2658 addiscere
2166 2643 2183 2672 ,
2218 2605 2286 2655 et
2301 2589 2579 2655 nomina
2608 2585 2765 2654 bar-

657 2699 883 2766 barica
903 2701 1100 2768 ferre.
1131 2705 1456 2794 Praecepit
1477 2704 1679 2768 etiam
1700 2755 1717 2782 ,
1750 2703 2057 2768 triremes
2079 2753 2096 2781 ,
2130 2698 2379 2794 quibus
2410 2699 2765 2765 introierat

655 2903 830 2950 nunno.
845 2910 892 2944 et
907 2911 1068 2946 vosmet
1084 2903 1206 2946 rebus
1221 2911 1378 2946 sensu
1395 2903 1599 2946 secundis.

729 2979 780 3032 5.
796 2980 1120 3050 Tempestiva
1129 2979 1387 3033 convivia.
1402 2984 1500 3047 Ita,
1509 2983 1669 3033 Mem-

659 3059 838 3109 miano
871 3058 1005 3110 eod.
1039 3071 1338 3130 praeunte,
1365 3061 1665 3113 restitutum

659 3155 758 3209 pro
777 3138 960 3211 inepta
975 3139 1310 3192 librariorum
1333 3143 1668 3192 correctione

659 3219 1043 3292 intempestiva,
1069 3211 1187 3294 quse
1207 3221 1494 3294 plerosque
1515 3221 1667 3273 locos

661 3300 866 3351 invasit.
910 3302 990 3352 De
1030 3300 1342 3371 tempestivis
1379 3302 1667 3364 conviviis,

662 3377 767 3430 hoc
803 3393 908 3447 est,
939 3391 1062 3433 ante
1091 3379 1282 3433 horam
1313 3380 1520 3434 solitam
1560 3397 1671 3432 coe-

661 3475 772 3523 me,
797 3477 992 3511 nonam
1019 3461 1129 3512 fere
1147 3459 1232 3513 vel
1257 3459 1513 3514 decimam
1537 3459 1668 3526 diei,

663 3538 923 3609 inceptis,
965 3555 1083 3610 quoe
1123 3551 1176 3593 et
1212 3539 1672 3611 intemperantiam

661 3629 714 3668 et
743 3619 985 3670 inertiam
1011 3632 1120 3671 tam
1151 3633 1354 3672 mature
1375 3622 1673 3674 comissan-

663 3697 796 3748 tium
823 3696 1205 3766 ostendebant,
1237 3699 1360 3753 vide
1384 3702 1529 3770 Lips.
1566 3700 1674 3751 Ex-

665 3793 804 3828 curs.
852 3776 922 3829 ad
963 3779 1132 3830 Tacit.
1176 3778 1374 3831 Annal,
1416 3779 1558 3842 xlv,
1608 3795 1672 3838 ας

663 3853 880 3909 Salmas.
903 3853 972 3908 ad
985 3857 1201 3929 Vopisc.
1221 3857 1362 3910 Flor.
1381 3857 1482 3918 v1;
1499 3859 1677 3909 Frein-

665 3935 832 3988 shem.
869 3938 938 3990 ad
968 3939 1116 3992 Curt.
1151 3943 1216 4007 V,
1245 3955 1298 4009 7,
1331 3951 1385 3992 et
1410 3941 1514 4006 Vl,
1548 3957 1609 4000 ²3
1642 3959 1673 3991 e

668 4016 860 4086 quibus
872 4017 1174 4085 Salmasius,
1183 4020 1543 4091 intempestiva
1551 4035 1677 4069 con·

669 4094 808 4145 vivia
822 4133 838 4162 ,
866 4115 982 4167 qun
1005 4111 1188 4150 nostro
1207 4095 1430 4170 aliisque
1447 4097 1581 4148 locis
1604 4097 1679 4150 fe·

669 4187 794 4227 runt
814 4177 957 4248 Lips-
984 4191 1034 4230 et
1051 4177 1374 4230 Freinshem.
1401 4195 1522 4230 cum
1548 4175 1678 4228 mul-

1755 2905 1823 2957 tis
1838 2941 1857 2970 ,
1880 2921 2099 2976 prorsus
2121 2902 2383 2974 ejicienda
2404 2921 2435 2954 e
2461 2901 2607 2953 libris
2628 2917 2763 2951 cen-
2819 2899 2829 2910 '

1756 2997 1834 3035 set
1848 3022 1864 3051 ,
1902 2996 1963 3035 ut
2000 2983 2339 3035 librariorum
2380 2979 2543 3032 modo
2582 2997 2765 3032 errore

1756 3075 1890 3115 orta.

1824 3142 2003 3194 xlm.
2036 3159 2079 3192 ι.
2110 3142 2434 3192 Postremo...
2464 3137 2761 3209 imperavit.

1756 3223 1838 3276 cf.
1864 3223 1994 3288 Dio,
2016 3223 2157 3288 ux,
2184 3217 2266 3272 25.
2290 3249 2365 3262 -
2386 3219 2469 3274 De
2492 3219 2641 3284 loco,
2666 3217 2765 3269 ubi

1758 3302 1909 3356 mnis
1922 3300 2015 3353 illa
2034 3319 2065 3352 a
2082 3301 2213 3353 Caio
2232 3312 2497 3352 exstructa
2516 3310 2621 3364 est,
2638 3297 2769 3350 vide

1758 3379 2085 3452 disputantes
2092 3379 2236 3432 viros
2246 3375 2437 3432 doctos
2444 3377 2511 3430 ad
2524 3390 2769 3430 nostrum

1757 3457 1954 3510 locum.
1982 3458 2255 3511 Fabricius
2291 3471 2470 3510 autem
2506 3455 2573 3509 ad
2602 3457 2764 3508 Dion.

1766 3561 1788 3586 a
1808 3539 1977 3608 Hujus
1998 3541 2153 3590 turris
2176 3557 2271 3591 seu
2294 3537 2477 3604 Phari,
2501 3537 2567 3589 ad
2590 3537 2771 3588 Bono-

1759 3619 1903 3670 niam
1955 3615 2133 3670 adbuc
2182 3618 2479 3687 superstitis
2494 3653 2512 3680 ,
2560 3615 2766 3683 effigies

1764 3695 1909 3767 apud
1933 3695 2303 3748 montfaucon.
2340 3708 2471 3747 tom.
2502 3695 2588 3760 IV,
2624 3693 2771 3763 Sap-

1760 3775 1923 3849 plem.
1948 3775 2082 3828 Tab.
2112 3775 2197 3828 50.
2220 3799 2243 3823 n

1832 3855 2035 3910 XLVII.
2084 3875 2127 3908 ι.
2168 3856 2417 3909 Rutilum.
2432 3895 2444 3906 .
2462 3893 2473 3904 .
2490 3891 2503 3904 .
2541 3871 2766 3904 σοιηαηι.

1760 3935 2039 3988 Germanis
2054 3936 2194 3987 enim
2206 3972 2223 3999 ,
2244 3947 2307 3987 ut
2320 3934 2489 3986 Tacit.
2504 3933 2682 3984 Germ.
2706 3932 2772 3998 4,

1768 4039 1791 4062 ιι
1812 4027 1987 4068 truces
2006 4026 2059 4066 et
2074 4013 2285 4066 caerulei
2304 4011 2445 4065 oculi
2456 4050 2475 4078 ,
2492 4011 2663 4064 rutile
2678 4029 2773 4061 co-

1765 4113 1886 4162 me,
1918 4111 2109 4164 magna
2134 4111 2363 4166 corpora
2386 4103 2439 4145 et
2462 4103 2666 4144 tantum
2697 4089 2773 4142 ad

1767 4177 2021 4246 impetum
2044 4171 2233 4225 valida.
2254 4195 2277 4218 ι
