3050 5004
703 490 837 573 354
1454 493 1532 555 c,
1581 492 2050 559 suss'romi

698 623 881 689 mine
906 619 1111 685 unius
1140 642 1179 683 e
1206 615 1477 707 regibus
1502 622 1642 687 suis
1667 624 2212 713 turpissimarum
2233 627 2558 697 sordium.
2587 633 2712 701 Sed
2733 652 2790 701 et

694 735 766 799 in
802 728 1043 797 funere
1079 732 1295 795 Favor
1326 728 1766 799 archimimus
1799 755 2162 824 personam
2193 733 2340 828 ejus
2371 740 2628 825 ferens,
2661 746 2790 813 imi-

694 862 1010 934 tansque,
1031 855 1109 906 ut
1126 854 1231 907 est
1250 862 1399 907 mos
1414 892 1433 921 ,
1456 840 1632 909 facta
1653 866 1734 909 ac
1751 842 1930 911 dicta
1947 848 2114 927 vivi,
2133 850 2560 942 interrogatis
2579 856 2789 947 palam

693 948 1274 1045 procuratoi·ibu3‚
1314 980 1341 1009 a
1362 956 1597 1045 quanti
1635 954 1842 1023 funus
1879 973 1948 1024 et
1982 982 2234 1052 pompa
2269 973 2652 1034 constaret?
2670 1000 2696 1027 a
2725 986 2790 1035 ut

690 1062 905 1129 audiit
922 1112 939 1143 ,
972 1090 1001 1120 α
1021 1063 1325 1129 sestertio
1353 1065 1640 1145 centies,
1661 1095 1688 1125 n
1721 1064 2118 1137 exclamavit
2135 1121 2153 1150 ‚
2187 1074 2520 1159 «Centum
2548 1076 2677 1145 sibi
2699 1102 2788 1145 se-

692 1175 960 1241 stertia⁷
992 1170 1233 1238 darent
1251 1222 1268 1253 ,
1302 1194 1383 1239 ac
1408 1196 1481 1238 se
1509 1173 1618 1239 vel
1645 1176 1718 1241 in
1744 1174 2040 1245 Tiberim
2069 1177 2496 1272 projicerent.
2519 1216 2547 1247 a·

782 1288 927 1351 XX.
978 1286 1246 1353 Statura
1268 1282 1394 1349 fuit
1416 1284 1746 1379 quadrata
1765 1296 1812 1369 ¹,
1835 1294 2200 1383 compactis
2223 1291 2572 1391 firmisque
2597 1322 2790 1365 mem-

690 1393 831 1461 bris
846 1447 863 1476 ,
886 1392 1081 1461 vultu
1098 1391 1307 1461 veluti
1328 1396 1628 1463 nitentia.
1650 1400 1752 1464 De
1774 1422 1912 1491 quo
1931 1402 2210 1495 quidam
2225 1404 2643 1476 urbanorum
2663 1432 2790 1478 non

684 1505 971 1573 infacete
1000 1531 1014 1570 ε
1042 1503 1380 1598 siquidem
1407 1512 1702 1599 petenti,
1739 1540 1766 1569 κ
1784 1526 1862 1579 ut
1881 1529 1952 1579 et
1970 1515 2042 1580 in
2067 1537 2140 1581 se
2165 1514 2421 1611 aliquid
2443 1516 2698 1588 diceret
2723 1548 2736 1587 :
2759 1552 2782 1581 ι»

695 1645 723 1674 «ι
746 1617 983 1683 Dicam
1002 1667 1019 1695 ,
1041 1645 1067 1675 υ
1114 1617 1367 1709 inquit,
1412 1646 1439 1677 α
1458 1640 1676 1711 quum
1709 1638 2012 1691 ventrem
2049 1649 2412 1695 exonerare
2443 1628 2738 1698 desieris,
2760 1662 2782 1691 n

602 1724 617 1740 ’
691 1722 1091 1791 valetudine
1126 1728 1587 1817 prosperrima
1627 1754 1792 1799 usus
1831 1748 1934 1799 est
1950 1784 1968 1815 ,
2005 1740 2317 1829 quamvis
2355 1736 2441 1805 ad
2477 1740 2790 1808 tuendam

688 1860 841 1903 eam
858 1834 1028 1903 nihil
1046 1833 1342 1927 amplius
1364 1861 1572 1930 quam
1591 1840 1820 1909 fauces
1837 1860 2192 1939 ceteraque
2213 1848 2520 1917 membra
2537 1851 2795 1920 sibimet

686 1944 775 2013 ad
788 1969 1157 2013 numerum
1170 1948 1243 2013 in
1256 1946 1712 2038 sphaeristerio
1727 1949 2086 2024 defricaret
2095 1966 2139 2040 ²,
2153 1959 2584 2056 inediamque
2599 1968 2791 2031 unius

675 2054 819 2123 ,diei
842 2078 966 2147 per
988 2054 1295 2147 singulos
1322 2081 1592 2127 menses
1616 2063 2096 2157 interponeret.

780 2168 957 2231 XXI.
1011 2164 1340 2233 Ordinem
1362 2171 1516 2235 vitae
1535 2170 1676 2237 fere
1697 2172 1880 2243 hunc
1899 2180 2134 2244 tenuit.
2159 2183 2238 2245 In
2261 2184 2650 2276 principatu
2667 2210 2795 2253 ma-

685 2279 903 2345 turius
929 2300 1197 2371 semper
1212 2329 1229 2357 ‚
1254 2300 1335 2345 ac
1358 2278 1443 2346 de
1466 2298 1664 2349 nocte
1685 2284 2042 2377 evigilabat
2061 2306 2076 2335 ¹
2109 2288 2304 2357 :dein
2325 2292 2642 2386 perlectis
2667 2301 2795 2391 epi-

684 2387 875 2456 stolis
892 2441 909 2467 ‚
938 2387 1456 2485 officiorumque
1485 2394 1790 2462 omnium
1810 2404 1834 2433 ²
1871 2398 2248 2485 breviariiS,
2279 2406 2534 2471 amicos
2566 2404 2797 2475 admit-

680 2605 847 2656 sordes
884 2605 1099 2670 Nostri,
1136 2603 1192 2656 h.
1238 2625 1283 2658 e.
1325 2608 1573 2673 avaritia,
1611 2629 1698 2661 re-

1786 2623 1936 2664 caret.
1960 2613 2096 2666 Cels.
2113 2617 2189 2681 ΙΙ,
2215 2617 2308 2684 14:
2335 2640 2358 2663 a
2379 2619 2570 2690 Neque
2590 2622 2796 2675 audien·

683 2682 952 2752 spondent
971 2681 1277 2752 αἰτιλιυθτρίς.
1294 2685 1588 2740 Strabonis.
1607 2691 1698 2740 vi-

1784 2691 1841 2742 di
1867 2705 2020 2760 sunt,
2051 2697 2140 2766 qui
2165 2713 2384 2749 numero
2410 2697 2639 2767 finiunt,
2669 2719 2792 2772 quo-

684 2761 753 2816 de
780 2761 851 2814 ad
878 2765 1079 2816 Neron.
1102 2781 1221 2836 cap.
1249 2766 1337 2817 3ο.

752 2866 782 2916 7
794 2889 805 2900 .
838 2851 1055 2902 Centum
1072 2851 1170 2904 sibi
1186 2856 1439 2916 seneffia,-
1460 2854 1566 2908 hoc
1587 2870 1696 2923 est,

678 2927 763 2980 vel
804 2931 1149 2982 centesimam
1186 2949 1405 2985 summae
1440 2936 1495 2984 in
1537 2936 1698 2988 funus

678 3010 931 3076 impensae
968 3022 1190 3077 partem.
1231 3011 1355 3061 Miri
1384 3013 1604 3065 fuerunt
1639 3017 1696 3067 in

662 3086 1083 3160 ‚interpretando
1109 3087 1162 3138 h.
1182 3085 1219 3138 Ι.
1240 3091 1578 3162 interpretes.
1601 3095 1700 3146 Ce-

677 3182 882 3232 terum,
912 3187 1079 3240 quum
1104 3169 1291 3221 centies
1315 3171 1425 3224 HS.
1449 3173 1505 3224 in
1537 3174 1697 3226 funus

677 3248 1049 3324 impenderent
1066 3249 1323 3314 Romani,
1342 3252 1517 3304 minus
1539 3253 1698 3304 dubi-

678 3331 903 3382 tandum
929 3345 1048 3396 cap.
1078 3325 1140 3377 16
1172 3326 1241 3378 de
1273 3330 1697 3404 quadrinqenties

676 3409 897 3474 millies,
916 3405 1011 3458 ubi
1030 3425 1206 3458 sermo
1228 3405 1295 3458 de
1312 3409 1477 3462 totius
1493 3411 1696 3483 Reipu-

674 3490 827 3542 blicae
850 3490 1185 3542 necessitate.

746 3571 864 3622 XX.
920 3587 963 3620 ι.
1012 3569 1223 3621 Statura
1254 3568 1373 3640 fuit
1412 3570 1691 3640 quadrata.

672 3650 810 3704 Cels.
836 3651 912 3716 11,
944 3668 963 3702 1
982 3685 1001 3712 ‚
1034 3670 1055 3695 a
1074 3649 1285 3719 Corpus
1308 3647 1696 3702 habilissimum

674 3731 995 3804 quadratum
1016 3741 1097 3782 est
1112 3767 1129 3796 ,
1152 3748 1330 3802 neque
1348 3729 1576 3800 gracile,
1599 3749 1696 3783 ne-

676 3829 781 3880 que
802 3811 1054 3876 obesum,
1076 3822 1177 3860 etc.
1199 3831 1225 3857 n
1253 3807 1385 3860 Inde
1404 3807 1694 3876 ematve-m

672 3891 869 3942 Graecis
900 3890 1063 3940 etiam
1098 3887 1295 3940 dicitur
1327 3887 1692 3960 metaphorice

672 3970 769 4032 vir,
800 3971 853 4019 in
886 3987 995 4038 quo
1024 3969 1205 4020 omnia
1232 3966 1534 4038 quadrant,
1565 3969 1616 4020 h.
1643 3989 1691 4021 e.

670 4048 728 4096 in
746 4066 853 4119 quo
868 4064 1121 4098 sensuum
1138 4045 1542 4116 affectuumque
1557 4067 1694 4100 sum·

670 4145 759 4192 ma
789 4141 870 4180 est
892 4127 1221 4198 mquabilitas
1243 4137 1297 4178 et
1326 4129 1649 4180 constantia.

747 4225 797 4258 2.
826 4207 1044 4259 sibimet
1064 4205 1135 4258 ad
1156 4223 1492 4258 numerum...
1523 4206 1692 4278 defri-

1786 2773 1884 2823 ties
1892 2770 1996 2844 aliq
2003 2775 2083 2824 uis
2097 2773 2472 2845 perfricandus
2488 2779 2573 2830 sit.
2587 2779 2648 2832 ld
2663 2783 2796 2833 enim

1787 2869 1852 2904 ex
1865 2851 2064 2904 viribus
2077 2851 2308 2908 hominis
2323 2855 2686 2928 colligendum
2703 2873 2794 2915 est.

1787 2933 1861 2982 Ut
1890 2933 1934 2982 si
1971 2934 2088 3005 quis
2115 2935 2452 3004 perinfirmus
2487 2954 2596 3006 est,
2625 2955 2799 3012 potest

1787 3011 1912 3064 satis
1923 3029 2039 3065 esse
2053 3015 2410 3086 quinquagies
2422 3037 2436 3078 ;
2453 3020 2496 3070 si
2511 3019 2800 3085 robustior,

1785 3103 1966 3162 potest
2001 3089 2279 3148 ducenties
2313 3113 2429 3148 esse
2463 3097 2795 3158 faciendum:

1787 3171 1928 3222 inter
1957 3173 2242 3243 utrumque
2269 3173 2494 3243 deinde,
2525 3194 2696 3248 prout
2721 3183 2798 3232 vi-

1785 3268 1872 3302 res
1908 3265 2050 3304 sunt.
2071 3275 2094 3299 a·
2117 3253 2620 3326 *Sphoeristerium
2655 3259 2801 3312 locus

1786 3342 1899 3380 erat
1926 3331 2152 3398 balinei,
2186 3333 2280 3386 ubi
2311 3337 2470 3388 variis
2503 3343 2802 3406 exercitii3‚

1785 3407 1902 3480 pilae
1941 3405 2164 3465 maxime
2199 3412 2348 3480 lusu,
2387 3416 2530 3469 unde
2565 3439 2799 3482 nomen,

1783 3507 1980 3560 corpus
2027 3505 2151 3563 post
2201 3492 2452 3546 balneum
2504 3497 2799 3567 agitabant.

1785 3567 1864 3618 Cf.
1901 3568 2035 3621 Plin.
2069 3571 2236 3640 Epist.
2273 3575 2350 3637 11,
2387 3587 2482 3643 ¹7,
2525 3589 2618 3640 η,
2649 3591 2704 3628 et
2729 3579 2802 3640 V,

1785 3645 1846 3706 6,
1877 3663 1972 3715 27,
2007 3669 2030 3694 κ
2049 3648 2375 3722 Apodyterio
2403 3659 2801 3725 superpositum

1785 3738 1866 3777 est
1892 3726 2330 3798 sphaeristerium‚
2360 3732 2507 3803 quod
2535 3734 2694 3805 plura
2717 3755 2804 3806 ge-

1785 3823 1914 3857 nera
1939 3810 2327 3862 exercitationis
2344 3849 2360 3876 ‚
2383 3810 2683 3886 pluresque
2706 3817 2804 3868 cir-

1785 3887 1937 3938 culos
1965 3891 2128 3958 capit.
2153 3913 2176 3935 u

1855 3968 1992 4018 XXI.
2033 3985 2074 4019 ι.
2107 3969 2420 4041 Εὺὶ9ἰὶαὸαε.
2446 3973 2592 4025 Libri
2617 3974 2802 4049 vigila-

1785 4047 1898 4113 bat,
1933 4047 2026 4098 sed
2055 4067 2164 4099 non
2195 4049 2447 4102 audiendi
2475 4067 2664 4105 contra
2697 4054 2800 4104 loci

1783 4130 2108 4180 sententiam.
2136 4127 2272 4181 Vide
2296 4129 2368 4181 ad
2393 4133 2618 4202 August.
2648 4135 2732 4202 78.

1857 4225 1908 4260 α.
1945 4205 2358 4282 Qfficiorumqtoe
2375 4215 2646 4277 omnium5
2674 4214 2724 4266 h.
2745 4231 2794 4265 o.
