3050 5004
1111 485 1613 551 CLAUDIUS.

2280 507 2401 575 117

303 614 504 707 Appii
535 632 608 683 et
631 615 952 705 deinceps
975 609 1394 706 aliquamdiu
1417 610 1736 677 libertinos
1758 609 1972 679 dictos
1987 666 2004 693 ‚
2030 635 2169 679 non
2192 616 2405 706 ipsoS,

309 730 430 820 qui
471 728 1138 815 manumitterentur,
1179 721 1300 791 sed
1327 726 1659 812 ingenuos
1696 748 1777 791 ex
1812 722 1917 791 his
1958 724 2405 816 ⁴procreatos.

309 833 610 930 Collegio
655 838 1092 924 Quaestorum
1135 857 1260 927 pro
1309 846 1599 899 stratmu
1638 836 1901 901 viarum
1940 822 2409 925 gladiatorium

309 970 564 1015 munus
589 947 956 1041 injunxit⁵3
985 943 1416 1037 detractaque
1439 945 1731 1011 Ostiensi
1760 962 1827 1012 et
1856 944 2109 1014 Gallica
2138 948 2410 1038 provin·-

305 1165 850 1240 beninorumfilt'os...
873 1166 1108 1242 adlegisse
1125 1165 1315 1217 docuit.

307 1246 484 1311 Livio,
503 1247 606 1311 lx,
625 1247 697 1313 46
711 1284 729 1313 ,
748 1244 943 1297 dicitur
959 1248 1006 1299 is
1031 1268 1054 1293 α
1067 1247 1316 1298 Senatum

308 1327 515 1395 primus
535 1324 906 1378 libertinorum
919 1323 1051 1379 filiis
1070 1322 1219 1375 lectis
1240 1322 1320 1372 in-

305 1408 588 1477 quinasseg
611 1430 634 1453 ι
668 1420 722 1459 et
749 1424 796 1459 c.
827 1424 922 1475 29,
955 1428 978 1452 ι
997 1405 1212 1456 infamis
1242 1416 1321 1454 at—

305 1504 416 1557 que
453 1483 717 1537 invidiosa
751 1485 988 1542 Senatus,
1013 1482 1170 1537 lectio
1190 1504 1212 1529 n
1251 1478 1319 1531 dc

305 1582 368 1614 re
409 1562 597 1616 eadem
637 1576 732 1617 est.
773 1562 956 1619 Aure-l.
997 1564 1208 1627 Victor,
1252 1559 1318 1612 de

301 1645 414 1694 Vir.
446 1641 718 1697 mnan-..2
741 1643 843 1710 34,
863 1666 886 1691 ι
905 1645 1046 1713 App.
1065 1639 1320 1695 Claudius

301 1722 490 1777 Cacus
521 1726 590 1775 in
609 1742 842 1777 censura
875 1721 1152 1775 libertinos
1181 1738 1320 1793 quo-

303 1822 414 1875 que
454 1805 512 1855 in
547 1804 802 1861 Senatum
833 1803 978 1873 legit.
1001 1825 1024 1850 ιι
1065 1799 1319 1853 Claudius

303 1884 542 1954 denique
557 1882 708 1955 apud
729 1882 858 1938 Tac.
885 1879 1076 1935 Annal.
1097 1882 1197 1946 XI,
1221 1878 1316 1946 24,

303 1966 362 2015 in
400 1965 648 2015 oratione
663 2002 681 2030 ,
723 1962 1162 2015 «Libertinorum
1197 1960 1317 2013 filiis

307 2042 646 2111 magistratus
665 2040 936 2095 mandari:
961 2058 1072 2095 non
1089 2078 1106 2105 ‚
1129 2052 1190 2091 ut
1207 2038 1319 2109 ple-

307 2124 463 2192 rique
488 2117 768 2188 falluntur,
788 2138 1006 2182 recens;
1031 2118 1125 2173 sed
1149 2120 1318 2191 priori

305 2198 516 2271 populo
537 2202 844 2261 factitatum
873 2212 966 2251 est.
987 2220 1010 2246 n

378 2284 434 2349 4.
469 2284 753 2355 Iynarus...
775 2291 1086 2355 procreatos.
1111 2282 1314 2333 Ernest.

309 2360 379 2414 ad
407 2361 464 2413 h.
497 2362 534 2415 l.
562 2374 616 2414 et
645 2364 700 2413 in
731 2362 878 2413 Clav.
906 2361 1016 2413 Cic.
1045 2379 1167 2413 cum
1198 2360 1316 2413 aliis

310 2460 426 2494 eam
456 2442 716 2495 Suetonio
745 2439 952 2512 affingit
971 2441 1282 2493 sententiam
1297 2477 1316 2507 ,

307 2524 488 2592 quasi,
511 2523 676 2594 Appii
694 2522 1022 2592 temporibus
1039 2539 1236 2572 nomen
1254 2519 1317 2572 li-

305 2603 635 2656 bertinorum
647 2605 862 2675 posteris
873 2605 1034 2656 etiam
1049 2601 1316 2654 libertino·

307 2703 453 2752 rum,
482 2687 724 2768 quamgis
741 2687 850 2755 jam
873 2686 1142 2754 ingenuis,
1165 2702 1314 2735 man-

309 2767 436 2817 sisse
481 2763 744 2831 dixisset,
787 2765 1097 2834 gravissime
1142 2764 1314 2814 incre-

306 2861 474 2913 pans,
501 2845 594 2913 qni
621 2843 774 2897 aliter.
785 2844 1106 2896 existimant.
1129 2843 1312 2894 Virum

308 2921 674 2976 doctissimum
694 2961 710 2988 ,
759 2921 856 2976 sed
898 2922 1090 2975 diversi
1124 2922 1315 2992 judicii

307 3005 754 3076 impatientiorem
767 3043 784 3070 ,
800 3008 873 3057 ita
887 3005 1186 3056 refutarunt
1197 3005 1316 3056 Bre-

307 3085 442 3136 mius
475 3097 532 3135 et
559 3083 824 3149 wolfius,
863 3096 922 3135 ut
955 3081 1092 3134 nihil·
1121 3082 1310 3153 reliqui

305 3160 530 3214 videam.
546 3163 764 3232 Optime
779 3161 868 3212 ille
881 3174 1091 3227 monet,
1107 3161 1178 3212 ita
1193 3163 1313 3214 scri-

303 3255 522 3310 pturum
535 3243 700 3295 fuisse
713 3240 1052 3307 Suetonium,
1079 3262 1102 3287 c
1115 3235 1226 3293 non
1237 3259 1312 3294 so-

303 3317 410 3370 lum
430 3337 542 3384 eos,
567 3321 660 3390 qui
679 3321 1192 3384 manumitterentur,
1215 3319 1310 3372 sed

303 3397 566 3466 ingenuos
585 3397 744 3450 etiam
759 3415 825 3456 ex,
835 3396 916 3448 his
931 3408 1266 3468 procreatos,
1279 3421 1303 3446 υ

302 3493 476 3547 neque
503 3475 930 3547 explicari-posse
949 3495 1056 3528 non
1076 3493 1175 3546 pro
1201 3495 1308 3531 non

305 3556 458 3610 modo
471 3595 490 3621 ,
519 3559 772 3628 quoniam
792 3555 1122 3626 ambiguitati
1145 3559 1218 3609 ita
1237 3557 1310 3608 lo-

303 3654 422 3688 cum
438 3635 692 3703 dedisset,
707 3637 802 3689 ubi
813 3636 872 3688 id
883 3649 1080 3708 ageret,
1093 3651 1152 3688 ut
1175 3638 1306 3691 alios

302 3714 518 3767 meliora
535 3713 800 3774 edoceret.
815 3717 938 3766 Haec
951 3716 1112 3785 igitur
1125 3729 1306 3768 aticto·

299 3793 368 3844 ris
386 3807 464 3846 est
481 3795 766 3846 sententia:
795 3816 817 3840 ιι
831 3794 974 3848 Male
989 3812 1045 3846 se
1066 3793 1306 3849 defendit

303 3870 558 3924 Claudius
591 3875 923 3943 proauctoris
957 3874 1162 3942 generis
1191 3877 1304 3942 sui,

300 3954 460 4024 Appii
495 3951 704 4006 Claudii
724 3989 741 4018 ,
783 3954 1022 4024 exemplo
1043 3991 1060 4016 ‚
1105 3971 1266 4025 quum
1283 3992 1300 4020 ‚

300 4029 389 4082 illo
429 4049 540 4084 aevo
571 4049 753 4101 aeque,
790 4050 852 4084 ac
880 4049 1012 4097 suo,
1041 4032 1304 4086 libertinos

299 4112 441 4181 ipsos
469 4112 821 4164 manumissos
845 4129 960 4164 esse
985 4123 1224 4182 putaret,
1249 4125 1304 4164 et

301 4187 366 4240 ab
387 4189 477 4241 illo
506 4191 666 4242 etiam
696 4192 1132 4242 manumissorum
1163 4190 1302 4244 filios

1407 1165 1464 1217 in
1504 1165 1756 1221 Senatum
1796 1169 1963 1223 lectos
1983 1208 2001 1235 ,
2048 1168 2409 1223 contenderet.

1407 1246 1709 1318 Nepotibus
1727 1248 1941 1302 demum
1958 1249 2081 1301 data
2101 1262 2153 1300 et
2173 1251 2414 1319 ingenui-

1408 1337 1488 1377 tas
1512 1339 1565 1377 et
1589 1327 1763 1379 Curia.
1788 1325 1895 1381 Illis
1910 1330 2061 1380 ‚enim
2086 1327 2413 1399 temporibus

1411 1422 1516 1457 non
1546 1404 1985 1475 ipsi.mannmissi
2020 1406 2253 1459 libertini
2286 1406 2413 1459 dicti

1407 1499 1565 1551 sunt,
1601 1485 1699 1539 sed
1730 1506 1808 1541 ex¹
1829 1487 1911 1541 his
1943 1491 2237 1559 procreati,
2275 1487 2328 1539 h.
2364 1507 2411 1540 e.

1408 1564 1531 1632 filii,
1562 1568 1654 1639 qui
1684 1586 1829 1619 nunc
1859 1568 2075 1640 inqenut'
2108 1569 2287 1619 statim
2314 1566 2414 1619 lia·-

1407 1644 1618 1700 bentur.
1641 1670 1664 1693 ¹·
1692 1650 1781 1700 An
1810 1666 1931 1699 vera
1946 1646 2199 1717 ,disputet
2224 1648 2415 1700 Sueto-

1409 1726 1529 1779 nius
1565 1724 1631 1777 de
1664 1728 1899 1799 antiquo-
1914 1729 2059 1778 vocis
2088 1745 2217 1792 usu,
2256 1746 2411 1780 nemo

1407 1822 1553 1857 nunc
1566 1804 1849 1872 definierit,
1872 1807 2238 1878 quamoptimi
2256 1808 2415 1857 etiam

1409 1885 1861 1955 scriptores-haud
1885 1886 2053 1953 aliter,
2074 1904 2233 1959 quam
2256 1884 2418 1939 Clau-

1407 1963 1524 2017 dius
1536 2002 1554 2032 ,
1574 1968 1799 2019 sensisse
1817 1965 2107 2019 videantur.
2122 1967 2185 2018 ld
2200 1966 2413 2039 quidem

1407 2057 1637 2107 certum,
1662 2047 1835 2117 ipsum
1859 2045 2327 2117 hanc-opinionem
2348 2046 2415 2099 ad

1406 2120 1725 2176 refellendos
1746 2123 1878 2177 alios
1898 2138 1956 2175 ut
1980 2126 2135 2176 unice
2154 2136 2330 2177 veram
2356 2121 2409 2176 h.

1405 2199 1440 2255 1.
1465 2201 1778 2273 protulisse,
1808 2202 1969 2275 idque
1986 2202 2167 2255 -verbis
2190 2202 2415 2257 clarissi-

1406 2283 1503 2333 mis
1521 2321 1539 2348 ‚
1568 2300 1795 2353 cumque
1832 2301 1895 2335 eo
1932 2282 2281 2353 pugnandum
2315 2284 2414 2334 Er-

1405 2364 1578 2413 nestio
1600 2360 1760 2415 fuisse
1772 2400 1789 2427 ,
1810 2380 1923 2413 non
1936 2364 2201 2414 cum-xiiis
2212 2362 2411 2416 doctis.

1407 2443 1498 2514 qui
1525 2444 1637 2512 ejus
1666 2454 1897 2493 mantem
1918 2456 2063 2494 recte
2090 2454 2360 2514 ceperant.

1419 2571 1426 2580 ,
1478 2522 1531 2575 5.
1556 2522 1785 2594 Colleyio
1808 2524 2182 2592 Quoestortun...
2205 2522 2411 2594 yladt'a-

1407 2603 1593 2654 corium
1618 2619 1811 2653 munus
1832 2600 2080 2671 injunxit.
2103 2602 2272 2652 Tacit.
2298 2603 2409 2652 An—

1403 2679 1506 2732 nal.
1546 2681 1649 2746 XI,
1680 2697 1775 2731 αις
1816 2703 1839 2726 ι
1860 2679 2050 2732 lisdem
2087 2677 2409 2734 Consulibus

1402 2755 1567 2828 (anm
1589 2758 1731 2829 800)
1758 2761 1815 2810 P.
1856 2756 2131 2810 Dolabella
2168 2761 2407 2827 censuit,
2434 2775 2443 2784 ·

1401 2835 1767 2910 spectaculum
1796 2835 2147 2906 gladiatorum
2174 2855 2269 2908 per
2292 2856 2408 2889 otn-
2510 2880 2517 2892 .

1396 2937 1496 2972 nes
1544 2935 1713 2972 annos
1758 2916 2135 2970 celebrandum
2179 2921 2406 2989 pecunia

1404 3015 1619 3062 eorum,
1658 2999 1747 3069 qui
1786 3010 2104 3068 questui-am
2143 2995 2407 3069 adipisce-

1401 3089 1615 3142 rentur,
1636 3100 1665 3122 ι
1706 3089 1757 3127 et
1800 3088 1987 3146 postea
2036 3078 2406 3147 conqueritur,

1397 3157 1653 3208 sententia
1688 3154 1977 3210 Dolabella?
2011 3153 2152 3208 velut
2187 3175 2407 3223 :genum-

1399 3237 1579 3290 datam
1602 3249 1914 3310 quaesturam
1929 3273 1947 3300 ,
1974 3248 2033 3288 ut
2060 3253 2175 3307 (με
2202 3235 2405 3290 ditiori-

1397 3315 1502 3369 bus
1528 3327 1733 3368 tantum
1758 3328 1939 3387 patere
1962 3316 2227 3386 coepisset.
2252 3318 2405 3370 Cete-

1399 3413 1514 3447 rum
1532 3435 1549 3460 ,
1576 3394 1891 3465 ambiguitas
1918 3395 2074 3446 estin
2100 3393 2270 3447 verbis
2293 3399 2403 3448 No·

1398 3475 1493 3526 stri
1512 3491 1613 3546 pro
1628 3485 1859 3527 -stratura
1888 3475 2115 3540 viarum,
2148 3493 2264 3545 quoe
2287 3494 2402 3529 esse

1397 3565 1650 3624 possunt,
1677 3573 1699 3598 ι
1720 3550 1833 3603 loco
1856 3569 2001 3602 nunc
2025 3548 2245 3604 ademtae
2268 3567 2401 3605 stra·

1396 3646 1523 3686 turae
1544 3633 1775 3697 viarum,
1800 3653 1821 3676 s·
1845 3627 1957 3696 vel,
1990 3651 2011 3674 ι
2030 3631 2094 3682 ob
2116 3643 2401 3684 straturam

1393 3714 1629 3774 viarum,
1663 3724 1724 3762 ut
1761 3729 1897 3762 onus
1934 3728 2055 3761 cum
2092 3709 2181 3764 illo
2218 3713 2399 3766 officio

1393 3797 1755 3864 conjunctum.
1778 3815 1801 3838 ι
1823 3793 1989 3842 Porro
2007 3791 2294 3857 Emestius,
2310 3791 2399 3845 ad·

1393 3872 1681 3945 stipulante
1706 3872 1910 3924 Bremio
1928 3909 1946 3938 ,
1972 3883 2255 3924 straturam
2282 3875 2397 3926 via-

1393 3971 1508 4003 rum
1566 3954 1869 4023 impositam
1922 3951 2279 4017 Quaestoribus
2329 3953 2399 4005 ab

1391 4035 1635 4102 Augusto
1685 4042 1840 4100 putat
1858 4068 1876 4095 ,
1932 4027 2143 4080 ademto
2190 4034 2393 4086 aerario.

1390 4112 1534 4164 Malo
1560 4111 1811 4164 accedere
1838 4109 2079 4162 Fabricio
2106 4112 2207 4178 (ad
2233 4116 2390 4169 Dion.

1388 4193 1512 4259 Lx,
1551 4193 1675 4262 17),
1698 4192 1787 4262 qui
1816 4203 2049 4260 ereptam
2076 4191 2399 4260 Quatuorvi-
