3050 5004
657 500 746 567 26

1415 500 1491 564 C.
1540 498 2012 566 SUETONII

655 626 1166 696 mathematicus
1185 677 1203 707 ‚
1233 628 1436 694 anxio
1470 626 1555 693 de
1581 650 1971 695 successore
1994 626 2269 695 Tiberio
2285 681 2301 710 ,
2336 644 2403 695 et
2434 630 2505 695 in
2534 652 2777 716 verum

657 736 1014 832 nepotem⁶
1038 740 1368 830 proniori,
1394 736 1830 819 affirmasset,
1864 770 1892 799 c«
1912 744 2061 807 Non
2085 742 2297 831 magis
2317 741 2553 807 caium
2575 744 2780 833 impe-

655 866 964 917 raturum
981 902 997 931 ,
1033 873 1240 944 quam
1267 873 1392 941 per
1411 852 1737 916 Baianum
1761 853 1988 917 sinum
2008 852 2201 943 equis
2224 836 2715 918 discursurum.
2740 882 2769 913 n

751 965 894 1027 XX.
947 958 1172 1027 Edidit
1202 976 1270 1027 et
1307 983 1593 1053 peregre
1621 958 2041 1053 spectacula:
2080 962 2151 1027 in
2182 959 2398 1028 Sicilia
2428 963 2779 1054 Syracusis

655 1073 901 1140 asticos
944 1070 1212 1154 ludos·‚
1257 1088 1325 1139 et
1360 1074 1429 1140 in
1471 1071 1689 1141 Gallia
1733 1070 2051 1165 Lugduni
2091 1070 2504 1154 miscellos²;
2548 1070 2667 1139 sed
2710 1089 2783 1139 et

659 1199 1000 1249 certamen
1025 1206 1298 1277 quoque
1321 1187 1576 1251 Graecae
1602 1184 1997 1276 Latinaeque
2024 1180 2359 1251 facundiae
2388 1210 2403 1249 ε
2436 1206 2575 1277 quo
2604 1185 2782 1271 [cer-

659 1295 946 1383 tamine]
991 1293 1218 1362 ferunt
1253 1294 1621 1362 victoribus
1660 1296 1941 1385 praemia
1976 1294 2185 1362 victos
2223 1294 2625 1377 contulisse,
2668 1318 2775 1363 eo-

659 1404 953 1472 rundem
993 1421 1062 1473 et
1103 1405 1338 1474 laudes
1381 1429 1791 1500 componere
1832 1423 2098 1474 coactos
2120 1457 2136 1489 ‚
2188 1430 2305 1473 eos
2351 1422 2611 1487 autem,
2656 1408 2780 1500 qui

659 1518 952 1584 maxime
980 1516 1519 1611 displicuissent,
1557 1519 1805 1611 scripta
1836 1542 1959 1585 sua
1991 1520 2275 1611 spongia
2309 1517 2624 1610 linguave
2658 1517 2781 1585 de-

661 1624 800 1693 lere
829 1624 1090 1719 jussos,
1129 1630 1261 1695 nisi
1295 1627 1531 1697 ferulis
1570 1625 1912 1723 objurgari
1934 1682 1953 1710 ‚
1994 1644 2116 1697 aut
2150 1628 2431 1696 flumine
2466 1630 2782 1721 proximo

659 1740 874 1829 mergi
907 1736 1326 1807 maluissent.

755 1851 932 1915 XXI.
950 1849 1176 1941 Opera
1196 1848 1325 1916 sub
1345 1850 1620 1917 Tiberio
1634 1847 2124 1939 semiperfecta,
2140 1847 2475 1941 templum
2492 1806 2782 1942 Augusti

661 1956 1142 2055 theatrumque
1167 1963 1469 2053 Pompeii
1487 1970 1502 1997 ¹
1530 2013 1548 2043 ‚
1587 1958 1899 2027 absolvit.
1943 1959 2294 2028 Inchoavit
2325 1976 2555 2027 autem
2580 1982 2783 2055 aquae

661 2066 944 2136 ductum
959 2077 982 2105 ²
1009 2072 1284 2162 regione
1311 2070 1579 2140 Tiburti
1594 2124 1612 2155 ‚
1638 2087 1707 2138 et
1728 2070 2315 2163 Amphitheatrum
2331 2068 2526 2163 juxta
2542 2074 2779 2163 septa:

733 2298 786 2351 6.
811 2299 878 2349 In
894 2318 1072 2351 verum
1087 2313 1330 2372 nepotem
1344 2339 1362 2367 ,
1378 2300 1674 2355 naturalem

663 2396 693 2430 e
716 2376 892 2430 Druso
917 2377 1057 2445 filio,
1082 2378 1372 2433 Tiberium.

733 2457 852 2510 XX.
898 2476 940 2512 1.
980 2459 1181 2515 Asticos
1215 2459 1382 2514 ludos.
1421 2460 1545 2514 Non
1575 2460 1677 2513 du-

663 2536 776 2590 bito
795 2557 916 2590 cum
933 2540 1216 2592 Burmann.
1233 2541 1438 2594 Ernest.
1455 2541 1677 2594 Ouden-

663 2616 821 2688 dorp.
851 2618 978 2691 quin
1004 2618 1340 2671 scribendum
1367 2621 1434 2674 sit
1463 2620 1678 2673 iselasti-

664 2715 750 2749 ιω
769 2697 854 2749 vel
875 2698 1158 2766 seburicos,
1185 2699 1332 2771 quod
1361 2718 1559 2751 nomen
1584 2697 1678 2751 da-

665 2789 780 2828 tum
803 2775 942 2828 ludis
965 2777 1273 2829 Graecorum
1297 2780 1462 2831 sacris
1483 2778 1559 2830 ab
1582 2777 1678 2830 ho-

663 2873 796 2906 nore
821 2857 1108 2922 victorum,
1135 2875 1275 2927 quo,
1299 2857 1472 2908 diruta
1496 2876 1679 2909 mut-o-

663 2953 784 2987 rum
803 2947 954 3006 parte
968 2971 983 2996 ,
1004 2937 1058 2986 in
1085 2935 1270 2987 urbem
1289 2936 1680 2989 invehebantur

663 3011 794 3085 (aivi
817 3014 902 3065 τοῦ
923 3011 1238 3086 εἰσελαύνειν).
1255 3015 1394 3069 Vide
1409 3017 1478 3069 de
1498 3017 1581 3069 his
1601 3016 1679 3070 lu·

665 3092 776 3156 dis,
799 3107 994 3164 praeter
1012 3094 1258 3148 laudatos
1285 3115 1316 3147 a
1345 3097 1677 3163 But-manno,

666 3170 926 3240 Fabi-um,
947 3175 1189 3244 Agonist.
1209 3175 1285 3240 11,
1315 3190 1377 3226 to
1395 3189 1448 3226 et
1475 3192 1558 3244 17.
1581 3175 1679 3226 Sae-

665 3253 788 3322 pius
809 3265 986 3304 autem
1009 3271 1102 3304 eos
1116 3252 1413 3305 celebratos
1429 3254 1592 3304 fuisse
1608 3251 1677 3305 ab

665 3333 1080 3403 imperatoribus
1131 3333 1384 3386 Romanis
1409 3371 1426 3399 ‚
1482 3333 1680 3386 docent

666 3413 826 3464 etiam
865 3411 1098 3483 epistolae
1135 3412 1322 3479 Plinii,
1362 3413 1442 3479 X,
1488 3429 1509 3464 1
1527 3430 1589 3482 19
1626 3426 1679 3466 et

673 3509 692 3543 t
707 3511 772 3544 20
785 3529 801 3556 ‚
819 3491 914 3544 ubi
927 3492 1048 3544 vide
1061 3493 1273 3546 Gesner.
1291 3494 1488 3548 Asticos
1503 3491 1680 3563 (do-w-

667 3569 771 3627 ιιοὸς
807 3569 1000 3636 ὶγὸηις
1032 3571 1114 3624 vel
1151 3569 1406 3643 ἀστικούς)
1445 3573 1679 3644 probant

667 3649 857 3721 scalig.
875 3651 940 3704 de
955 3650 1174 3704 Emend.
1191 3654 1380 3723 Temp.
1399 3653 1456 3719 5,
1471 3671 1527 3724 p.
1544 3650 1677 3724 4792,

668 3743 724 3781 et
751 3730 980 3781 Casaub.
1007 3729 1073 3782 ad
1104 3728 1252 3782 hunc
1279 3730 1456 3782 locum
1473 3767 1488 3796 ‚
1519 3730 1679 3784 intel-

668 3807 892 3880 ligentes
919 3809 1075 3862 ludos
1098 3811 1340 3875 Graecos,
1370 3811 1445 3861 sic
1470 3809 1644 3863 dictos
1660 3847 1677 3875 ,

671 3889 818 3961 quod
850 3891 904 3940 in
939 3889 1106 3957 urbe,
1137 3907 1246 3941 non
1272 3902 1418 3941 extra
1450 3888 1637 3940 urbem
1658 3924 1676 3954 ‚

671 3966 1082 4035 exhibebantur,
1101 3970 1154 4022 in
1175 3969 1435 4022 honorem
1456 3967 1675 4034 Bacchi,

672 4057 726 4097 et
749 4049 996 4099 convenit
1020 4049 1083 4099 iis
1108 4046 1333 4100 aliorum
1359 4047 1518 4098 lectio
1544 4047 1680 4098 Atta·-

670 4141 769 4175 cos.
787 4125 968 4179 Lectio
983 4127 1125 4198 vulg.
1148 4127 1366 4180 hosticas
1383 4145 1491 4178 non
1511 4128 1680 4198 magis

675 4217 754 4256 est
775 4205 994 4259 ferenda
1007 4245 1023 4274 ,
1046 4227 1204 4280 quam
1225 4205 1527 4260 emendatio
1544 4209 1683 4259 Tor—

1766 2302 1923 2354 rentii
1945 2299 2201 2353 Actiacos.
2228 2300 2309 2353 of.
2328 2302 2536 2352 Ernest.
2555 2299 2783 2353 Excurs-

1840 2400 1889 2434 2.
1918 2382 2065 2434 Etm.
2088 2380 2333 2453 Luqdum·
2349 2378 2620 2433 misc-enos.
2642 2381 2781 2446 Dio,

1764 2462 1909 2528 LIX,
1932 2478 2027 2528 22,
2051 2458 2119 2514 ad
2144 2478 2267 2513 ann.
2292 2477 2414 2530 79²·
2438 2458 2578 2512 Editi
2601 2471 2783 2512 autem

1766 2555 1893 2594 sunt
1919 2542 2112 2614 procul
2135 2540 2302 2592 dubio
2328 2537 2398 2591 ad
2426 2557 2573 2591 aram
2595 2542 2785 2610 Augu-

1768 2623 1833 2673 sti
1850 2659 1865 2684 .,
1886 2620 1955 2672 de
1975 2637 2081 2691 qua
2099 2621 2232 2683 Dio,
2255 2621 2395 2685 LIV,
2421 2617 2486 2670 32
2506 2656 2523 2685 ,
2546 2616 2639 2669 ubi
2658 2617 2783 2670 vide

1765 2701 1970 2752 Fabric.
2000 2699 2243 2751 Juvenal.
2274 2699 2380 2750 Sat.
2412 2700 2469 2765 1,
2498 2697 2598 2765 44,

1767 2788 1849 2829 Aut
1868 2785 2182 2841 Lugdunensem
2200 2782 2343 2824 rhetor
2360 2782 2545 2825 dicturus
2566 2780 2617 2824 ad
2635 2793 2768 2823 nram.

1767 2855 1997 2910 Miscelli
2046 2855 2366 2908 dicebantur
2384 2893 2401 2921 ,
2450 2868 2514 2905 ut
2564 2854 2713 2906 mixti
2752 2873 2784 2906 e

1766 2938 1913 2986 vario
1941 2934 2292 2986 certaminum
2322 2951 2534 3004 genere.
2564 2929 2786 2984 Miscel-

1770 3011 1926 3065 lanea
1966 3011 2081 3064 ludi
2116 3011 2358 3064 Juvenal.
2394 3013 2499 3077 x1‚
2540 3027 2633 3074 20,
2670 3009 2785 3062 huc

1768 3109 1877 3143 non
1904 3092 2190 3162 pertinent.
2216 3090 2371 3142 Conf.
2388 3089 2464 3141 ibi
2481 3103 2621 3140 nost.
2637 3087 2782 3142 Edit.

1767 3184 1897 3221 tom.
1914 3170 2123 3242 ll‚pag.
2142 3170 2277 3236 610,
2286 3169 2481 3243 ferulis
2492 3207 2510 3234 ‚
2514 3169 2785 3245 flumine,

1768 3249 1899 3302 dura
1926 3252 2083 3300 nimis
2109 3265 2270 3320 poena
2291 3271 2305 3301 ε
2332 3246 2426 3300 sed
2446 3247 2583 3298 bene
2602 3259 2785 3299 actum

1768 3331 1873 3381 fuit
1916 3328 2063 3401 quod
2097 3331 2218 3380 vieti
2257 3343 2515 3380 coronare
2548 3327 2785 3378 victores

1768 3423 2101 3482 cogerentur.
2126 3411 2313 3460 Postea
2336 3407 2619 3462 certamine
2638 3404 2787 3459 vide-

1769 3503 1855 3542 tur
1879 3487 2211 3542 additicium.

1838 3553 1997 3622 xxlss
2015 3587 2033 3620 ι
2046 3609 2057 3622 ,
2088 3567 2370 3641 Templum
2388 3565 2607 3638 Auqusti
2630 3563 2783 3617 thea-

1768 3661 2009 3720 trumque
2034 3649 2295 3721 Pompeii.
2326 3646 2461 3698 Vide
2483 3643 2659 3698 Tiber.
2688 3643 2782 3714 47.

1766 3729 2034 3781 Dedicavit
2077 3726 2337 3799 templum
2386 3727 2611 3796 Augusti
2653 3743 2783 3776 ann.

1770 3825 1891 3879 790.
1921 3809 2025 3860 Dio
2041 3846 2057 3874 ‚
2072 3806 2215 3870 LIX,
2238 3825 2287 3878 7.
2310 3805 2599 3858 Theatrum
2619 3805 2784 3856 Pom-

1765 3889 1875 3960 peii
1899 3885 2167 3943 dedicavit
2188 3884 2462 3939 Claudius.
2488 3901 2609 3955 cap.
2632 3897 2719 3935 αι.

1843 3984 1889 4017 2.
1904 3964 1941 4015 I
1942 3965 2202 4018 nchoavit.
2212 4005 2242 4016 ..
2255 3981 2407 4038 aquoe
2420 3963 2661 4024 ductum,
2674 3973 2782 4015 ete.

1766 4045 1899 4099 Plin.
1916 4047 1981 4097 H.
1994 4047 2061 4098 N.
2075 4045 2291 4098 XXXV!
2308 4083 2325 4110 ‚
2344 4040 2781 4112 15(24‚§1o‚ed.

1768 4129 1954 4179 Franz.
1970 4127 2014 4196 ):
2038 4148 2060 4171 ιι
2078 4127 2218 4177 Vicit
2230 4120 2604 4176 antecedentes
2621 4139 2785 4192 aqua-

1772 4225 1889 4258 rum
1938 4205 2128 4258 ductus
2176 4205 2519 4258 novissimum
2566 4203 2782 4272 impen-
