3050 5004
1002 528 1669 596 VESPASIANUS.

2259 526 2390 614 337

278 676 389 739 ut,
413 656 743 756 quicquid
768 660 1095 750 cogitaret
1122 656 1560 749 volvei-etque
1583 656 1840 737 animo,
1872 652 2244 749 quamlibet
2263 678 2398 723 ma·

281 798 491 867 gnum
511 826 528 856 ,
560 770 629 839 id
659 794 808 839 esse
834 786 1333 862 proventurum
1354 778 1435 847 ¹⁰,
1468 766 1970 860 pollicerentur.
2003 772 2088 834 Et
2109 790 2290 834 unus
2319 790 2402 834 ex

280 881 627 952 nobilibus
652 883 966 974 captivis,
988 878 1329 972 Josephus
1348 894 1397 925 ¹¹
1418 930 1436 959 ‚
1463 902 1678 973 quum
1701 873 2150 969 conjiceretur
2175 879 2248 945 in
2269 878 2404 945 vin·

284 993 471 1075 cula,
501 993 1049 1061 constantissime
1070 991 1515 1071 asseveravit,
1539 988 1682 1057 fore
1698 1042 1715 1071 ‚
1741 1006 1819 1056 ut
1838 988 1925 1055 ab
1953 986 2194 1057 eodem
2208 988 2405 1057 ‘brevi

286 1103 691 1183 solveretur,
734 1126 975 1169 verum
1011 1099 1153 1193 jam
1192 1106 1626 1195 Imperatore.
1673 1101 2290 1197 Nunciabanturfl‘et
2325 1124 2408 1167 ex

288 1216 475 1311 Urbe
522 1216 887 1309 praesagia,
937 1218 1281 1281 Neronem
1324 1211 1566 1281 diebus
1613 1212 1869 1281 ultimis
1906 1216 2240 1281 monitum
2261 1212 2409 1306 ‘per

286 1329 622 1423 quietem,
672 1340 751 1391 ut
783 1338 1050 1392 tensam
1092 1325 1279 1391 Jovis
1324 1324 1580 1414 Optimi
1616 1324 1892 1390 Maximi
1932 1348 1968 1389 e
2005 1326 2300 1391 sacrario
2339 1326 2410 1391 in

289 1437 577 1505 domum
614 1436 1049 1529 Vespasiani,
1093 1452 1161 1501 et
1200 1433 1359 1501 inde
1401 1436 1471 1501 in
1508 1436 1778 1501 Circum
1816 1432 2183 1501 deduceret
2201 1450 2252 1481 ¹²
2283 1462 2298 1502 :
2329 1458 2411 1505 ac

290 1572 433 1617 non
464 1545 686 1615 multo
716 1560 903 1639 post,
933 1546 1201 1613 comitia
1229 1542 1505 1611 secundi
1535 1543 1926 1611 consulatus
1959 1546 2236 1613 ineunte
2266 1544 2416 1615 Gal-

290 1771 607 1825 verentium.
636 1768 749 1823 Illic
772 1769 1088 1823 sacrificanti
1113 1770 1311 1839 Vespa-

294 1852 465 1916 siano,
484 1864 652 1920 quum
671 1864 795 1919 spes
819 1847 1057 1901 occultas
1075 1858 1313 1899 versaret

294 1930 507 1994 animo,
538 1924 791 1979 Basilides
820 1925 1098 1991 sacerdos,
1126 1927 1311 1997 inspe-

295 2012 395 2062 ctis
418 2006 709 2061 identidem
732 2008 893 2074 extis,
918 2006 1189 2077 Quicquid
1214 2018 1313 2071 est,

294 2090 501 2169 inquit,
538 2089 896 2159 Vespasiane,
938 2085 1083 2158 quod
1123 2102 1316 2157 paras,

296 2186 393 2221 seu
423 2167 646 2219 domum
676 2178 972 2231 exstruere,
1006 2182 1097 2217 seu
1132 2164 1317 2235 prola-

297 2260 411 2299 tare
441 2262 628 2316 agros,
656 2244 766 2297 sive
790 2244 1051 2315 ampliare
1078 2244 1313 2307 servitia,

299 2324 461 2377 datur
494 2322 595 2375 tibi
628 2339 821 2393 magna
859 2321 1041 2389 sedes,
1078 2323 1319 2392 ingentes

302 2400 536 2468 termini,
554 2398 785 2451 multum
802 2398 1135 2452 hominum.-
1158 2399 1317 2451 Oros.

302 2484 423 2550 vll,
457 2498 521 2552 9,
556 2480 661 2546 hoc
694 2481 968 2534 oraculum
1000 2500 1124 2533 cum
1156 2498 1319 2552 supe-

302 2563 433 2614 riori
462 2561 617 2632 (cap.
653 2559 719 2632 4)
748 2561 814 2614 de
846 2573 993 2614 teme
1026 2559 1257 2613 dominis
1290 2579 1319 2612 e

301 2639 487 2692 Judaea
499 2640 820 2710 profecturis
834 2639 1121 2692 confundit
1131 2677 1147 2704 ‚
1162 2638 1321 2692 sedu-

304 2733 531 2791 ctusque
558 2716 693 2771 dicit
720 2719 751 2769 J
758 2716 937 2770 udoeos
966 2717 1033 2770 ad
1066 2717 1317 2770 rebellio-

306 2818 429 2852 nem
452 2797 763 2871 quibusdam
790 2799 849 2850 in
877 2797 1115 2850 camelo
1142 2809 1322 2850 monte

304 2877 553 2943 sortibus,
600 2875 707 2929 boc
754 2889 859 2940 est,
908 2874 1157 2928 oraculis.
1203 2876 1319 2928 Hoc

308 2961 450 3014 enim
476 2976 636 3012 sensu
664 2975 767 3012 sors
795 2969 849 3010 et
876 2968 1032 3010 sortes
1057 2975 1088 3008 a
1120 2958 1319 3008 Nostro

308 3053 363 3093 et
382 3039 437 3092 h.
470 3039 504 3092 l.
535 3051 589 3090 et
614 3036 729 3090 aliis
752 3036 1021 3089 dicuntur.
1047 3035 1196 3088 Curt.
1224 3035 1319 3104 111,

316 3137 335 3172 ι
354 3159 372 3187 ,
426 3119 492 3172 16
512 3157 530 3186 ,
570 3117 763 3170 editam
811 3133 913 3168 esse
958 3111 1172 3167 oraculo
1216 3133 1322 3166 sor-

309 3209 411 3252 tem
433 3238 452 3265 ,
498 3211 553 3250 et
602 3219 626 3244 ι
648 3195 845 3269 cupido
882 3196 1101 3248 incessit
1142 3195 1320 3246 animo

307 3282 456 3335 sortis
490 3281 598 3352 qius
624 3277 920 3349 implendae.
945 3299 968 3324 ο
1003 3275 1150 3326 Idem
1169 3313 1187 3342 ,
1218 3276 1318 3339 Vl,

308 3377 371 3430 9,
418 3356 515 3421 18,
546 3352 721 3429 qualis
754 3373 860 3409 sors
893 3353 1032 3406 edita
1062 3363 1187 3406 esset
1218 3356 1337 3406 Joo·

310 3439 384 3491 vis
407 3435 685 3488 Ammonis
713 3433 943 3488 oraculo.
968 3433 1049 3485 De
1082 3431 1320 3484 camelo

308 3525 492 3568 monte
510 3523 567 3565 et
578 3515 691 3566 Deo
708 3514 853 3566 varia
869 3511 1207 3583 disputarunt
1228 3513 1323 3564 viri

309 3594 455 3648 docti
468 3592 537 3646 sd
554 3592 657 3644 loc.
676 3604 815 3644 nost.
832 3591 967 3644 etad
984 3591 1247 3654 Tacitum,
1270 3603 1323 3643 et

308 3671 669 3746 singularibus
683 3671 894 3739 libellis,
904 3673 1042 3724 inter
1054 3689 1190 3742 qnos
1204 3673 1323 3724 emi-

308 3768 401 3808 net
412 3793 429 3818 ‚
451 3771 611 3826 quem
628 3751 793 3806 edidit
810 3755 1002 3824 Οαφαι·
1016 3752 1081 3804 de
1099 3752 1321 3804 Mende·

308 3855 390 3900 za,
404 3835 678 3904 Antwerp.
701 3833 852 3903 1698,
864 3851 1027 3904 quum
1042 3828 1124 3883 vel
1140 3849 1321 3884 verum

308 3917 483 3968 Deum
508 3926 785 3985 putarent,
810 3929 925 3984 quae
947 3910 1131 3982 opinio
1158 3909 1323 3962 haeret

312 3996 609 4049 Cat-melitis
622 3995 917 4061 monacbis,
936 3994 1019 4046 vel
1034 3993 1215 4044 fictum
1235 3991 1326 4044 ali·

314 4092 473 4148 quem
500 4075 795 4146 gentilium.
825 4075 1055 4126 Maxime
1082 4071 1213 4124 mihi
1240 4091 1324 4124 ar·-

314 4154 477 4220 ridet‚
506 4151 654 4224 quod
676 4156 861 4206 Bosius
884 4157 938 4206 in
966 4152 1205 4223 Epistola
1234 4169 1325 4202 su-

314 4253 409 4306 per
431 4234 484 4286 h.
510 4231 547 4285 Ι.
570 4232 771 4286 cultum
791 4235 889 4285 Dei
910 4233 1137 4286 Carmeli
1162 4234 1323 4284 fuisse

504 4325 599 4390 II.

1401 1770 1831 1840 superstitiosum
1849 1766 2186 1834 suda-eorum,
2211 1768 2279 1820 ad
2305 1770 2418 1820 imi—

1402 1849 1658 1900 tationem
1671 1864 1944 1899 sacrorum
1957 1850 2014 1899 in
2029 1844 2230 1920 templo
2243 1848 2419 1899 Hiero-

1406 1926 1728 2001 solymitano
1769 1930 2067 1981 institutum
2084 1966 2102 1995 ,
2145 1940 2198 1979 et
2233 1946 2421 1980 corrn-

1404 2019 1501 2077 pto
1520 2020 1766 2077 tempore
1792 2005 2020 2078 reipubl.
2040 2006 2274 2058 Judaicae
2293 2025 2420 2059 san-

1406 2096 1493 2138 cte
1516 2085 1875 2139 observatum.
1903 2088 1982 2138 lta
2002 2087 2275 2140 conciliari
2293 2106 2423 2160 pos—

1406 2178 1487 2217 set
1514 2183 1639 2217 cum
1661 2166 1878 2238 reliquis
1900 2163 2246 2236 scriptoribus
2271 2185 2421 2219 error

1406 2244 1616 2311 Orosii,
1653 2245 1698 2297 si
1733 2245 1828 2296 tali
1859 2246 2108 2315 scriptori
2143 2243 2254 2297 ulla
2285 2260 2423 2298 esset

1408 2325 1714 2375 auctoritas.

1486 2419 1568 2454 to.
1614 2403 1684 2454 Id
1713 2422 1814 2455 esse
1845 2412 2257 2474 proventurum3
2296 2420 2421 2454 suc-

1409 2497 1710 2547 cessurum,
1735 2479 2060 2549 προχωριῖσιιν.
2087 2480 2221 2534 Vide
2245 2482 2420 2534 Lexic.

1408 2561 1658 2632 Xenopb.
1683 2561 1783 2613 sub
1806 2561 1912 2613 hoc
1929 2561 2118 2614 vocab.
2143 2573 2196 2612 et
2221 2581 2336 2633 quae
2357 2562 2425 2614 de

1408 2661 1528 2694 voc.
1566 2645 1679 2695 Lat.
1715 2655 1867 2695 notat
1900 2641 2320 2714 Oudendorpius
2356 2643 2424 2695 ml

1410 2721 1556 2774 hunc
1587 2722 1782 2776 locum.

1490 2817 1570 2852 ιι.
1607 2801 1892 2873 Iosephus,·
1930 2803 2161 2871 scriptor
2198 2799 2288 2852 ille
2322 2803 2423 2852 Ju-

1408 2879 1569 2932 daeus.
1600 2880 1683 2932 Cf.
1708 2879 1907 2949 Xiphil.
1936 2879 1970 2931 l.
1995 2899 2040 2930 c.
2062 2892 2115 2932 et
2132 2883 2306 2950 ipsum
2331 2881 2426 2932 Jo-

1410 2960 1663 3032 sephum,
1691 2960 1819 3012 Bell.
1849 2959 1972 3012 sud.
1998 2961 2093 3028 ln,
2120 2961 2180 3027 8,
2208 2979 2268 3030 93
2304 2963 2425 3014 Rei·

1410 3059 1540 3092 mar.
1581 3039 1649 3091 ad
1683 3039 1881 3112 Xiphit.
1911 3039 2006 3092 ubi
2039 3039 2189 3110 plura
2219 3041 2288 3094 de
2318 3041 2422 3093 boc

1408 3119 1632 3192 Josephi
1649 3120 1868 3172 oraculo
1883 3120 1964 3172 vel
1982 3132 2303 3172 commento.
2327 3123 2425 3171 Va-

1410 3202 1485 3252 rie
1518 3202 1660 3252 enim
1689 3199 1756 3252 de
1785 3217 1878 3266 eo,
1909 3201 1985 3252 uti
2014 3197 2238 3260 assolet,
2269 3217 2298 3250 a
2335 3217 2422 3252 re-

1410 3281 1734 3332 centioribus
1759 3293 1838 3333 est
1853 3279 2168 3349 judicatum.

1488 3377 1570 3412 ¹2.
1615 3362 1958 3413 Neronem...
1991 3360 2324 3410 monitum...
2365 3371 2422 3412 ut

1412 3449 1623 3493 tensam.
1640 3478 1652 3489 .
1667 3477 1680 3490 .
1702 3437 1986 3490 deduceret.
2005 3436 2140 3490 Vide
2159 3437 2360 3510 Xiphil.
2381 3437 2418 3490 Ι.

1410 3535 1458 3568 c.
1482 3517 1617 3568 Inde
1639 3529 1759 3567 ante
1779 3516 1834 3567 in
1860 3517 2059 3567 Circum
2081 3516 2233 3568 abest
2251 3533 2284 3568 a
2305 3517 2423 3568 vul-

1410 3597 1548 3669 gatis
1566 3633 1583 3660 ,
1615 3593 1708 3648 sed
1732 3613 1794 3647 ex
1829 3597 2042 3665 optimis
2067 3595 2235 3647 Codd.
2267 3600 2422 3649 resti·

1410 3673 1667 3726 tuendum
1689 3675 1796 3743 jam
1816 3685 2098 3724 censuerat
2115 3673 2418 3726 casaubon.

1412 3769 1465 3809 et
1484 3756 1757 3808 Gruterus.
1779 3753 2034 3824 Exempla
2057 3751 2148 3806 dat
2171 3753 2419 3807 Oudend.

1410 3837 1688 3887 Ernestius
1710 3833 1924 3900 suadet,
1949 3846 2000 3886 et
2021 3834 2079 3886 in
2109 3835 2314 3886 Circum
2339 3836 2419 3888 in-

1410 3913 1475 3964 de
1496 3912 1734 3978 duceret,
1757 3912 2038 3984 repudiato
2065 3911 2226 3965 semel
2252 3914 2418 3966 verbo

1410 3992 1656 4044 deducere
1677 3995 1732 4044 in
1753 3989 1854 4044 hec
1875 3993 2148 4060 oratione,
2167 3994 2305 4063 Aug.
2327 3996 2418 4062 43,

1420 4071 1515 4123 ubi
1537 4071 1654 4123 vide
1679 4089 1792 4124 nos.
1819 4075 1978 4125 Recte
2006 4071 2166 4124 etiam
2191 4072 2418 4126 Ouden-

1414 4149 1568 4222 dorp.
1599 4164 1805 4216 monet,
1829 4165 2004 4205 tensas
2023 4153 2224 4205 duxisse
2247 4168 2417 4204 tracto

1414 4235 1544 4283 fune
1584 4247 1984 4304 promoventes,
2023 4234 2284 4289 deduxisse
2319 4237 2419 4290 ho-

2051 4349 2132 4394 22
