<?xml version="1.0" encoding="UTF-8"?>
<!DOCTYPE html PUBLIC "-//W3C//DTD XHTML 1.0 Transitional//EN"
    "http://www.w3.org/TR/xhtml1/DTD/xhtml1-transitional.dtd">
<html xmlns="http://www.w3.org/1999/xhtml" xml:lang="en" lang="en">
 <head>
  <title>
</title>
<meta http-equiv="Content-Type" content="text/html;charset=utf-8" />
  <meta name='ocr-system' content='tesseract 3.04.00' />
  <meta name='ocr-capabilities' content='ocr_page ocr_carea ocr_par ocr_line ocrx_word'/>
</head>
<body>
  <div class='ocr_page' id='page_1' title='image "./csuetoniitranqu09suetgoog_0210.png"; bbox 0 0 3050 5004; ppageno 0'>
   <div class='ocr_carea' id='block_1_1' title="bbox 1220 468 1495 534">
    <p class='ocr_par' dir='ltr' id='par_1_1' title="bbox 1220 468 1495 534">
     <span class='ocr_line' id='line_1_1' title="bbox 1220 468 1495 534; baseline 0 -1"><span class='ocrx_word' id='word_1_1' title='bbox 1220 468 1495 534; x_wconf 83' lang='lat' dir='ltr'><strong>NERO.</strong></span> 
     </span>
    </p>
   </div>
   <div class='ocr_carea' id='block_1_2' title="bbox 300 596 2412 1573">
    <p class='ocr_par' dir='ltr' id='par_1_2' title="bbox 300 596 2412 1573">
     <span class='ocr_line' id='line_1_2' title="bbox 306 596 2409 689; baseline 0.001 -22"><span class='ocrx_word' id='word_1_2' title='bbox 306 598 795 667; x_wconf 69' lang='lat' dir='ltr'><strong>concubinatus</strong></span> <span class='ocrx_word' id='word_1_3' title='bbox 814 650 833 680; x_wconf 90' lang='lat'>‚</span> <span class='ocrx_word' id='word_1_4' title='bbox 868 596 1121 665; x_wconf 81' lang='lat' dir='ltr'><strong>Vestali</strong></span> <span class='ocrx_word' id='word_1_5' title='bbox 1156 599 1397 689; x_wconf 77' lang='lat' dir='ltr'><strong>virgini</strong></span> <span class='ocrx_word' id='word_1_6' title='bbox 1432 596 1704 667; x_wconf 81' lang='lat' dir='ltr'><strong>Rubriae</strong></span> <span class='ocrx_word' id='word_1_7' title='bbox 1731 602 1869 667; x_wconf 80' lang='lat' dir='ltr'><strong>vim</strong></span> <span class='ocrx_word' id='word_1_8' title='bbox 1905 598 2154 668; x_wconf 85' lang='lat' dir='ltr'><strong>intulit.</strong></span> <span class='ocrx_word' id='word_1_9' title='bbox 2200 606 2409 671; x_wconf 86' lang='lat' dir='ltr'><strong>Acten</strong></span> 
     </span>
     <span class='ocr_line' id='line_1_3' title="bbox 306 705 2412 803; baseline 0 -25"><span class='ocrx_word' id='word_1_10' title='bbox 306 710 614 778; x_wconf 81' lang='lat' dir='ltr'>libertam</span> <span class='ocrx_word' id='word_1_11' title='bbox 636 725 663 755; x_wconf 81' lang='lat'>²</span> <span class='ocrx_word' id='word_1_12' title='bbox 684 762 703 791; x_wconf 91' lang='lat'>‚</span> <span class='ocrx_word' id='word_1_13' title='bbox 739 706 1025 801; x_wconf 88' lang='lat' dir='ltr'><strong>paulum</strong></span> <span class='ocrx_word' id='word_1_14' title='bbox 1075 705 1325 787; x_wconf 88' lang='lat' dir='ltr'><strong>abfuit,</strong></span> <span class='ocrx_word' id='word_1_15' title='bbox 1374 710 1542 801; x_wconf 89' lang='lat' dir='ltr'><strong>quin</strong></span> <span class='ocrx_word' id='word_1_16' title='bbox 1579 705 1767 800; x_wconf 87' lang='lat' dir='ltr'><strong>justo</strong></span> <span class='ocrx_word' id='word_1_17' title='bbox 1809 711 2240 803; x_wconf 79' lang='lat' dir='ltr'><strong>matrimonio</strong></span> <span class='ocrx_word' id='word_1_18' title='bbox 2283 712 2412 779; x_wconf 90' lang='lat' dir='ltr'><strong>sibi</strong></span> 
     </span>
     <span class='ocr_line' id='line_1_4' title="bbox 306 816 2408 915; baseline 0.002 -28"><span class='ocrx_word' id='word_1_19' title='bbox 306 816 749 913; x_wconf 78' lang='lat' dir='ltr'><strong>conjungeret</strong></span> <span class='ocrx_word' id='word_1_20' title='bbox 773 872 793 901; x_wconf 89' lang='lat'>‚</span> <span class='ocrx_word' id='word_1_21' title='bbox 848 820 1221 886; x_wconf 87' lang='lat' dir='ltr'><strong>summissis</strong></span> <span class='ocrx_word' id='word_1_22' title='bbox 1278 816 1746 887; x_wconf 86' lang='lat' dir='ltr'><strong>consularibus</strong></span> <span class='ocrx_word' id='word_1_23' title='bbox 1805 822 1964 887; x_wconf 89' lang='lat' dir='ltr'><strong>viris</strong></span> <span class='ocrx_word' id='word_1_24' title='bbox 1985 872 2002 902; x_wconf 90' lang='lat'><strong>,</strong></span> <span class='ocrx_word' id='word_1_25' title='bbox 2055 823 2172 915; x_wconf 92' lang='lat' dir='ltr'><strong>qui</strong></span> <span class='ocrx_word' id='word_1_26' title='bbox 2225 826 2408 913; x_wconf 77' lang='lat' dir='ltr'><strong>regio</strong></span> 
     </span>
     <span class='ocr_line' id='line_1_5' title="bbox 306 926 2409 1023; baseline 0.001 -26"><span class='ocrx_word' id='word_1_27' title='bbox 306 954 547 1023; x_wconf 77' lang='lat' dir='ltr'><strong>genere</strong></span> <span class='ocrx_word' id='word_1_28' title='bbox 582 946 805 997; x_wconf 84' lang='lat' dir='ltr'><strong>ortam</strong></span> <span class='ocrx_word' id='word_1_29' title='bbox 834 926 1235 1021; x_wconf 82' lang='lat' dir='ltr'><strong>pejerarent.</strong></span> <span class='ocrx_word' id='word_1_30' title='bbox 1269 933 1566 995; x_wconf 90' lang='lat' dir='ltr'><strong>Puerum</strong></span> <span class='ocrx_word' id='word_1_31' title='bbox 1600 928 1926 1021; x_wconf 81' lang='lat' dir='ltr'><strong>Sporum³</strong></span> <span class='ocrx_word' id='word_1_32' title='bbox 1943 984 1962 1013; x_wconf 90' lang='lat'>‚</span> <span class='ocrx_word' id='word_1_33' title='bbox 1991 934 2276 1002; x_wconf 85' lang='lat' dir='ltr'><strong>exsectis</strong></span> <span class='ocrx_word' id='word_1_34' title='bbox 2313 950 2409 999; x_wconf 86' lang='lat' dir='ltr'><strong>te-</strong></span> 
     </span>
     <span class='ocr_line' id='line_1_6' title="bbox 304 1036 2406 1132; baseline 0.001 -23"><span class='ocrx_word' id='word_1_35' title='bbox 304 1040 536 1123; x_wconf 87' lang='lat' dir='ltr'><strong>stibus,</strong></span> <span class='ocrx_word' id='word_1_36' title='bbox 555 1042 759 1109; x_wconf 85' lang='lat' dir='ltr'><strong>etiam</strong></span> <span class='ocrx_word' id='word_1_37' title='bbox 774 1041 844 1107; x_wconf 90' lang='lat' dir='ltr'><strong>in</strong></span> <span class='ocrx_word' id='word_1_38' title='bbox 866 1036 1257 1107; x_wconf 81' lang='lat' dir='ltr'><strong>muliebrem</strong></span> <span class='ocrx_word' id='word_1_39' title='bbox 1272 1055 1584 1105; x_wconf 85' lang='lat' dir='ltr'><strong>naturam</strong></span> <span class='ocrx_word' id='word_1_40' title='bbox 1603 1038 2084 1132; x_wconf 80' lang='lat' dir='ltr'><strong>transfigurare</strong></span> <span class='ocrx_word' id='word_1_41' title='bbox 2099 1058 2406 1125; x_wconf 80' lang='lat' dir='ltr'><strong>conatuS,</strong></span> 
     </span>
     <span class='ocr_line' id='line_1_7' title="bbox 304 1146 2408 1242; baseline -0.001 -21"><span class='ocrx_word' id='word_1_42' title='bbox 304 1176 455 1221; x_wconf 85' lang='lat' dir='ltr'><strong>cum</strong></span> <span class='ocrx_word' id='word_1_43' title='bbox 488 1150 649 1219; x_wconf 80' lang='lat' dir='ltr'><strong>dote</strong></span> <span class='ocrx_word' id='word_1_44' title='bbox 684 1167 749 1217; x_wconf 88' lang='lat' dir='ltr'><strong>et</strong></span> <span class='ocrx_word' id='word_1_45' title='bbox 782 1146 1172 1231; x_wconf 78' lang='lat' dir='ltr'><strong>flammeo4,</strong></span> <span class='ocrx_word' id='word_1_46' title='bbox 1212 1172 1335 1241; x_wconf 89' lang='lat' dir='ltr'><strong>per</strong></span> <span class='ocrx_word' id='word_1_47' title='bbox 1372 1148 1700 1216; x_wconf 89' lang='lat' dir='ltr'><strong>sollemne</strong></span> <span class='ocrx_word' id='word_1_48' title='bbox 1737 1152 2164 1242; x_wconf 86' lang='lat' dir='ltr'><strong>nuptiarum⁵</strong></span> <span class='ocrx_word' id='word_1_49' title='bbox 2187 1204 2204 1232; x_wconf 95' lang='lat'>‚</span> <span class='ocrx_word' id='word_1_50' title='bbox 2239 1152 2408 1219; x_wconf 89' lang='lat' dir='ltr'><strong>cele-</strong></span> 
     </span>
     <span class='ocr_line' id='line_1_8' title="bbox 302 1258 2410 1353; baseline 0 -24"><span class='ocrx_word' id='word_1_51' title='bbox 302 1260 595 1329; x_wconf 87' lang='lat' dir='ltr'><strong>berrimo</strong></span> <span class='ocrx_word' id='word_1_52' title='bbox 622 1260 849 1329; x_wconf 86' lang='lat' dir='ltr'><strong>officio</strong></span> <span class='ocrx_word' id='word_1_53' title='bbox 877 1260 1245 1329; x_wconf 86' lang='lat' dir='ltr'><strong>deductum</strong></span> <span class='ocrx_word' id='word_1_54' title='bbox 1266 1258 1355 1326; x_wconf 87' lang='lat' dir='ltr'><strong>ad</strong></span> <span class='ocrx_word' id='word_1_55' title='bbox 1380 1284 1453 1327; x_wconf 89' lang='lat' dir='ltr'><strong>se</strong></span> <span class='ocrx_word' id='word_1_56' title='bbox 1476 1283 1604 1353; x_wconf 88' lang='lat' dir='ltr'><strong>pro</strong></span> <span class='ocrx_word' id='word_1_57' title='bbox 1627 1284 1836 1329; x_wconf 86' lang='lat' dir='ltr'><strong>uxore</strong></span> <span class='ocrx_word' id='word_1_58' title='bbox 1864 1260 2121 1329; x_wconf 87' lang='lat' dir='ltr'><strong>habuit.</strong></span> <span class='ocrx_word' id='word_1_59' title='bbox 2154 1266 2410 1329; x_wconf 77' lang='lat' dir='ltr'><strong>Exstat-</strong></span> 
     </span>
     <span class='ocr_line' id='line_1_9' title="bbox 302 1367 2406 1467; baseline 0.001 -28"><span class='ocrx_word' id='word_1_60' title='bbox 302 1396 429 1467; x_wconf 87' lang='lat' dir='ltr'><strong>que</strong></span> <span class='ocrx_word' id='word_1_61' title='bbox 470 1370 839 1467; x_wconf 84' lang='lat' dir='ltr'><strong>cujusdam</strong></span> <span class='ocrx_word' id='word_1_62' title='bbox 882 1396 1021 1439; x_wconf 91' lang='lat' dir='ltr'><strong>non</strong></span> <span class='ocrx_word' id='word_1_63' title='bbox 1062 1374 1343 1439; x_wconf 87' lang='lat' dir='ltr'><strong>inscitus</strong></span> <span class='ocrx_word' id='word_1_64' title='bbox 1378 1367 1578 1462; x_wconf 90' lang='lat' dir='ltr'><strong>jocus</strong></span> <span class='ocrx_word' id='word_1_65' title='bbox 1602 1423 1621 1452; x_wconf 91' lang='lat'>‚</span> <span class='ocrx_word' id='word_1_66' title='bbox 1674 1402 1700 1431; x_wconf 75' lang='grc' dir='ltr'><strong>α</strong></span> <span class='ocrx_word' id='word_1_67' title='bbox 1727 1376 1904 1439; x_wconf 84' lang='lat' dir='ltr'><strong>Bene</strong></span> <span class='ocrx_word' id='word_1_68' title='bbox 1958 1374 2068 1465; x_wconf 79' lang='lat' dir='ltr'><strong>agi</strong></span> <span class='ocrx_word' id='word_1_69' title='bbox 2105 1377 2406 1465; x_wconf 87' lang='lat' dir='ltr'><strong>potuisse</strong></span> 
     </span>
     <span class='ocr_line' id='line_1_10' title="bbox 300 1481 2408 1573; baseline 0 -22"><span class='ocrx_word' id='word_1_70' title='bbox 300 1508 455 1551; x_wconf 87' lang='lat' dir='ltr'><strong>cum</strong></span> <span class='ocrx_word' id='word_1_71' title='bbox 494 1482 701 1551; x_wconf 89' lang='lat' dir='ltr'><strong>rebus</strong></span> <span class='ocrx_word' id='word_1_72' title='bbox 739 1482 1088 1564; x_wconf 82' lang='lat' dir='ltr'><strong>humanis,</strong></span> <span class='ocrx_word' id='word_1_73' title='bbox 1128 1483 1185 1549; x_wconf 87' lang='lat' dir='ltr'><strong>si</strong></span> <span class='ocrx_word' id='word_1_74' title='bbox 1216 1482 1550 1549; x_wconf 85' lang='lat' dir='ltr'><strong>Domitius</strong></span> <span class='ocrx_word' id='word_1_75' title='bbox 1596 1496 1790 1573; x_wconf 88' lang='lat' dir='ltr'><strong>pater</strong></span> <span class='ocrx_word' id='word_1_76' title='bbox 1819 1481 2028 1549; x_wconf 83' lang='lat' dir='ltr'><strong>talem</strong></span> <span class='ocrx_word' id='word_1_77' title='bbox 2059 1482 2408 1552; x_wconf 85' lang='lat' dir='ltr'><strong>habuisset</strong></span> 
     </span>
    </p>
   </div>
   <div class='ocr_carea' id='block_1_3' title="bbox 2281 475 2406 563">
    <p class='ocr_par' dir='ltr' id='par_1_3' title="bbox 2281 475 2406 563">
     <span class='ocr_line' id='line_1_11' title="bbox 2281 475 2406 563; baseline 0.032 -26"><span class='ocrx_word' id='word_1_78' title='bbox 2281 475 2406 563; x_wconf 87' lang='lat'><strong>189</strong></span> 
     </span>
    </p>
   </div>
   <div class='ocr_carea' id='block_1_4' title="bbox 1393 1628 2406 1781">
    <p class='ocr_par' dir='ltr' id='par_1_4' title="bbox 1393 1628 2406 1781">
     <span class='ocr_line' id='line_1_12' title="bbox 1393 1628 2404 1701; baseline 0.001 -19"><span class='ocrx_word' id='word_1_79' title='bbox 1393 1642 1529 1693; x_wconf 73' lang='lat' dir='ltr'><strong>etot-3</strong></span> <span class='ocrx_word' id='word_1_80' title='bbox 1539 1630 1631 1683; x_wconf 86' lang='lat' dir='ltr'><strong>sed</strong></span> <span class='ocrx_word' id='word_1_81' title='bbox 1641 1650 1737 1684; x_wconf 84' lang='lat' dir='ltr'><strong>cur</strong></span> <span class='ocrx_word' id='word_1_82' title='bbox 1747 1630 1996 1683; x_wconf 80' lang='lat' dir='ltr'><strong>mutanda</strong></span> <span class='ocrx_word' id='word_1_83' title='bbox 2007 1628 2220 1701; x_wconf 76' lang='lat' dir='ltr'><strong>vulgata</strong></span> <span class='ocrx_word' id='word_1_84' title='bbox 2229 1630 2308 1683; x_wconf 87' lang='lat' dir='ltr'><strong>lec</strong></span> <span class='ocrx_word' id='word_1_85' title='bbox 2315 1632 2404 1699; x_wconf 85' lang='lat' dir='ltr'><strong>tio,</strong></span> 
     </span>
     <span class='ocr_line' id='line_1_13' title="bbox 1394 1709 2406 1781; baseline 0.003 -21"><span class='ocrx_word' id='word_1_86' title='bbox 1394 1727 1511 1780; x_wconf 76' lang='lat' dir='ltr'><strong>quoe</strong></span> <span class='ocrx_word' id='word_1_87' title='bbox 1536 1712 1794 1780; x_wconf 87' lang='lat' dir='ltr'><strong>optimum</strong></span> <span class='ocrx_word' id='word_1_88' title='bbox 1821 1728 2036 1763; x_wconf 84' lang='lat' dir='ltr'><strong>sensum</strong></span> <span class='ocrx_word' id='word_1_89' title='bbox 2057 1709 2258 1781; x_wconf 68' lang='lat' dir='ltr'><strong>praebet</strong></span> <span class='ocrx_word' id='word_1_90' title='bbox 2270 1748 2288 1775; x_wconf 90' lang='lat'><strong>,</strong></span> <span class='ocrx_word' id='word_1_91' title='bbox 2313 1731 2406 1763; x_wconf 86' lang='lat' dir='ltr'><strong>vo-</strong></span> 
     </span>
    </p>
   </div>
   <div class='ocr_carea' id='block_1_5' title="bbox 295 1628 1304 1707">
    <p class='ocr_par' dir='ltr' id='par_1_5' title="bbox 295 1628 1304 1707">
     <span class='ocr_line' id='line_1_14' title="bbox 295 1628 1304 1707; baseline -0.002 -24"><span class='ocrx_word' id='word_1_92' title='bbox 295 1630 401 1705; x_wconf 68' lang='lat' dir='ltr'><strong>qia.</strong></span> <span class='ocrx_word' id='word_1_93' title='bbox 440 1630 773 1707; x_wconf 51' lang='lat' dir='ltr'><strong>Poedaqoqia&#39;</strong></span> <span class='ocrx_word' id='word_1_94' title='bbox 806 1629 860 1683; x_wconf 88' lang='lat' dir='ltr'><strong>h.</strong></span> <span class='ocrx_word' id='word_1_95' title='bbox 902 1630 937 1683; x_wconf 80' lang='lat'><strong>1.</strong></span> <span class='ocrx_word' id='word_1_96' title='bbox 986 1629 1123 1683; x_wconf 82' lang='lat' dir='ltr'><strong>nihil</strong></span> <span class='ocrx_word' id='word_1_97' title='bbox 1160 1628 1304 1682; x_wconf 78' lang='lat' dir='ltr'><strong>aliud</strong></span> 
     </span>
    </p>
   </div>
   <div class='ocr_carea' id='block_1_6' title="bbox 300 1710 1305 1783">
    <p class='ocr_par' dir='ltr' id='par_1_6' title="bbox 300 1710 1305 1783">
     <span class='ocr_line' id='line_1_15' title="bbox 300 1710 1305 1783; baseline -0.002 -18"><span class='ocrx_word' id='word_1_98' title='bbox 300 1731 410 1765; x_wconf 85' lang='lat' dir='ltr'><strong>esse</strong></span> <span class='ocrx_word' id='word_1_99' title='bbox 424 1726 653 1783; x_wconf 80' lang='lat' dir='ltr'><strong>possunt</strong></span> <span class='ocrx_word' id='word_1_100' title='bbox 666 1751 683 1779; x_wconf 87' lang='lat'><strong>,</strong></span> <span class='ocrx_word' id='word_1_101' title='bbox 702 1728 863 1783; x_wconf 83' lang='lat' dir='ltr'><strong>quam</strong></span> <span class='ocrx_word' id='word_1_102' title='bbox 882 1712 999 1764; x_wconf 86' lang='lat' dir='ltr'><strong>loca</strong></span> <span class='ocrx_word' id='word_1_103' title='bbox 1012 1750 1029 1778; x_wconf 94' lang='lat'>‚</span> <span class='ocrx_word' id='word_1_104' title='bbox 1044 1710 1137 1763; x_wconf 85' lang='lat' dir='ltr'><strong>ubi</strong></span> <span class='ocrx_word' id='word_1_105' title='bbox 1150 1711 1305 1781; x_wconf 85' lang='lat' dir='ltr'><strong>pueri</strong></span> 
     </span>
    </p>
   </div>
   <div class='ocr_carea' id='block_1_7' title="bbox 290 1789 1302 2417">
    <p class='ocr_par' dir='ltr' id='par_1_7' title="bbox 290 1789 1302 2417">
     <span class='ocr_line' id='line_1_16' title="bbox 300 1789 1302 1857; baseline -0.003 -14"><span class='ocrx_word' id='word_1_106' title='bbox 300 1790 606 1857; x_wconf 81' lang='lat' dir='ltr'><strong>alebantur,</strong></span> <span class='ocrx_word' id='word_1_107' title='bbox 642 1809 753 1841; x_wconf 91' lang='lat' dir='ltr'><strong>non</strong></span> <span class='ocrx_word' id='word_1_108' title='bbox 786 1789 1117 1842; x_wconf 78' lang='lat' dir='ltr'><strong>educationis</strong></span> <span class='ocrx_word' id='word_1_109' title='bbox 1141 1808 1302 1843; x_wconf 82' lang='lat' dir='ltr'><strong>causa</strong></span> 
     </span>
     <span class='ocr_line' id='line_1_17' title="bbox 298 1867 1300 1941; baseline -0.001 -20"><span class='ocrx_word' id='word_1_110' title='bbox 298 1868 425 1941; x_wconf 88' lang='lat' dir='ltr'><strong>(quo</strong></span> <span class='ocrx_word' id='word_1_111' title='bbox 462 1886 627 1921; x_wconf 87' lang='lat' dir='ltr'><strong>sensu</strong></span> <span class='ocrx_word' id='word_1_112' title='bbox 667 1868 919 1920; x_wconf 87' lang='lat' dir='ltr'><strong>dicuntur</strong></span> <span class='ocrx_word' id='word_1_113' title='bbox 958 1867 1093 1919; x_wconf 89' lang='lat' dir='ltr'><strong>Plin.</strong></span> <span class='ocrx_word' id='word_1_114' title='bbox 1134 1868 1300 1939; x_wconf 81' lang='lat' dir='ltr'><strong>Epist.</strong></span> 
     </span>
     <span class='ocr_line' id='line_1_18' title="bbox 296 1946 1301 2020; baseline 0.001 -22"><span class='ocrx_word' id='word_1_115' title='bbox 296 1950 419 2013; x_wconf 83' lang='lat' dir='ltr'><strong>vn,</strong></span> <span class='ocrx_word' id='word_1_116' title='bbox 450 1964 547 2018; x_wconf 79' lang='lat'><strong>27,</strong></span> <span class='ocrx_word' id='word_1_117' title='bbox 572 1949 664 2011; x_wconf 83' lang='lat'><strong>13,</strong></span> <span class='ocrx_word' id='word_1_118' title='bbox 708 1972 733 1995; x_wconf 77' lang='grc' dir='ltr'><strong>σι</strong></span> <span class='ocrx_word' id='word_1_119' title='bbox 750 1966 887 2017; x_wconf 83' lang='lat' dir='ltr'><strong>puer</strong></span> <span class='ocrx_word' id='word_1_120' title='bbox 912 1948 967 1997; x_wconf 89' lang='lat' dir='ltr'><strong>in</strong></span> <span class='ocrx_word' id='word_1_121' title='bbox 995 1946 1301 2020; x_wconf 62' lang='lat' dir='ltr'><strong>pedagogio</strong></span> 
     </span>
     <span class='ocr_line' id='line_1_19' title="bbox 296 2025 1301 2100; baseline 0 -21"><span class='ocrx_word' id='word_1_122' title='bbox 296 2030 479 2081; x_wconf 85' lang='lat' dir='ltr'><strong>mistus</strong></span> <span class='ocrx_word' id='word_1_123' title='bbox 516 2026 764 2100; x_wconf 81' lang='lat' dir='ltr'><strong>pluribus</strong></span> <span class='ocrx_word' id='word_1_124' title='bbox 805 2025 1129 2093; x_wconf 83' lang='lat' dir='ltr'><strong>dormiebat,</strong></span> <span class='ocrx_word' id='word_1_125' title='bbox 1148 2050 1171 2073; x_wconf 71' lang='lat' dir='ltr'><em>n</em></span> <span class='ocrx_word' id='word_1_126' title='bbox 1208 2026 1301 2079; x_wconf 89' lang='lat' dir='ltr'><strong>nbi</strong></span> 
     </span>
     <span class='ocr_line' id='line_1_20' title="bbox 294 2104 1298 2179; baseline -0.003 -19"><span class='ocrx_word' id='word_1_127' title='bbox 294 2106 409 2159; x_wconf 76' lang='lat' dir='ltr'><strong>vide</strong></span> <span class='ocrx_word' id='word_1_128' title='bbox 434 2104 693 2177; x_wconf 79' lang='lat' dir='ltr'><strong>Gierig.),</strong></span> <span class='ocrx_word' id='word_1_129' title='bbox 714 2105 807 2158; x_wconf 85' lang='lat' dir='ltr'><strong>sed</strong></span> <span class='ocrx_word' id='word_1_130' title='bbox 836 2108 1004 2177; x_wconf 83' lang='lat' dir='ltr'><strong>stupri</strong></span> <span class='ocrx_word' id='word_1_131' title='bbox 1020 2144 1037 2171; x_wconf 95' lang='lat'><strong>,</strong></span> <span class='ocrx_word' id='word_1_132' title='bbox 1059 2124 1121 2158; x_wconf 82' lang='lat' dir='ltr'><strong>ac</strong></span> <span class='ocrx_word' id='word_1_133' title='bbox 1150 2108 1298 2179; x_wconf 73' lang='lat' dir='ltr'><strong>inqe-</strong></span> 
     </span>
     <span class='ocr_line' id='line_1_21' title="bbox 295 2183 1301 2260; baseline -0.002 -21"><span class='ocrx_word' id='word_1_134' title='bbox 295 2188 391 2239; x_wconf 83' lang='lat' dir='ltr'><strong>nui</strong></span> <span class='ocrx_word' id='word_1_135' title='bbox 415 2184 631 2260; x_wconf 83' lang='lat' dir='ltr'><strong>quidem</strong></span> <span class='ocrx_word' id='word_1_136' title='bbox 660 2205 759 2257; x_wconf 87' lang='lat' dir='ltr'><strong>pro</strong></span> <span class='ocrx_word' id='word_1_137' title='bbox 789 2184 1021 2238; x_wconf 76' lang='lat' dir='ltr'><strong>exoletis.</strong></span> <span class='ocrx_word' id='word_1_138' title='bbox 1059 2187 1137 2237; x_wconf 85' lang='lat' dir='ltr'><strong>Ita</strong></span> <span class='ocrx_word' id='word_1_139' title='bbox 1176 2183 1301 2237; x_wconf 70' lang='grc' dir='ltr'><strong><em>οἰκί-</em></strong></span> 
     </span>
     <span class='ocr_line' id='line_1_22' title="bbox 290 2252 1300 2337; baseline 0 -19"><span class='ocrx_word' id='word_1_140' title='bbox 290 2286 429 2331; x_wconf 72' lang='grc' dir='ltr'><strong><em>μντιι</em></strong></span> <span class='ocrx_word' id='word_1_141' title='bbox 464 2280 519 2319; x_wconf 88' lang='lat' dir='ltr'><strong>et</strong></span> <span class='ocrx_word' id='word_1_142' title='bbox 546 2252 739 2320; x_wconf 64' lang='grc' dir='ltr'><strong>οἰκίαις</strong></span> <span class='ocrx_word' id='word_1_143' title='bbox 776 2266 977 2317; x_wconf 81' lang='lat' dir='ltr'><strong>Atticis·</strong></span> <span class='ocrx_word' id='word_1_144' title='bbox 999 2284 1137 2337; x_wconf 72' lang='lat' dir='ltr'><strong>saepe</strong></span> <span class='ocrx_word' id='word_1_145' title='bbox 1176 2279 1300 2318; x_wconf 83' lang='lat' dir='ltr'><strong>sunt</strong></span> 
     </span>
     <span class='ocr_line' id='line_1_23' title="bbox 294 2344 1298 2417; baseline -0.003 -20"><span class='ocrx_word' id='word_1_146' title='bbox 294 2364 389 2417; x_wconf 80' lang='lat' dir='ltr'><strong>pro</strong></span> <span class='ocrx_word' id='word_1_147' title='bbox 412 2344 649 2411; x_wconf 62' lang='grc' dir='ltr'><strong>«ομοίως.</strong></span> <span class='ocrx_word' id='word_1_148' title='bbox 674 2344 809 2396; x_wconf 85' lang='lat' dir='ltr'><strong>Vide</strong></span> <span class='ocrx_word' id='word_1_149' title='bbox 833 2362 970 2417; x_wconf 87' lang='lat' dir='ltr'><strong>qnos</strong></span> <span class='ocrx_word' id='word_1_150' title='bbox 994 2346 1198 2397; x_wconf 83' lang='lat' dir='ltr'><strong>Ernest.</strong></span> <span class='ocrx_word' id='word_1_151' title='bbox 1222 2346 1298 2395; x_wconf 92' lang='lat' dir='ltr'><strong>ci-</strong></span> 
     </span>
    </p>
   </div>
   <div class='ocr_carea' id='block_1_8' title="bbox 296 2424 1327 2496">
    <p class='ocr_par' dir='ltr' id='par_1_8' title="bbox 296 2424 1327 2496">
     <span class='ocr_line' id='line_1_24' title="bbox 296 2424 1327 2496; baseline -0.004 -19"><span class='ocrx_word' id='word_1_152' title='bbox 296 2426 418 2477; x_wconf 75' lang='lat' dir='ltr'><strong>tavit</strong></span> <span class='ocrx_word' id='word_1_153' title='bbox 432 2424 501 2476; x_wconf 89' lang='lat' dir='ltr'><strong>ad</strong></span> <span class='ocrx_word' id='word_1_154' title='bbox 516 2426 652 2476; x_wconf 82' lang='lat' dir='ltr'><strong>Xen.</strong></span> <span class='ocrx_word' id='word_1_155' title='bbox 675 2425 897 2476; x_wconf 86' lang='lat' dir='ltr'><strong>Memor.</strong></span> <span class='ocrx_word' id='word_1_156' title='bbox 912 2426 975 2489; x_wconf 86' lang='lat' dir='ltr'><strong>n,</strong></span> <span class='ocrx_word' id='word_1_157' title='bbox 988 2424 1107 2491; x_wconf 73' lang='lat'><strong>.2,4.</strong></span> <span class='ocrx_word' id='word_1_158' title='bbox 1130 2426 1297 2496; x_wconf 82' lang='lat' dir='ltr'><strong>Turpi</strong></span> <span class='ocrx_word' id='word_1_159' title='bbox 1318 2466 1327 2473; x_wconf 84' lang='grc'><strong>.</strong></span> 
     </span>
    </p>
   </div>
   <div class='ocr_carea' id='block_1_9' title="bbox 286 2502 1298 3924">
    <p class='ocr_par' dir='ltr' id='par_1_9' title="bbox 286 2502 1298 3762">
     <span class='ocr_line' id='line_1_25' title="bbox 294 2502 1297 2577; baseline 0 -21"><span class='ocrx_word' id='word_1_160' title='bbox 294 2504 507 2577; x_wconf 80' lang='lat' dir='ltr'><strong>quidem</strong></span> <span class='ocrx_word' id='word_1_161' title='bbox 534 2521 695 2561; x_wconf 80' lang='lat' dir='ltr'><strong>sensu</strong></span> <span class='ocrx_word' id='word_1_162' title='bbox 718 2502 807 2556; x_wconf 87' lang='lat' dir='ltr'><strong>hic</strong></span> <span class='ocrx_word' id='word_1_163' title='bbox 830 2502 937 2556; x_wconf 88' lang='lat' dir='ltr'><strong>dici</strong></span> <span class='ocrx_word' id='word_1_164' title='bbox 956 2517 1104 2575; x_wconf 85' lang='lat' dir='ltr'><strong>patet</strong></span> <span class='ocrx_word' id='word_1_165' title='bbox 1120 2523 1185 2556; x_wconf 81' lang='lat' dir='ltr'><strong>cx</strong></span> <span class='ocrx_word' id='word_1_166' title='bbox 1204 2523 1297 2570; x_wconf 86' lang='lat' dir='ltr'><strong>eo,</strong></span> 
     </span>
     <span class='ocr_line' id='line_1_26' title="bbox 294 2583 1295 2657; baseline 0.005 -22"><span class='ocrx_word' id='word_1_167' title='bbox 294 2585 435 2657; x_wconf 86' lang='lat' dir='ltr'><strong>quod</strong></span> <span class='ocrx_word' id='word_1_168' title='bbox 456 2583 747 2656; x_wconf 83' lang='lat' dir='ltr'><strong>respondet</strong></span> <span class='ocrx_word' id='word_1_169' title='bbox 765 2585 1149 2638; x_wconf 73' lang='lat' dir='ltr'><strong>concubinatus.</strong></span> <span class='ocrx_word' id='word_1_170' title='bbox 1168 2583 1295 2640; x_wconf 79' lang='lat' dir='ltr'><strong>Aliis</strong></span> 
     </span>
     <span class='ocr_line' id='line_1_27' title="bbox 292 2663 1295 2737; baseline 0 -23"><span class='ocrx_word' id='word_1_171' title='bbox 292 2663 421 2717; x_wconf 85' lang='lat' dir='ltr'><strong>Iocis</strong></span> <span class='ocrx_word' id='word_1_172' title='bbox 456 2664 767 2737; x_wconf 71' lang='lat' dir='ltr'><strong>poedaqoqia</strong></span> <span class='ocrx_word' id='word_1_173' title='bbox 804 2677 926 2716; x_wconf 85' lang='lat' dir='ltr'><strong>sunt</strong></span> <span class='ocrx_word' id='word_1_174' title='bbox 967 2665 1119 2733; x_wconf 84' lang='lat' dir='ltr'><strong>pueri</strong></span> <span class='ocrx_word' id='word_1_175' title='bbox 1158 2665 1295 2734; x_wconf 82' lang='lat' dir='ltr'><strong>ipsi,</strong></span> 
     </span>
     <span class='ocr_line' id='line_1_28' title="bbox 294 2743 1296 2817; baseline 0 -21"><span class='ocrx_word' id='word_1_176' title='bbox 294 2744 437 2817; x_wconf 81' lang='lat' dir='ltr'><strong>quod</strong></span> <span class='ocrx_word' id='word_1_177' title='bbox 456 2743 549 2796; x_wconf 79' lang='lat' dir='ltr'><strong>hic</strong></span> <span class='ocrx_word' id='word_1_178' title='bbox 576 2745 749 2796; x_wconf 82' lang='lat' dir='ltr'><strong>valere</strong></span> <span class='ocrx_word' id='word_1_179' title='bbox 774 2763 881 2796; x_wconf 88' lang='lat' dir='ltr'><strong>non</strong></span> <span class='ocrx_word' id='word_1_180' title='bbox 908 2758 1083 2815; x_wconf 84' lang='lat' dir='ltr'><strong>potest</strong></span> <span class='ocrx_word' id='word_1_181' title='bbox 1110 2743 1183 2796; x_wconf 90' lang='lat' dir='ltr'><strong>ob</strong></span> <span class='ocrx_word' id='word_1_182' title='bbox 1205 2763 1296 2815; x_wconf 74' lang='lat' dir='ltr'><strong>ge-</strong></span> 
     </span>
     <span class='ocr_line' id='line_1_29' title="bbox 292 2823 1298 2898; baseline 0.001 -22"><span class='ocrx_word' id='word_1_183' title='bbox 292 2825 434 2877; x_wconf 78' lang='lat' dir='ltr'><strong>nitiv.</strong></span> <span class='ocrx_word' id='word_1_184' title='bbox 475 2825 824 2898; x_wconf 70' lang='lat' dir='ltr'><strong>inqenuorum</strong></span> <span class='ocrx_word' id='word_1_185' title='bbox 843 2862 861 2890; x_wconf 90' lang='lat'><strong>,</strong></span> <span class='ocrx_word' id='word_1_186' title='bbox 892 2837 947 2876; x_wconf 87' lang='lat' dir='ltr'><strong>et</strong></span> <span class='ocrx_word' id='word_1_187' title='bbox 974 2823 1211 2876; x_wconf 88' lang='lat' dir='ltr'><strong>additum</strong></span> <span class='ocrx_word' id='word_1_188' title='bbox 1246 2835 1298 2877; x_wconf 82' lang='lat' dir='ltr'><strong>et</strong></span> 
     </span>
     <span class='ocr_line' id='line_1_30' title="bbox 294 2903 1296 2977; baseline 0.003 -23"><span class='ocrx_word' id='word_1_189' title='bbox 294 2917 571 2974; x_wconf 80' lang='lat' dir='ltr'><strong>nuptarum</strong></span> <span class='ocrx_word' id='word_1_190' title='bbox 614 2905 999 2958; x_wconf 74' lang='lat' dir='ltr'><strong>concubinatus.</strong></span> <span class='ocrx_word' id='word_1_191' title='bbox 1040 2903 1182 2977; x_wconf 85' lang='lat' dir='ltr'><strong>Lips.</strong></span> <span class='ocrx_word' id='word_1_192' title='bbox 1226 2904 1296 2957; x_wconf 86' lang='lat' dir='ltr'><strong>ad</strong></span> 
     </span>
     <span class='ocr_line' id='line_1_31' title="bbox 292 2981 1294 3056; baseline 0.005 -25"><span class='ocrx_word' id='word_1_193' title='bbox 292 2981 457 3034; x_wconf 79' lang='lat' dir='ltr'><strong>Tacit.</strong></span> <span class='ocrx_word' id='word_1_194' title='bbox 484 2982 611 3048; x_wconf 83' lang='lat' dir='ltr'><strong>XV,</strong></span> <span class='ocrx_word' id='word_1_195' title='bbox 632 2984 703 3052; x_wconf 87' lang='lat'><strong>69</strong></span> <span class='ocrx_word' id='word_1_196' title='bbox 718 3019 734 3047; x_wconf 95' lang='lat'><strong>,</strong></span> <span class='ocrx_word' id='word_1_197' title='bbox 758 2984 813 3033; x_wconf 86' lang='lat' dir='ltr'><strong>in</strong></span> <span class='ocrx_word' id='word_1_198' title='bbox 839 2983 1101 3051; x_wconf 79' lang='lat' dir='ltr'><strong>Excursu,</strong></span> <span class='ocrx_word' id='word_1_199' title='bbox 1128 2997 1179 3036; x_wconf 90' lang='lat' dir='ltr'><strong>et</strong></span> <span class='ocrx_word' id='word_1_200' title='bbox 1204 2985 1294 3056; x_wconf 88' lang='lat' dir='ltr'><strong>qui</strong></span> 
     </span>
     <span class='ocr_line' id='line_1_32' title="bbox 292 3063 1295 3134; baseline 0.004 -22"><span class='ocrx_word' id='word_1_201' title='bbox 292 3079 411 3113; x_wconf 87' lang='lat' dir='ltr'><strong>eum</strong></span> <span class='ocrx_word' id='word_1_202' title='bbox 431 3063 745 3134; x_wconf 78' lang='lat' dir='ltr'><strong>exscripsit,</strong></span> <span class='ocrx_word' id='word_1_203' title='bbox 768 3063 1075 3116; x_wconf 86' lang='lat' dir='ltr'><strong>Torrentius</strong></span> <span class='ocrx_word' id='word_1_204' title='bbox 1095 3103 1111 3131; x_wconf 92' lang='lat'><strong>,</strong></span> <span class='ocrx_word' id='word_1_205' title='bbox 1138 3063 1261 3116; x_wconf 85' lang='lat' dir='ltr'><strong>loca</strong></span> <span class='ocrx_word' id='word_1_206' title='bbox 1277 3103 1295 3130; x_wconf 91' lang='lat'><strong>,</strong></span> 
     </span>
     <span class='ocr_line' id='line_1_33' title="bbox 290 3139 1296 3214; baseline 0.002 -22"><span class='ocrx_word' id='word_1_207' title='bbox 290 3139 379 3192; x_wconf 79' lang='lat' dir='ltr'><strong>ubi</strong></span> <span class='ocrx_word' id='word_1_208' title='bbox 392 3157 623 3214; x_wconf 82' lang='lat' dir='ltr'><strong>utraque</strong></span> <span class='ocrx_word' id='word_1_209' title='bbox 642 3141 957 3212; x_wconf 75' lang='lat' dir='ltr'><strong>significatio</strong></span> <span class='ocrx_word' id='word_1_210' title='bbox 972 3142 1108 3193; x_wconf 75' lang='lat' dir='ltr'><strong>valet</strong></span> <span class='ocrx_word' id='word_1_211' title='bbox 1119 3181 1135 3208; x_wconf 91' lang='lat'><strong>,</strong></span> <span class='ocrx_word' id='word_1_212' title='bbox 1152 3142 1296 3194; x_wconf 78' lang='lat' dir='ltr'><strong>haud</strong></span> 
     </span>
     <span class='ocr_line' id='line_1_34' title="bbox 291 3218 1298 3292; baseline 0.005 -23"><span class='ocrx_word' id='word_1_213' title='bbox 291 3221 413 3272; x_wconf 78' lang='lat' dir='ltr'><strong>satis</strong></span> <span class='ocrx_word' id='word_1_214' title='bbox 432 3218 804 3272; x_wconf 79' lang='lat' dir='ltr'><strong>distinxerunt.</strong></span> <span class='ocrx_word' id='word_1_215' title='bbox 838 3221 1089 3292; x_wconf 74' lang='lat' dir='ltr'><strong>Egnatius</strong></span> <span class='ocrx_word' id='word_1_216' title='bbox 1116 3221 1298 3292; x_wconf 74' lang='lat' dir='ltr'><strong>legen-</strong></span> 
     </span>
     <span class='ocr_line' id='line_1_35' title="bbox 290 3297 1297 3373; baseline 0.004 -24"><span class='ocrx_word' id='word_1_217' title='bbox 290 3297 413 3350; x_wconf 86' lang='lat' dir='ltr'><strong>dum</strong></span> <span class='ocrx_word' id='word_1_218' title='bbox 449 3297 600 3351; x_wconf 87' lang='lat' dir='ltr'><strong>duxit</strong></span> <span class='ocrx_word' id='word_1_219' title='bbox 641 3299 931 3373; x_wconf 70' lang='lat' dir='ltr'><strong>proaqoyia</strong></span> <span class='ocrx_word' id='word_1_220' title='bbox 973 3319 1003 3352; x_wconf 76' lang='lat' dir='ltr'><strong>a</strong></span> <span class='ocrx_word' id='word_1_221' title='bbox 1038 3299 1297 3366; x_wconf 70' lang='grc' dir='ltr'><strong>προάγων,</strong></span> 
     </span>
     <span class='ocr_line' id='line_1_36' title="bbox 286 3376 1293 3450; baseline 0.002 -21"><span class='ocrx_word' id='word_1_222' title='bbox 286 3379 591 3448; x_wconf 67' lang='lat' dir='ltr'><strong>perducere,</strong></span> <span class='ocrx_word' id='word_1_223' title='bbox 630 3397 745 3450; x_wconf 73' lang='lat' dir='ltr'><strong>quae</strong></span> <span class='ocrx_word' id='word_1_224' title='bbox 786 3376 1003 3449; x_wconf 85' lang='lat' dir='ltr'><strong>quidem</strong></span> <span class='ocrx_word' id='word_1_225' title='bbox 1030 3379 1189 3432; x_wconf 83' lang='lat' dir='ltr'><strong>verba</strong></span> <span class='ocrx_word' id='word_1_226' title='bbox 1227 3379 1293 3431; x_wconf 91' lang='lat' dir='ltr'><strong>de</strong></span> 
     </span>
     <span class='ocr_line' id='line_1_37' title="bbox 292 3457 1293 3530; baseline 0.002 -22"><span class='ocrx_word' id='word_1_227' title='bbox 292 3469 477 3528; x_wconf 79' lang='lat' dir='ltr'><strong>stupro</strong></span> <span class='ocrx_word' id='word_1_228' title='bbox 500 3457 606 3508; x_wconf 88' lang='lat' dir='ltr'><strong>dici</strong></span> <span class='ocrx_word' id='word_1_229' title='bbox 630 3469 855 3509; x_wconf 82' lang='lat' dir='ltr'><strong>constat.</strong></span> <span class='ocrx_word' id='word_1_230' title='bbox 887 3457 987 3510; x_wconf 84' lang='lat' dir='ltr'><strong>Sed</strong></span> <span class='ocrx_word' id='word_1_231' title='bbox 1018 3476 1127 3510; x_wconf 90' lang='lat' dir='ltr'><strong>non</strong></span> <span class='ocrx_word' id='word_1_232' title='bbox 1157 3476 1293 3530; x_wconf 87' lang='lat' dir='ltr'><strong>opus</strong></span> 
     </span>
     <span class='ocr_line' id='line_1_38' title="bbox 290 3537 1293 3600; baseline 0.003 -14"><span class='ocrx_word' id='word_1_233' title='bbox 290 3549 363 3586; x_wconf 83' lang='lat' dir='ltr'><strong>est</strong></span> <span class='ocrx_word' id='word_1_234' title='bbox 380 3555 445 3588; x_wconf 89' lang='lat' dir='ltr'><strong>ea</strong></span> <span class='ocrx_word' id='word_1_235' title='bbox 465 3537 777 3588; x_wconf 82' lang='lat' dir='ltr'><strong>mutatione.</strong></span> <span class='ocrx_word' id='word_1_236' title='bbox 799 3537 1045 3588; x_wconf 84' lang='lat' dir='ltr'><strong>Ceterum</strong></span> <span class='ocrx_word' id='word_1_237' title='bbox 1061 3573 1078 3600; x_wconf 83' lang='lat'><strong>,</strong></span> <span class='ocrx_word' id='word_1_238' title='bbox 1098 3549 1293 3590; x_wconf 85' lang='lat' dir='ltr'><strong>temere</strong></span> 
     </span>
     <span class='ocr_line' id='line_1_39' title="bbox 290 3615 1296 3690; baseline 0.002 -24"><span class='ocrx_word' id='word_1_239' title='bbox 290 3615 557 3668; x_wconf 81' lang='lat' dir='ltr'><strong>intrudere</strong></span> <span class='ocrx_word' id='word_1_240' title='bbox 566 3615 733 3668; x_wconf 78' lang='lat' dir='ltr'><strong>voluit</strong></span> <span class='ocrx_word' id='word_1_241' title='bbox 742 3633 859 3668; x_wconf 79' lang='lat' dir='ltr'><strong>voc.</strong></span> <span class='ocrx_word' id='word_1_242' title='bbox 867 3615 1175 3690; x_wconf 73' lang='lat' dir='ltr'><strong>poeduqoqia</strong></span> <span class='ocrx_word' id='word_1_243' title='bbox 1182 3615 1296 3668; x_wconf 90' lang='lat' dir='ltr'><strong>loco</strong></span> 
     </span>
     <span class='ocr_line' id='line_1_40' title="bbox 288 3693 1162 3762; baseline 0 -18"><span class='ocrx_word' id='word_1_244' title='bbox 288 3693 452 3746; x_wconf 84' lang='lat' dir='ltr'><strong>Tacit.</strong></span> <span class='ocrx_word' id='word_1_245' title='bbox 478 3695 613 3746; x_wconf 82' lang='lat' dir='ltr'><strong>Hist.</strong></span> <span class='ocrx_word' id='word_1_246' title='bbox 644 3697 697 3762; x_wconf 84' lang='lat'><strong>1,</strong></span> <span class='ocrx_word' id='word_1_247' title='bbox 723 3711 816 3758; x_wconf 81' lang='lat'><strong>22,</strong></span> <span class='ocrx_word' id='word_1_248' title='bbox 844 3694 1162 3746; x_wconf 86' lang='lat' dir='ltr'><strong>Gronovius.</strong></span> 
     </span>
    </p>

    <p class='ocr_par' dir='ltr' id='par_1_10' title="bbox 288 3772 1292 3924">
     <span class='ocr_line' id='line_1_41' title="bbox 359 3772 1291 3845; baseline 0.003 -21"><span class='ocrx_word' id='word_1_249' title='bbox 359 3791 407 3826; x_wconf 81' lang='lat'><strong>2.</strong></span> <span class='ocrx_word' id='word_1_250' title='bbox 418 3773 585 3827; x_wconf 84' lang='lat' dir='ltr'><strong>Acten</strong></span> <span class='ocrx_word' id='word_1_251' title='bbox 597 3772 857 3838; x_wconf 77' lang='lat' dir='ltr'><strong>libertam,</strong></span> <span class='ocrx_word' id='word_1_252' title='bbox 872 3787 975 3826; x_wconf 87' lang='lat' dir='ltr'><strong>etc.</strong></span> <span class='ocrx_word' id='word_1_253' title='bbox 992 3773 1071 3824; x_wconf 87' lang='lat' dir='ltr'><strong>Cf.</strong></span> <span class='ocrx_word' id='word_1_254' title='bbox 1090 3773 1153 3824; x_wconf 79' lang='lat' dir='ltr'><strong>xi</strong></span> <span class='ocrx_word' id='word_1_255' title='bbox 1160 3773 1291 3845; x_wconf 81' lang='lat' dir='ltr'><strong>phil.</strong></span> 
     </span>
     <span class='ocr_line' id='line_1_42' title="bbox 288 3851 1292 3924; baseline 0.005 -22"><span class='ocrx_word' id='word_1_256' title='bbox 288 3851 399 3904; x_wconf 72' lang='lat' dir='ltr'><strong>LXI</strong></span> <span class='ocrx_word' id='word_1_257' title='bbox 412 3891 431 3920; x_wconf 87' lang='lat'><strong>,</strong></span> <span class='ocrx_word' id='word_1_258' title='bbox 454 3871 485 3922; x_wconf 85' lang='lat'>7</span> <span class='ocrx_word' id='word_1_259' title='bbox 498 3891 515 3918; x_wconf 94' lang='lat'><strong>,</strong></span> <span class='ocrx_word' id='word_1_260' title='bbox 536 3853 627 3904; x_wconf 88' lang='lat' dir='ltr'><strong>nbi</strong></span> <span class='ocrx_word' id='word_1_261' title='bbox 646 3853 802 3924; x_wconf 75' lang='lat' dir='ltr'><strong>plura</strong></span> <span class='ocrx_word' id='word_1_262' title='bbox 822 3852 891 3905; x_wconf 90' lang='lat' dir='ltr'><strong>de</strong></span> <span class='ocrx_word' id='word_1_263' title='bbox 910 3873 971 3906; x_wconf 89' lang='lat' dir='ltr'><strong>ea</strong></span> <span class='ocrx_word' id='word_1_264' title='bbox 989 3855 1292 3918; x_wconf 81' lang='lat' dir='ltr'><strong>Reimarus;</strong></span> 
     </span>
    </p>
   </div>
   <div class='ocr_carea' id='block_1_10' title="bbox 1381 1786 2407 3923">
    <p class='ocr_par' dir='ltr' id='par_1_11' title="bbox 1381 1786 2407 3923">
     <span class='ocr_line' id='line_1_43' title="bbox 1390 1786 2407 1863; baseline 0.005 -24"><span class='ocrx_word' id='word_1_265' title='bbox 1390 1786 1554 1841; x_wconf 85' lang='lat' dir='ltr'><strong>luisse</strong></span> <span class='ocrx_word' id='word_1_266' title='bbox 1593 1792 1892 1857; x_wconf 85' lang='lat' dir='ltr'><strong>Neronem,</strong></span> <span class='ocrx_word' id='word_1_267' title='bbox 1927 1793 2109 1863; x_wconf 87' lang='lat' dir='ltr'><strong>jurare</strong></span> <span class='ocrx_word' id='word_1_268' title='bbox 2157 1788 2306 1858; x_wconf 81' lang='lat' dir='ltr'><strong>illos,</strong></span> <span class='ocrx_word' id='word_1_269' title='bbox 2351 1806 2407 1845; x_wconf 86' lang='lat' dir='ltr'><strong>et</strong></span> 
     </span>
     <span class='ocr_line' id='line_1_44' title="bbox 1392 1866 2402 1942; baseline 0.006 -25"><span class='ocrx_word' id='word_1_270' title='bbox 1392 1866 1580 1920; x_wconf 78' lang='lat' dir='ltr'><strong>falsam</strong></span> <span class='ocrx_word' id='word_1_271' title='bbox 1601 1889 1713 1921; x_wconf 89' lang='lat' dir='ltr'><strong>rem</strong></span> <span class='ocrx_word' id='word_1_272' title='bbox 1722 1868 2008 1939; x_wconf 83' lang='lat' dir='ltr'><strong>jurandam</strong></span> <span class='ocrx_word' id='word_1_273' title='bbox 2029 1872 2222 1935; x_wconf 87' lang='lat' dir='ltr'><strong>fuisse,</strong></span> <span class='ocrx_word' id='word_1_274' title='bbox 2238 1888 2402 1942; x_wconf 88' lang='lat' dir='ltr'><strong>quum</strong></span> 
     </span>
     <span class='ocr_line' id='line_1_45' title="bbox 1391 1946 2324 2001; baseline 0 -2"><span class='ocrx_word' id='word_1_275' title='bbox 1391 1966 1576 2001; x_wconf 86' lang='lat' dir='ltr'><strong>omnes</strong></span> <span class='ocrx_word' id='word_1_276' title='bbox 1611 1946 1734 2001; x_wconf 85' lang='lat' dir='ltr'><strong>libri</strong></span> <span class='ocrx_word' id='word_1_277' title='bbox 1765 1951 1820 2000; x_wconf 87' lang='lat' dir='ltr'><strong>in</strong></span> <span class='ocrx_word' id='word_1_278' title='bbox 1851 1968 1914 2001; x_wconf 83' lang='lat' dir='ltr'><strong>ea</strong></span> <span class='ocrx_word' id='word_1_279' title='bbox 1951 1951 2324 2001; x_wconf 80' lang='lat' dir='ltr'><strong>consentiant?</strong></span> 
     </span>
     <span class='ocr_line' id='line_1_46' title="bbox 1461 2027 2401 2102; baseline 0.003 -23"><span class='ocrx_word' id='word_1_280' title='bbox 1461 2027 1514 2079; x_wconf 88' lang='grc'><strong>3.</strong></span> <span class='ocrx_word' id='word_1_281' title='bbox 1554 2028 1784 2081; x_wconf 83' lang='lat' dir='ltr'><strong>Puerum</strong></span> <span class='ocrx_word' id='word_1_282' title='bbox 1821 2029 2046 2102; x_wconf 83' lang='lat' dir='ltr'><strong>Sporum</strong></span> <span class='ocrx_word' id='word_1_283' title='bbox 2061 2068 2077 2089; x_wconf 91' lang='lat'><strong>,</strong></span> <span class='ocrx_word' id='word_1_284' title='bbox 2121 2041 2221 2082; x_wconf 88' lang='lat' dir='ltr'><strong>etc.</strong></span> <span class='ocrx_word' id='word_1_285' title='bbox 2265 2028 2401 2082; x_wconf 84' lang='lat' dir='ltr'><strong>Vide</strong></span> 
     </span>
     <span class='ocr_line' id='line_1_47' title="bbox 1389 2104 2402 2176; baseline 0.006 -21"><span class='ocrx_word' id='word_1_286' title='bbox 1389 2104 1588 2176; x_wconf 84' lang='lat' dir='ltr'><strong>xiphil.</strong></span> <span class='ocrx_word' id='word_1_287' title='bbox 1625 2108 1788 2159; x_wconf 82' lang='lat' dir='ltr'>LXIII</span> <span class='ocrx_word' id='word_1_288' title='bbox 1799 2147 1817 2175; x_wconf 93' lang='lat'><strong>,</strong></span> <span class='ocrx_word' id='word_1_289' title='bbox 1855 2109 1934 2160; x_wconf 82' lang='lat'><strong>13.</strong></span> <span class='ocrx_word' id='word_1_290' title='bbox 1973 2108 2156 2171; x_wconf 83' lang='lat' dir='ltr'><strong>Eidem</strong></span> <span class='ocrx_word' id='word_1_291' title='bbox 2193 2108 2402 2161; x_wconf 74' lang='lat' dir='ltr'><strong>Sabinae</strong></span> 
     </span>
     <span class='ocr_line' id='line_1_48' title="bbox 1390 2184 2400 2259; baseline 0.005 -24"><span class='ocrx_word' id='word_1_292' title='bbox 1390 2202 1586 2237; x_wconf 86' lang='lat' dir='ltr'><strong>nomen</strong></span> <span class='ocrx_word' id='word_1_293' title='bbox 1617 2184 1790 2253; x_wconf 86' lang='lat' dir='ltr'><strong>dedit,</strong></span> <span class='ocrx_word' id='word_1_294' title='bbox 1813 2206 1970 2259; x_wconf 81' lang='lat' dir='ltr'><strong>quam</strong></span> <span class='ocrx_word' id='word_1_295' title='bbox 1991 2190 2214 2240; x_wconf 78' lang='lat' dir='ltr'><strong>amicam</strong></span> <span class='ocrx_word' id='word_1_296' title='bbox 2236 2188 2400 2259; x_wconf 87' lang='lat' dir='ltr'><strong>depe-</strong></span> 
     </span>
     <span class='ocr_line' id='line_1_49' title="bbox 1388 2264 2396 2339; baseline 0.006 -24"><span class='ocrx_word' id='word_1_297' title='bbox 1388 2265 1570 2317; x_wconf 77' lang='lat' dir='ltr'><strong>rierat.</strong></span> <span class='ocrx_word' id='word_1_298' title='bbox 1587 2265 1786 2339; x_wconf 81' lang='lat' dir='ltr'><strong>Xiphil.</strong></span> <span class='ocrx_word' id='word_1_299' title='bbox 1801 2268 1967 2333; x_wconf 81' lang='lat' dir='ltr'><strong>LXII,</strong></span> <span class='ocrx_word' id='word_1_300' title='bbox 1987 2264 2070 2318; x_wconf 76' lang='lat'><strong>28.</strong></span> <span class='ocrx_word' id='word_1_301' title='bbox 2093 2267 2178 2319; x_wconf 83' lang='lat' dir='ltr'><strong>cf.</strong></span> <span class='ocrx_word' id='word_1_302' title='bbox 2201 2268 2396 2321; x_wconf 74' lang='lat' dir='ltr'><strong>Zonar-</strong></span> 
     </span>
     <span class='ocr_line' id='line_1_50' title="bbox 1387 2342 2398 2420; baseline 0.003 -26"><span class='ocrx_word' id='word_1_303' title='bbox 1387 2355 1440 2395; x_wconf 90' lang='lat' dir='ltr'><strong>et</strong></span> <span class='ocrx_word' id='word_1_304' title='bbox 1462 2342 1668 2396; x_wconf 84' lang='lat' dir='ltr'><strong>Suidas.</strong></span> <span class='ocrx_word' id='word_1_305' title='bbox 1685 2346 1764 2397; x_wconf 91' lang='lat' dir='ltr'><strong>De</strong></span> <span class='ocrx_word' id='word_1_306' title='bbox 1779 2348 1978 2417; x_wconf 84' lang='lat' dir='ltr'><strong>nuptiis</strong></span> <span class='ocrx_word' id='word_1_307' title='bbox 1993 2364 2114 2397; x_wconf 89' lang='lat' dir='ltr'><strong>cum</strong></span> <span class='ocrx_word' id='word_1_308' title='bbox 2133 2344 2398 2420; x_wconf 69' lang='lat' dir='ltr'><strong>Pythaqo-</strong></span> 
     </span>
     <span class='ocr_line' id='line_1_51' title="bbox 1384 2422 2398 2495; baseline -0.002 -20"><span class='ocrx_word' id='word_1_309' title='bbox 1384 2441 1471 2487; x_wconf 83' lang='lat' dir='ltr'><strong>ra,</strong></span> <span class='ocrx_word' id='word_1_310' title='bbox 1492 2425 1578 2475; x_wconf 90' lang='lat' dir='ltr'><strong>cui</strong></span> <span class='ocrx_word' id='word_1_311' title='bbox 1593 2426 1734 2477; x_wconf 86' lang='lat' dir='ltr'><strong>Nero</strong></span> <span class='ocrx_word' id='word_1_312' title='bbox 1755 2442 1853 2495; x_wconf 85' lang='lat' dir='ltr'><strong>pro</strong></span> <span class='ocrx_word' id='word_1_313' title='bbox 1871 2444 2061 2489; x_wconf 84' lang='lat' dir='ltr'><strong>uxore,</strong></span> <span class='ocrx_word' id='word_1_314' title='bbox 2077 2422 2314 2476; x_wconf 85' lang='lat' dir='ltr'><strong>dicemus</strong></span> <span class='ocrx_word' id='word_1_315' title='bbox 2331 2422 2398 2475; x_wconf 86' lang='lat' dir='ltr'><strong>ad</strong></span> 
     </span>
     <span class='ocr_line' id='line_1_52' title="bbox 1386 2502 2394 2577; baseline 0.002 -23"><span class='ocrx_word' id='word_1_316' title='bbox 1386 2521 1503 2575; x_wconf 81' lang='lat' dir='ltr'><strong>cap.</strong></span> <span class='ocrx_word' id='word_1_317' title='bbox 1537 2521 1630 2572; x_wconf 78' lang='lat'><strong>29,</strong></span> <span class='ocrx_word' id='word_1_318' title='bbox 1657 2505 1750 2556; x_wconf 87' lang='lat' dir='ltr'><strong>ubi</strong></span> <span class='ocrx_word' id='word_1_319' title='bbox 1769 2505 1834 2556; x_wconf 88' lang='lat' dir='ltr'><strong>de</strong></span> <span class='ocrx_word' id='word_1_320' title='bbox 1853 2502 2166 2577; x_wconf 76' lang='lat' dir='ltr'><strong>Doryphoro</strong></span> <span class='ocrx_word' id='word_1_321' title='bbox 2185 2505 2394 2556; x_wconf 80' lang='lat' dir='ltr'><strong>Noster.</strong></span> 
     </span>
     <span class='ocr_line' id='line_1_53' title="bbox 1456 2585 2394 2662; baseline 0 -24"><span class='ocrx_word' id='word_1_322' title='bbox 1456 2588 1507 2655; x_wconf 74' lang='grc'><strong>4.</strong></span> <span class='ocrx_word' id='word_1_323' title='bbox 1545 2587 1919 2662; x_wconf 76' lang='lat' dir='ltr'><strong>Etflammeo3</strong></span> <span class='ocrx_word' id='word_1_324' title='bbox 1933 2585 1990 2639; x_wconf 87' lang='lat' dir='ltr'><strong>h.</strong></span> <span class='ocrx_word' id='word_1_325' title='bbox 2009 2605 2058 2638; x_wconf 88' lang='lat' dir='ltr'><strong>e.</strong></span> <span class='ocrx_word' id='word_1_326' title='bbox 2080 2586 2200 2638; x_wconf 73' lang='lat' dir='ltr'><strong>velo</strong></span> <span class='ocrx_word' id='word_1_327' title='bbox 2218 2585 2394 2650; x_wconf 85' lang='lat' dir='ltr'><strong>luteo,</strong></span> 
     </span>
     <span class='ocr_line' id='line_1_54' title="bbox 1386 2666 2400 2738; baseline 0.002 -22"><span class='ocrx_word' id='word_1_328' title='bbox 1386 2684 1494 2736; x_wconf 89' lang='lat' dir='ltr'><strong>quo</strong></span> <span class='ocrx_word' id='word_1_329' title='bbox 1524 2679 1706 2737; x_wconf 71' lang='lat' dir='ltr'><strong>nuptie</strong></span> <span class='ocrx_word' id='word_1_330' title='bbox 1737 2679 1901 2737; x_wconf 84' lang='lat' dir='ltr'><strong>caput</strong></span> <span class='ocrx_word' id='word_1_331' title='bbox 1926 2666 2292 2738; x_wconf 79' lang='lat' dir='ltr'><strong>operiebatur:</strong></span> <span class='ocrx_word' id='word_1_332' title='bbox 2318 2668 2400 2718; x_wconf 84' lang='lat' dir='ltr'><strong>vi-</strong></span> 
     </span>
     <span class='ocr_line' id='line_1_55' title="bbox 1384 2737 2397 2814; baseline 0 -18"><span class='ocrx_word' id='word_1_333' title='bbox 1384 2737 1451 2796; x_wconf 83' lang='lat' dir='ltr'><strong>de</strong></span> <span class='ocrx_word' id='word_1_334' title='bbox 1474 2745 1652 2796; x_wconf 83' lang='lat' dir='ltr'><strong>Rosin.</strong></span> <span class='ocrx_word' id='word_1_335' title='bbox 1677 2746 1800 2796; x_wconf 73' lang='lat' dir='ltr'><strong>Ant.</strong></span> <span class='ocrx_word' id='word_1_336' title='bbox 1829 2746 1980 2796; x_wconf 86' lang='lat' dir='ltr'><strong>Rom.</strong></span> <span class='ocrx_word' id='word_1_337' title='bbox 2001 2748 2066 2812; x_wconf 81' lang='lat' dir='ltr'><strong>V,</strong></span> <span class='ocrx_word' id='word_1_338' title='bbox 2087 2745 2177 2814; x_wconf 87' lang='lat'><strong>37,</strong></span> <span class='ocrx_word' id='word_1_339' title='bbox 2195 2762 2250 2814; x_wconf 89' lang='lat' dir='ltr'><strong>p.</strong></span> <span class='ocrx_word' id='word_1_340' title='bbox 2272 2743 2397 2814; x_wconf 69' lang='lat'><strong>427,</strong></span> 
     </span>
     <span class='ocr_line' id='line_1_56' title="bbox 1385 2822 2352 2895; baseline -0.002 -19"><span class='ocrx_word' id='word_1_341' title='bbox 1385 2835 1441 2876; x_wconf 87' lang='lat' dir='ltr'><strong>et.</strong></span> <span class='ocrx_word' id='word_1_342' title='bbox 1462 2825 1764 2895; x_wconf 88' lang='lat' dir='ltr'><strong>Dempster.</strong></span> <span class='ocrx_word' id='word_1_343' title='bbox 1789 2822 1856 2874; x_wconf 85' lang='lat' dir='ltr'><strong>ad</strong></span> <span class='ocrx_word' id='word_1_344' title='bbox 1875 2823 2120 2874; x_wconf 89' lang='lat' dir='ltr'><strong>eumdem</strong></span> <span class='ocrx_word' id='word_1_345' title='bbox 2147 2843 2199 2894; x_wconf 87' lang='lat' dir='ltr'><strong>p.</strong></span> <span class='ocrx_word' id='word_1_346' title='bbox 2227 2823 2352 2892; x_wconf 76' lang='lat'><strong>435.</strong></span> 
     </span>
     <span class='ocr_line' id='line_1_57' title="bbox 1458 2901 2395 2975; baseline -0.001 -21"><span class='ocrx_word' id='word_1_347' title='bbox 1458 2901 1507 2955; x_wconf 86' lang='lat'><strong>5.</strong></span> <span class='ocrx_word' id='word_1_348' title='bbox 1543 2903 1648 2953; x_wconf 88' lang='lat' dir='ltr'><strong>Per</strong></span> <span class='ocrx_word' id='word_1_349' title='bbox 1680 2901 1935 2956; x_wconf 77' lang='lat' dir='ltr'><strong>sollemne</strong></span> <span class='ocrx_word' id='word_1_350' title='bbox 1963 2904 2286 2975; x_wconf 80' lang='lat' dir='ltr'><strong>nuptiarum.</strong></span> <span class='ocrx_word' id='word_1_351' title='bbox 2317 2905 2395 2954; x_wconf 87' lang='lat' dir='ltr'><strong>Ita</strong></span> 
     </span>
     <span class='ocr_line' id='line_1_58' title="bbox 1386 2981 2394 3035; baseline -0.001 0"><span class='ocrx_word' id='word_1_352' title='bbox 1386 2981 1656 3035; x_wconf 85' lang='lat' dir='ltr'><strong>edidimus</strong></span> <span class='ocrx_word' id='word_1_353' title='bbox 1678 2999 1798 3034; x_wconf 85' lang='lat' dir='ltr'><strong>cum</strong></span> <span class='ocrx_word' id='word_1_354' title='bbox 1827 2981 2056 3034; x_wconf 85' lang='lat' dir='ltr'><strong>Casaub.</strong></span> <span class='ocrx_word' id='word_1_355' title='bbox 2079 2996 2131 3033; x_wconf 87' lang='lat' dir='ltr'><strong>et</strong></span> <span class='ocrx_word' id='word_1_356' title='bbox 2157 2981 2394 3034; x_wconf 80' lang='lat' dir='ltr'><strong>Gronov.</strong></span> 
     </span>
     <span class='ocr_line' id='line_1_59' title="bbox 1386 3059 2396 3132; baseline 0.001 -19"><span class='ocrx_word' id='word_1_357' title='bbox 1386 3079 1447 3113; x_wconf 87' lang='lat' dir='ltr'><strong>ex</strong></span> <span class='ocrx_word' id='word_1_358' title='bbox 1486 3061 1654 3113; x_wconf 79' lang='lat' dir='ltr'><strong>altero</strong></span> <span class='ocrx_word' id='word_1_359' title='bbox 1692 3059 1908 3114; x_wconf 90' lang='lat' dir='ltr'><strong>Codice.</strong></span> <span class='ocrx_word' id='word_1_360' title='bbox 1948 3059 2304 3132; x_wconf 84' lang='lat' dir='ltr'><strong>Oudendorp.</strong></span> <span class='ocrx_word' id='word_1_361' title='bbox 2343 3075 2396 3114; x_wconf 87' lang='lat' dir='ltr'><strong>et</strong></span> 
     </span>
     <span class='ocr_line' id='line_1_60' title="bbox 1384 3139 2394 3205; baseline 0.002 -14"><span class='ocrx_word' id='word_1_362' title='bbox 1384 3140 1593 3192; x_wconf 84' lang='lat' dir='ltr'><strong>Ernest.</strong></span> <span class='ocrx_word' id='word_1_363' title='bbox 1619 3141 1673 3191; x_wconf 91' lang='lat' dir='ltr'><strong>in</strong></span> <span class='ocrx_word' id='word_1_364' title='bbox 1703 3139 1833 3192; x_wconf 83' lang='lat' dir='ltr'><strong>edit.</strong></span> <span class='ocrx_word' id='word_1_365' title='bbox 1862 3139 2098 3192; x_wconf 85' lang='lat' dir='ltr'><strong>secunda</strong></span> <span class='ocrx_word' id='word_1_366' title='bbox 2115 3178 2133 3205; x_wconf 90' lang='lat'><strong>,</strong></span> <span class='ocrx_word' id='word_1_367' title='bbox 2159 3157 2222 3191; x_wconf 83' lang='lat' dir='ltr'><strong>ex</strong></span> <span class='ocrx_word' id='word_1_368' title='bbox 2245 3139 2359 3193; x_wconf 85' lang='lat' dir='ltr'><strong>aliis</strong></span> <span class='ocrx_word' id='word_1_369' title='bbox 2375 3177 2394 3204; x_wconf 86' lang='lat'><strong>,</strong></span> 
     </span>
     <span class='ocr_line' id='line_1_61' title="bbox 1390 3217 2397 3290; baseline -0.001 -19"><span class='ocrx_word' id='word_1_370' title='bbox 1390 3241 1415 3264; x_wconf 79' lang='grc' dir='ltr'><strong>σι</strong></span> <span class='ocrx_word' id='word_1_371' title='bbox 1432 3217 1816 3290; x_wconf 79' lang='lat' dir='ltr'><strong>persollemnia</strong></span> <span class='ocrx_word' id='word_1_372' title='bbox 1835 3219 2198 3290; x_wconf 73' lang='lat' dir='ltr'><strong>nuptiarum,»</strong></span> <span class='ocrx_word' id='word_1_373' title='bbox 2219 3237 2281 3270; x_wconf 89' lang='lat' dir='ltr'><strong>ac</strong></span> <span class='ocrx_word' id='word_1_374' title='bbox 2300 3217 2397 3270; x_wconf 81' lang='lat' dir='ltr'><strong>dif-</strong></span> 
     </span>
     <span class='ocr_line' id='line_1_62' title="bbox 1385 3296 2396 3368; baseline 0 -20"><span class='ocrx_word' id='word_1_375' title='bbox 1385 3297 1538 3349; x_wconf 73' lang='lat' dir='ltr'><strong>ficilis</strong></span> <span class='ocrx_word' id='word_1_376' title='bbox 1559 3299 1696 3350; x_wconf 88' lang='lat' dir='ltr'><strong>inter</strong></span> <span class='ocrx_word' id='word_1_377' title='bbox 1715 3297 1847 3350; x_wconf 85' lang='lat' dir='ltr'><strong>duas</strong></span> <span class='ocrx_word' id='word_1_378' title='bbox 1868 3297 2125 3350; x_wconf 81' lang='lat' dir='ltr'><strong>lectiones</strong></span> <span class='ocrx_word' id='word_1_379' title='bbox 2137 3315 2286 3368; x_wconf 76' lang='lat' dir='ltr'><strong>aeque</strong></span> <span class='ocrx_word' id='word_1_380' title='bbox 2299 3296 2396 3348; x_wconf 86' lang='lat' dir='ltr'><strong>bo-</strong></span> 
     </span>
     <span class='ocr_line' id='line_1_63' title="bbox 1386 3376 2396 3449; baseline 0 -21"><span class='ocrx_word' id='word_1_381' title='bbox 1386 3391 1485 3428; x_wconf 82' lang='lat' dir='ltr'><strong>nas</strong></span> <span class='ocrx_word' id='word_1_382' title='bbox 1510 3379 1678 3446; x_wconf 87' lang='lat' dir='ltr'><strong>optio.</strong></span> <span class='ocrx_word' id='word_1_383' title='bbox 1704 3376 1968 3447; x_wconf 74' lang='lat' dir='ltr'><strong>Coi-rupta</strong></span> <span class='ocrx_word' id='word_1_384' title='bbox 1997 3390 2076 3428; x_wconf 85' lang='lat' dir='ltr'><strong>est</strong></span> <span class='ocrx_word' id='word_1_385' title='bbox 2105 3377 2248 3446; x_wconf 76' lang='lat' dir='ltr'><strong>vulg.</strong></span> <span class='ocrx_word' id='word_1_386' title='bbox 2273 3396 2396 3449; x_wconf 87' lang='lat' dir='ltr'><strong>per·</strong></span> 
     </span>
     <span class='ocr_line' id='line_1_64' title="bbox 1381 3456 2394 3531; baseline -0.002 -21"><span class='ocrx_word' id='word_1_387' title='bbox 1381 3457 1646 3523; x_wconf 80' lang='lat' dir='ltr'><strong>sollemni,</strong></span> <span class='ocrx_word' id='word_1_388' title='bbox 1661 3470 1710 3507; x_wconf 91' lang='lat' dir='ltr'><strong>et</strong></span> <span class='ocrx_word' id='word_1_389' title='bbox 1729 3457 1925 3527; x_wconf 84' lang='lat' dir='ltr'><strong>inepta,</strong></span> <span class='ocrx_word' id='word_1_390' title='bbox 1943 3460 2048 3510; x_wconf 79' lang='lat' dir='ltr'><strong>sive</strong></span> <span class='ocrx_word' id='word_1_391' title='bbox 2065 3456 2130 3510; x_wconf 88' lang='lat' dir='ltr'><strong>ad</strong></span> <span class='ocrx_word' id='word_1_392' title='bbox 2143 3459 2394 3531; x_wconf 76' lang='lat' dir='ltr'><strong>flammeo</strong></span> 
     </span>
     <span class='ocr_line' id='line_1_65' title="bbox 1384 3530 2394 3606; baseline 0.001 -20"><span class='ocrx_word' id='word_1_393' title='bbox 1384 3537 1584 3586; x_wconf 82' lang='lat' dir='ltr'><strong>referas</strong></span> <span class='ocrx_word' id='word_1_394' title='bbox 1599 3572 1618 3599; x_wconf 92' lang='lat'><strong>,</strong></span> <span class='ocrx_word' id='word_1_395' title='bbox 1636 3536 1744 3586; x_wconf 84' lang='lat' dir='ltr'><strong>sive</strong></span> <span class='ocrx_word' id='word_1_396' title='bbox 1759 3533 1826 3584; x_wconf 86' lang='lat' dir='ltr'><strong>ad</strong></span> <span class='ocrx_word' id='word_1_397' title='bbox 1848 3530 2028 3606; x_wconf 81' lang='lat' dir='ltr'><strong>officio</strong></span> <span class='ocrx_word' id='word_1_398' title='bbox 2041 3573 2059 3600; x_wconf 89' lang='lat'><strong>,</strong></span> <span class='ocrx_word' id='word_1_399' title='bbox 2079 3537 2167 3586; x_wconf 88' lang='lat' dir='ltr'><strong>cui</strong></span> <span class='ocrx_word' id='word_1_400' title='bbox 2191 3537 2394 3604; x_wconf 87' lang='lat' dir='ltr'><strong>estjam</strong></span> 
     </span>
     <span class='ocr_line' id='line_1_66' title="bbox 1384 3613 2395 3686; baseline 0.001 -19"><span class='ocrx_word' id='word_1_401' title='bbox 1384 3632 1538 3668; x_wconf 86' lang='lat' dir='ltr'><strong>sunm</strong></span> <span class='ocrx_word' id='word_1_402' title='bbox 1577 3613 1850 3686; x_wconf 88' lang='lat' dir='ltr'><strong>epitheton</strong></span> <span class='ocrx_word' id='word_1_403' title='bbox 1889 3613 2236 3666; x_wconf 73' lang='lat' dir='ltr'><strong>celeberrimo.</strong></span> <span class='ocrx_word' id='word_1_404' title='bbox 2271 3616 2395 3668; x_wconf 80' lang='lat' dir='ltr'><strong>Sol-</strong></span> 
     </span>
     <span class='ocr_line' id='line_1_67' title="bbox 1385 3692 2396 3765; baseline 0.003 -21"><span class='ocrx_word' id='word_1_405' title='bbox 1385 3692 1559 3744; x_wconf 84' lang='lat' dir='ltr'><strong>lemne</strong></span> <span class='ocrx_word' id='word_1_406' title='bbox 1576 3694 1878 3765; x_wconf 82' lang='lat' dir='ltr'><strong>nuptiarum</strong></span> <span class='ocrx_word' id='word_1_407' title='bbox 1901 3711 2086 3745; x_wconf 85' lang='lat' dir='ltr'><strong>omnes</strong></span> <span class='ocrx_word' id='word_1_408' title='bbox 2111 3696 2240 3746; x_wconf 88' lang='lat' dir='ltr'><strong>ritus</strong></span> <span class='ocrx_word' id='word_1_409' title='bbox 2259 3713 2396 3748; x_wconf 89' lang='lat' dir='ltr'><strong>com·</strong></span> 
     </span>
     <span class='ocr_line' id='line_1_68' title="bbox 1382 3771 2393 3844; baseline 0 -20"><span class='ocrx_word' id='word_1_410' title='bbox 1382 3772 1636 3844; x_wconf 83' lang='lat' dir='ltr'><strong>plectitur</strong></span> <span class='ocrx_word' id='word_1_411' title='bbox 1652 3810 1668 3838; x_wconf 93' lang='lat'><strong>,</strong></span> <span class='ocrx_word' id='word_1_412' title='bbox 1697 3773 1753 3824; x_wconf 92' lang='lat' dir='ltr'><strong>in</strong></span> <span class='ocrx_word' id='word_1_413' title='bbox 1783 3773 1984 3843; x_wconf 89' lang='lat' dir='ltr'><strong>nuptiis</strong></span> <span class='ocrx_word' id='word_1_414' title='bbox 2007 3771 2276 3824; x_wconf 79' lang='lat' dir='ltr'><strong>observari</strong></span> <span class='ocrx_word' id='word_1_415' title='bbox 2301 3792 2393 3825; x_wconf 91' lang='lat' dir='ltr'><strong>so·-</strong></span> 
     </span>
     <span class='ocr_line' id='line_1_69' title="bbox 1382 3851 2393 3923; baseline 0.003 -22"><span class='ocrx_word' id='word_1_416' title='bbox 1382 3851 1505 3905; x_wconf 86' lang='lat' dir='ltr'><strong>Iitos</strong></span> <span class='ocrx_word' id='word_1_417' title='bbox 1519 3889 1538 3916; x_wconf 89' lang='lat'><strong>,</strong></span> <span class='ocrx_word' id='word_1_418' title='bbox 1585 3869 1694 3923; x_wconf 87' lang='lat' dir='ltr'><strong>quo</strong></span> <span class='ocrx_word' id='word_1_419' title='bbox 1735 3851 1824 3904; x_wconf 81' lang='lat' dir='ltr'><strong>dos</strong></span> <span class='ocrx_word' id='word_1_420' title='bbox 1865 3853 2022 3902; x_wconf 82' lang='lat' dir='ltr'><strong>etiam</strong></span> <span class='ocrx_word' id='word_1_421' title='bbox 2071 3853 2295 3922; x_wconf 85' lang='lat' dir='ltr'><strong>pertinet</strong></span> <span class='ocrx_word' id='word_1_422' title='bbox 2339 3867 2393 3904; x_wconf 89' lang='lat' dir='ltr'><strong>et</strong></span> 
     </span>
    </p>
   </div>
   <div class='ocr_carea' id='block_1_11' title="bbox 288 3928 2394 4084">
    <p class='ocr_par' dir='ltr' id='par_1_12' title="bbox 288 3928 2394 4084">
     <span class='ocr_line' id='line_1_70' title="bbox 290 3928 2392 4010; baseline 0.002 -30"><span class='ocrx_word' id='word_1_423' title='bbox 290 3929 413 3983; x_wconf 73' lang='lat' dir='ltr'><strong>Tac.</strong></span> <span class='ocrx_word' id='word_1_424' title='bbox 432 3931 627 3983; x_wconf 78' lang='lat' dir='ltr'><strong>Annei.</strong></span> <span class='ocrx_word' id='word_1_425' title='bbox 654 3933 804 3998; x_wconf 84' lang='lat' dir='ltr'><strong>xm,</strong></span> <span class='ocrx_word' id='word_1_426' title='bbox 830 3950 911 3996; x_wconf 71' lang='grc' dir='ltr'><strong>η,</strong></span> <span class='ocrx_word' id='word_1_427' title='bbox 929 3945 980 3983; x_wconf 89' lang='lat' dir='ltr'><strong>et</strong></span> <span class='ocrx_word' id='word_1_428' title='bbox 1005 3933 1145 3994; x_wconf 77' lang='lat' dir='ltr'><strong>xlv,</strong></span> <span class='ocrx_word' id='word_1_429' title='bbox 1170 3951 1297 3985; x_wconf 71' lang='grc'><strong>2.-</strong></span> <span class='ocrx_word' id='word_1_430' title='bbox 1364 3933 1712 4010; x_wconf 74' lang='lat' dir='ltr'><strong>flammeum5</strong></span> <span class='ocrx_word' id='word_1_431' title='bbox 1741 3928 1978 4002; x_wconf 83' lang='lat' dir='ltr'><strong>officium</strong></span> <span class='ocrx_word' id='word_1_432' title='bbox 2005 3931 2392 3984; x_wconf 81' lang='lat' dir='ltr'><strong>celeberrimum</strong></span> 
     </span>
     <span class='ocr_line' id='line_1_71' title="bbox 288 4007 2394 4084; baseline 0.003 -26"><span class='ocrx_word' id='word_1_433' title='bbox 288 4007 386 4062; x_wconf 82' lang='lat' dir='ltr'><strong>Pro</strong></span> <span class='ocrx_word' id='word_1_434' title='bbox 400 4015 718 4084; x_wconf 66' lang='lat' dir='ltr'><strong>pq&#39;emrent,</strong></span> <span class='ocrx_word' id='word_1_435' title='bbox 731 4009 1032 4064; x_wconf 82' lang='lat' dir='ltr'><strong>Broukhus.</strong></span> <span class='ocrx_word' id='word_1_436' title='bbox 1050 4025 1102 4063; x_wconf 87' lang='lat' dir='ltr'><strong>et</strong></span> <span class='ocrx_word' id='word_1_437' title='bbox 1116 4015 1293 4065; x_wconf 81' lang='lat' dir='ltr'><strong>Burm.</strong></span> <span class='ocrx_word' id='word_1_438' title='bbox 1383 4024 1507 4065; x_wconf 86' lang='lat' dir='ltr'><strong>sunt</strong></span> <span class='ocrx_word' id='word_1_439' title='bbox 1520 4011 1790 4078; x_wconf 87' lang='lat' dir='ltr'><strong>homiues,</strong></span> <span class='ocrx_word' id='word_1_440' title='bbox 1811 4013 1900 4082; x_wconf 90' lang='lat' dir='ltr'><strong>qui</strong></span> <span class='ocrx_word' id='word_1_441' title='bbox 1917 4011 2077 4063; x_wconf 84' lang='lat' dir='ltr'><strong>officii</strong></span> <span class='ocrx_word' id='word_1_442' title='bbox 2097 4015 2204 4064; x_wconf 79' lang='lat' dir='ltr'><strong>sive</strong></span> <span class='ocrx_word' id='word_1_443' title='bbox 2223 4011 2394 4065; x_wconf 87' lang='lat' dir='ltr'><strong>hono-</strong></span> 
     </span>
    </p>
   </div>
   <div class='ocr_carea' id='block_1_12' title="bbox 290 4090 1296 4234">
    <p class='ocr_par' dir='ltr' id='par_1_13' title="bbox 290 4090 1296 4234">
     <span class='ocr_line' id='line_1_72' title="bbox 298 4090 1295 4162; baseline 0.002 -24"><span class='ocrx_word' id='word_1_444' title='bbox 298 4103 565 4141; x_wconf 83' lang='lat' dir='ltr'><strong>suaserunt</strong></span> <span class='ocrx_word' id='word_1_445' title='bbox 587 4091 903 4162; x_wconf 59' lang='lat' dir='ltr'><strong>defervent,</strong></span> <span class='ocrx_word' id='word_1_446' title='bbox 933 4090 1183 4144; x_wconf 83' lang='lat' dir='ltr'><strong>Oudend.</strong></span> <span class='ocrx_word' id='word_1_447' title='bbox 1208 4110 1295 4162; x_wconf 84' lang='lat' dir='ltr'><strong>pe.</strong></span> 
     </span>
     <span class='ocr_line' id='line_1_73' title="bbox 290 4167 1296 4234; baseline 0.005 -17"><span class='ocrx_word' id='word_1_448' title='bbox 290 4167 531 4234; x_wconf 76' lang='lat' dir='ltr'><strong>jeramnt.</strong></span> <span class='ocrx_word' id='word_1_449' title='bbox 560 4171 823 4220; x_wconf 74' lang='lat' dir='ltr'><strong>potuisset</strong></span> <span class='ocrx_word' id='word_1_450' title='bbox 856 4173 925 4222; x_wconf 80' lang='lat' dir='ltr'><strong>ita</strong></span> <span class='ocrx_word' id='word_1_451' title='bbox 959 4170 1186 4223; x_wconf 74' lang='lat' dir='ltr'><strong>scribere</strong></span> <span class='ocrx_word' id='word_1_452' title='bbox 1209 4189 1296 4222; x_wconf 82' lang='lat' dir='ltr'><strong>au·</strong></span> 
     </span>
    </p>
   </div>
   <div class='ocr_carea' id='block_1_13' title="bbox 1382 4093 2394 4240">
    <p class='ocr_par' dir='ltr' id='par_1_14' title="bbox 1382 4093 2394 4240">
     <span class='ocr_line' id='line_1_74' title="bbox 1382 4093 2394 4165; baseline 0.003 -22"><span class='ocrx_word' id='word_1_453' title='bbox 1382 4095 1455 4144; x_wconf 84' lang='lat' dir='ltr'><strong>ris</strong></span> <span class='ocrx_word' id='word_1_454' title='bbox 1468 4110 1628 4144; x_wconf 83' lang='lat' dir='ltr'><strong>causa</strong></span> <span class='ocrx_word' id='word_1_455' title='bbox 1651 4111 1900 4163; x_wconf 83' lang='lat' dir='ltr'><strong>pompam</strong></span> <span class='ocrx_word' id='word_1_456' title='bbox 1921 4093 2212 4163; x_wconf 78' lang='lat' dir='ltr'><strong>nuptialem</strong></span> <span class='ocrx_word' id='word_1_457' title='bbox 2227 4095 2394 4165; x_wconf 78' lang='lat' dir='ltr'><strong>ipsas-</strong></span> 
     </span>
     <span class='ocr_line' id='line_1_75' title="bbox 1384 4169 1992 4240; baseline 0.003 -20"><span class='ocrx_word' id='word_1_458' title='bbox 1384 4187 1489 4240; x_wconf 82' lang='lat' dir='ltr'><strong>que</strong></span> <span class='ocrx_word' id='word_1_459' title='bbox 1512 4171 1726 4240; x_wconf 80' lang='lat' dir='ltr'><strong>nuptias</strong></span> <span class='ocrx_word' id='word_1_460' title='bbox 1754 4169 1992 4222; x_wconf 83' lang='lat' dir='ltr'><strong>obibant.</strong></span> 
     </span>
    </p>
   </div>
  </div>
 </body>
</html>
