3050 5004
677 400 808 467 256

1417 399 1490 463 C.
1540 398 2003 465 SUETONII

667 522 946 619 jugibus
979 544 1059 589 ac
1092 520 1356 602 liberis;
1396 518 1717 616 quodque
1752 518 2047 588 oblatam
2072 544 2113 586 a
2140 492 2760 591 Tarraconensibus

675 657 714 703 e
749 649 968 701 vetere
999 630 1250 723 templo
1278 633 1464 698 Jovis
1499 654 1819 699 coronam
1841 632 1869 679 3
1900 654 2177 699 auream
2208 628 2533 698 librarum
2572 634 2765 726 quin·

675 742 893 811 decim
936 739 1314 823 conflasset,
1352 762 1434 807 ac
1461 756 1595 807 tres
1634 740 1894 821 uncias,
1936 763 2089 835 quae
2122 738 2409 831 ponderi
2444 740 2759 824 deerant,

668 855 980 949 jussisset
1023 854 1218 944 exigi.
1265 857 1360 919 Ea
1400 851 1581 919 fama
1624 869 1694 920 et
1732 852 2127 925 confirmata
2166 870 2235 920 et
2274 867 2469 919 aucta
2510 868 2641 937 est,
2685 870 2764 921 ut
2860 850 2867 857 ’

674 968 972 1059 primum
1015 962 1269 1031 Urbem
1309 964 1582 1030 introiit.
1624 966 1793 1029 Nam
1836 986 2051 1058 quum
2092 960 2545 1047 classiarios4,
2588 987 2761 1058 quos

675 1158 964 1211 interfectis
985 1157 1245 1228 Cingonio
1259 1160 1522 1223 Varrone,
1540 1156 1676 1207 Con·

677 1236 790 1290 sule
812 1236 1088 1307 designato
1117 1235 1221 1307 (de
1246 1254 1353 1308 quo
1370 1236 1488 1288 vide
1517 1236 1675 1288 etiam

676 1315 942 1370 Plutarch.
981 1313 1134 1368 Gall).
1178 1316 1294 1387 14),
1331 1329 1384 1368 et
1423 1316 1671 1367 Petronio

674 1393 1004 1465 Turpiliano,
1013 1393 1310 1445 Consulari.
1327 1392 1438 1459 Ille,
1448 1405 1508 1444 ut
1516 1396 1675 1465 Nym·

675 1473 844 1547 phidii
858 1475 1033 1526 socius
1045 1509 1061 1538 ,
1076 1470 1165 1523 hic
1175 1510 1193 1538 ,
1207 1486 1266 1525 ut
1289 1470 1396 1523 dux
1414 1474 1643 1524 Neronis
1656 1510 1673 1540 ,

675 1552 898 1606 inauditi
925 1566 1084 1625 atque
1102 1551 1392 1617 indefensi,
1422 1564 1675 1623 tanquam

675 1633 1016 1697 innocentes,
1041 1632 1327 1701 perierant.
1346 1652 1369 1676 n
1419 1628 1677 1682 Eumdetn

675 1710 825 1777 vide,
853 1729 900 1763 c.
933 1710 1030 1779 37,
1063 1708 1129 1761 de
1155 1728 1262 1781 quo
1291 1708 1414 1761 loco
1438 1710 1675 1779 proxime

675 1793 1000 1843 mentionem
1021 1788 1205 1859 injeci,
1224 1788 1318 1841 ubi
1337 1790 1500 1842 occisi
1517 1788 1681 1841 aGal·

677 1868 746 1921 ba
775 1870 1134 1921 nominantur.

749 1948 800 1999 3.
848 1948 1088 2000 Oblatum
1102 1985 1114 1998 .
1131 1986 1143 1999 .
1159 1986 1172 1999 .
1187 1964 1449 1999 coronam.
1477 1947 1681 2017 Rejicu·

677 2026 730 2079 la
760 2040 836 2077 est
849 2063 866 2092 ,
883 2028 938 2077 in
961 2042 1068 2096 qua
1085 2022 1508 2076 commendanda
1525 2022 1679 2076 valde

679 2107 890 2160 laborat
911 2106 1211 2168 limenius,
1241 2103 1398 2157 lectio
1421 2103 1675 2157 ablatam.

678 2187 802 2237 Non
828 2184 897 2236 de
923 2181 1206 2253 sacrilegiis
1235 2184 1539 2253 rapinisque
1558 2182 1679 2233 Gal-

677 2263 758 2315 bae
781 2280 954 2314 sermo
970 2272 1048 2313 est
1062 2298 1080 2327 ,
1100 2258 1194 2313 sed
1208 2258 1275 2311 de
1289 2260 1508 2312 avaritia
1523 2297 1541 2325 ,
1562 2278 1677 2332 quae

679 2342 1034 2398 sordidissima
1057 2338 1349 2412 apparebat
1365 2341 1422 2391 in
1441 2340 1679 2392 conflan-

679 2422 749 2475 do
775 2435 933 2492 atque
955 2419 1023 2473 ad
1051 2420 1264 2491 pondus
1295 2417 1553 2489 exigendo
1585 2417 1681 2470 do-

598 2568 604 2574 ·
677 2523 774 2558 no.
802 2505 994 2560 Oblata
1031 2517 1108 2558 est
1140 2521 1342 2556 corona
1373 2502 1598 2554 fortasse
1624 2504 1681 2554 in

597 2645 600 2650 Ι
679 2585 988 2636 memoriam
1004 2583 1268 2648 vaticinii,
1280 2581 1346 2632 de
1363 2599 1468 2653 quo
1483 2599 1602 2652 cap.
1618 2596 1681 2648 9,

681 2677 734 2716 et
755 2662 901 2734 quod
926 2664 1152 2732 Hispani
1173 2663 1472 2731 Principem
1498 2679 1562 2711 ex
1584 2679 1683 2732 pa·-

681 2745 782 2794 tria
807 2761 904 2797 sua
919 2741 1216 2814 profectum
1230 2739 1330 2792 sibi
1341 2738 1683 2818 gratulaban-

682 2835 784 2874 tur.
825 2819 1039 2873 Pondus
1078 2832 1253 2871 autem
1288 2815 1447 2886 (nam
1483 2817 1550 2870 de
1579 2816 1682 2869 hoc

686 2901 846 2952 etiam
875 2911 1112 2968 quaerunt
1140 2898 1266 2950 satis
1290 2898 1488 2947 curiosi
1513 2898 1682 2972 inter-

683 2976 891 3050 pretes)
920 2977 1048 3027 scire
1083 2987 1286 3045 poterat
1317 2972 1486 3026 Galba
1511 2973 1682 3026 velex

684 3055 866 3108 tabula
879 3056 934 3105 in
949 3052 1146 3124 templo
1163 3071 1416 3122 suspensa
1429 3091 1445 3120 ‚
1467 3071 1583 3124 quas
1598 3053 1681 3104 in-

684 3134 856 3187 dicem
904 3131 1208 3184 continebat
1249 3130 1591 3183 donariorum
1628 3144 1681 3184 et

687 3211 1010 3287 ponderum,
1024 3223 1082 3262 ut
1096 3223 1218 3280 post
1233 3207 1545 3262 Dorvillium
1562 3227 1682 3262 cen-

687 3307 767 3346 set
791 3293 1086 3356 Ernestius,
1113 3292 1194 3344 vel
1223 3311 1285 3342 ex
1310 3291 1470 3344 literis
1486 3328 1503 3357 ,
1535 3291 1681 3364 quod

683 3375 848 3442 magis
890 3371 1073 3435 credo,
1114 3389 1152 3423 ,a
1195 3369 1681 3424 Tarraconensibus

686 3453 831 3504 dono
855 3450 1116 3520 adjunctis
1129 3488 1145 3517 ,
1163 3469 1234 3502 ne
1249 3469 1278 3502 a
1296 3451 1681 3522 perferentibus

683 3532 831 3582 fraus
860 3529 1023 3582 fieret.

759 3607 810 3674 4.
853 3607 1175 3668 Classiarios‚·
1191 3609 1310 3678 qui,
1329 3623 1544 3662 auctore
1567 3607 1684 3661 Plu·

689 3687 856 3740 tarch.
883 3687 1141 3739 beneficio
1163 3688 1387 3739 Neronis
1409 3690 1533 3740 facti
1554 3690 1685 3759 justi

687 3766 880 3818 milites
899 3806 913 3830 ,
936 3767 991 3817 in
1011 3785 1170 3818 unam
1193 3766 1452 3836 legionem
1472 3769 1683 3819 fuerant

691 3843 956 3916 adscripti.
977 3845 1175 3916 Xiphil.
1198 3859 1399 3913 autem,
1419 3848 1581 3898 1„er
1583 3883 1600 3912 ,
1619 3847 1681 3910 3,

689 3941 875 3992 parum
889 3936 1134 3974 accurate
1143 3925 1198 3974 in
1214 3921 1544 3995 excerpendo
1559 3925 1683 3976 Dio·

690 4020 758 4052 ne
785 4014 1018 4054 versatus
1042 4019 1157 4055 esse
1179 3999 1402 4068 videtur,
1429 4001 1559 4054 dum
1580 4001 1682 4060 τοδε

689 4079 956 4152 θορυφόρονς
971 4083 1058 4136 0208
1083 4082 1278 4154 Nipmoc
1299 4076 1420 4138 illos
1441 4083 1597 4150 dicit,
1622 4099 1683 4138 ut

1762 1160 1969 1209 monuit
1986 1158 2099 1227 jam
2116 1158 2345 1209 Reimar.
2368 1155 2438 1209 ad
2460 1156 2513 1210 h.
2535 1158 2572 1210 l.
2590 1160 2760 1212 Tacit.

1762 1236 1897 1289 nist.
1933 1239 1982 1304 Ι,
2022 1234 2084 1303 6,
2127 1258 2149 1282 α
2166 1236 2413 1289 lntmitus
2448 1240 2507 1289 in
2534 1236 2761 1303 Urbem,

1764 1316 2028 1369 trucidatis
2040 1326 2117 1367 tot
2126 1315 2361 1369 millibus
2374 1316 2651 1369 inermium
2670 1318 2766 1369 mi·

1764 1393 1946 1461 litum,
1976 1395 2240 1448 infaustus
2264 1397 2467 1461 omine,
2498 1409 2659 1466 atque
2682 1398 2764 1467 ip-

1763 1475 1835 1526 sis
1850 1475 2035 1538 etiam,
2056 1476 2148 1545 qui
2168 1473 2495 1543 occiderant,
2510 1474 2767 1527 formido-

1764 1550 1929 1605 losus.
1946 1574 1970 1600 n
2000 1552 2079 1604 cf.
2102 1571 2221 1625 cap.
2244 1552 2340 1623 37,
2356 1568 2409 1605 et
2434 1572 2481 1605 c.
2508 1553 2567 1605 31
2586 1590 2606 1619 ,
2630 1578 2655 1601 ι
2672 1554 2765 1608 ιε»

1760 1632 1911 1703 qimai
1930 1631 2150 1685 classicae
2169 1630 2511 1686 diffidebatur
2523 1670 2541 1699 ,
2564 1634 2766 1685 infesta·

1768 1711 1837 1762 ob
1854 1710 2049 1763 caedem
2068 1711 2515 1777 commilitonum,
2530 1713 2767 1785 quospri·

1766 1806 1853 1840 mo
1866 1790 2038 1841 statim
2055 1790 2271 1842 introitu
2286 1790 2628 1843 trucidaverat
2641 1790 2767 1843 Gat-

1770 1868 1848 1919 ba.
1867 1891 1890 1915 η
1922 1867 2275 1921 Tumultuarii
2296 1868 2353 1921 hi
2380 1883 2530 1922 erant
2556 1870 2764 1935 milites,

1768 1965 1905 2017 quos
1938 1949 2081 2000 Nero
2115 1949 2170 2000 in
2200 1962 2433 2002 extremo
2469 1949 2768 2011 discrimine

1768 2044 1831 2078 ex
1846 2028 2017 2078 nautis
2041 2026 2437 2099 remigibusque
2452 2026 2765 2099 collegerat,
2872 2042 2879 2051 ·

1766 2120 1877 2153 non
1906 2103 2269 2157 confundendi
2294 2124 2417 2157 cum
2442 2107 2601 2177 justis
2628 2104 2769 2157 mili-

1766 2181 1935 2247 tibus,
1960 2180 2156 2235 Miseni
2176 2196 2335 2255 atque
2358 2185 2617 2235 Ravenna
2642 2183 2768 2235 clas·

1767 2260 1913 2313 sibus
1934 2262 2211 2332 impositis.
2238 2265 2489 2315 Praeterea
2504 2280 2568 2314 cx
2586 2262 2667 2314 his
2688 2264 2769 2335 ip·

1766 2340 1837 2391 sis
1878 2357 1907 2390 a
1952 2340 2165 2392 Nerone
2214 2359 2399 2393 recens
2451 2342 2766 2412 conscriptis

1766 2436 1957 2490 magna
1981 2438 2135 2489 pars,
2164 2438 2277 2491 quae
2300 2422 2477 2472 Romae
2503 2436 2767 2473 remanse-

1767 2511 1875 2564 rat,
1907 2495 2087 2550 Galbm
2124 2516 2248 2570 erga
2282 2499 2617 2552 Neronianos
2644 2517 2767 2551 cru-

1768 2577 2037 2632 delitatem
2060 2582 2223 2632 evasit
2248 2578 2423 2651 (unde
2442 2580 2613 2632 Tacit.
2636 2583 2687 2647 1,
2708 2599 2767 2651 7,

1772 2670 2073 2710 remanente
2090 2677 2149 2708 ea
2176 2657 2403 2729 leqione,
2428 2676 2586 2731 quam
2602 2677 2631 2710 e
2647 2657 2771 2712 clas-

1769 2757 1820 2791 se
1844 2741 1986 2793 Nero
2024 2739 2416 2810 conscripserat,
2456 2738 2551 2790 ubi
2594 2742 2767 2792 statim

1769 2832 1895 2890 post
1922 2819 2115 2871 casdem
2135 2819 2275 2894 illam
2300 2819 2367 2872 de
2390 2818 2647 2872 militibus
2668 2823 2769 2873 Ro-

1770 2916 1867 2949 mae
1882 2899 2211 2968 congregatis
2228 2897 2393 2970 agit),
2410 2909 2463 2949 et
2476 2897 2631 2950 simul
2648 2915 2769 2950 cum

1770 2977 1995 3030 residuis
2013 2996 2073 3029 ex
2084 2976 2223 3030 caede
2236 2976 2492 3050 leqionem
2504 2978 2769 3030 classicam

1771 3054 2061 3123 efficiebat,
2078 3073 2192 3126 quoe
2210 3069 2399 3128 postea
2411 3095 2428 3122 ,
2442 3058 2769 3128 praetorianis

1772 3135 2021 3205 adjuncta
2035 3172 2052 3201 ,
2084 3134 2314 3188 Othonis
2352 3149 2531 3206 partes
2567 3136 2771 3207 ample-

1771 3213 2012 3265 ctebatur
2030 3210 2219 3282 (Tacit.
2240 3212 2433 3264 Annal.
2456 3215 2508 3279 1,
2530 3211 2622 3282 31)
2635 3249 2653 3276 ,
2679 3214 2771 3282 qui

1770 3289 1966 3360 (Tacit.
1981 3289 2170 3342 Annal.
2192 3291 2244 3354 1,
2264 3289 2364 3361 86)
2387 3313 2409 3337 ι
2424 3289 2657 3362 reliquos
2678 3309 2773 3342 cae·

1771 3388 1953 3434 sorum
1966 3368 2037 3422 ad
2052 3372 2269 3440 pontem
2284 3370 2541 3435 Milvium,
2562 3385 2614 3422 et
2632 3371 2773 3422 sevi-

1769 3450 1841 3501 tia
1866 3448 2049 3500 Galbae
2082 3452 2136 3501 in
2170 3448 2410 3501 custodia
2442 3447 2681 3515 habitos,
2714 3451 2770 3500 in
2850 3503 2854 3508 ⁴

1770 3547 2017 3582 numeros
2031 3527 2254 3599 legionis
2274 3531 2601 3599 composuit,
2625 3529 2769 3580 facta

1772 3623 1822 3662 et
1850 3611 2035 3661 ceteris
2064 3627 2159 3680 spe
2194 3607 2549 3660 honoratioris
2586 3612 2639 3662 in
2679 3627 2771 3681 po·

1771 3701 1969 3742 sterum
1984 3688 2178 3740 militias
2192 3725 2209 3754 ‚
2224 3710 2246 3734 ι
2268 3701 2321 3740 et
2334 3707 2367 3740 a
2380 3687 2593 3740 Vitellio
2606 3690 2663 3740 in
2680 3690 2769 3740 Hi·-

1771 3769 2013 3840 spaniam
2041 3769 2195 3820 inissa
2229 3767 2422 3819 dicitur
2450 3767 2518 3819 ab
2549 3767 2767 3835 eodem,

1770 3850 1843 3912 11,
1890 3847 1975 3917 67.
2015 3845 2151 3899 Vide
2188 3849 2417 3898 Reimar.
2456 3845 2525 3898 ad
2564 3843 2763 3918 Xiphil.

1770 3927 1960 3993 LXIV,
1986 3925 2047 3993 3,
2076 3929 2165 3998 qui
2188 3925 2441 3996 plurimas
2469 3924 2537 3979 de
2558 3924 2767 3978 classia-

1768 4006 1858 4057 riis
1896 4003 2236 4058 difficultates
2274 4005 2531 4077 expediit,
2563 4019 2617 4058 et
2650 4007 2765 4060 Ou-

1770 4083 1929 4160 dend.
1961 4083 2028 4138 ad
2049 4083 2227 4138 locum
2250 4098 2390 4137 nost.
