3050 5004
698 478 831 566 478
876 444 885 449 ’
1514 472 1974 538 ERNESTII

692 604 991 675 divulgatos
1031 602 1294 667 existimo,
1332 598 1634 672 quibusque
1664 600 1838 652 verbis
1875 620 1967 654 eos
2003 601 2216 673 Lipsius
2247 606 2473 675 ipsemet
2507 604 2752 660 exhibet.
2775 632 2805 655 1-

692 686 849 737 Nova
883 700 1010 735 sane
1043 683 1143 733 ista
1177 681 1333 747 ratio,
1367 692 1420 732 et
1453 681 1606 731 mira.
1629 678 1771 751 Ergo
1791 682 1900 751 jam
1918 718 1935 747 ,
1961 698 2072 733 non
2099 681 2192 735 ubi
2221 686 2331 735 nati
2355 683 2584 738 illustres
2613 688 2720 739 vit-i
2753 702 2814 741 et

692 763 991 833 principes,
1016 758 1108 811 sed
1134 758 1227 810 ubi
1240 758 1488 829 concepti
1514 759 1650 824 sint,
1675 758 2177 812 commemorabitur
2205 760 2272 813 ab
2297 764 2564 816 Histoi-icis
2585 778 2643 817 et
2665 768 2813 819 Poe-

692 843 795 894 tis?
813 855 864 893 et
886 838 1071 911 vulgus
1092 840 1451 909 conceptionis
1473 849 1681 909 tempus
1703 839 2039 910 computabit
2054 879 2072 907 ,
2095 854 2156 892 ut
2173 842 2227 892 in
2247 840 2494 896 laudibus
2513 843 2814 898 hominum

694 921 1171 973 commemoretur?
1206 918 1347 973 Nihil
1374 918 1483 970 vidi
1516 920 1704 988 magis.
1739 918 1884 972 Nihil
1921 918 2095 973 dicam
2135 920 2381 994 amplius.
2417 925 2554 976 Nam
2587 929 2814 979 vanitas

692 1001 916 1053 rationis
946 998 1105 1068 hujus
1134 1016 1221 1069 pei
1246 1016 1303 1049 se
1332 1009 1494 1068 patet.
1535 998 1714 1066 Atque
1749 998 1908 1049 etiam
1934 1002 2140 1071 genitos
2165 1000 2310 1071 apud
2335 1001 2649 1055 Suetonium
2683 1022 2816 1058 esse

694 1087 875 1142 natos,
906 1075 1020 1129 aliis
1048 1076 1179 1127 locis
1204 1077 1374 1126 «oceri
1397 1088 1592 1146 potest.
1618 1074 1797 1126 Tiber.
1826 1094 1874 1127 c.
1901 1077 1967 1142 5,
2005 1099 2026 1124 ιι
2047 1078 2247 1130 Servilii
2271 1080 2516 1145 Isaurici,
2543 1083 2812 1133 Antonii-

696 1176 800 1228 que
822 1156 1101 1209 consulatu
1126 1157 1350 1227 gemitum
1372 1154 1629 1206 scribunt.
1652 1177 1675 1201 ι
1705 1157 1954 1209 Ceterum
1977 1158 2123 1228 quod
2154 1172 2392 1211 actorum
2417 1164 2814 1214 auctoritatem

695 1238 970 1307 agnoscit,
1010 1250 1060 1288 et
1096 1236 1229 1288 Anti
1260 1248 1446 1287 natum
1478 1233 1773 1304 Caligulam
1808 1239 2022 1303 statuit,
2053 1252 2194 1291 recte
2230 1252 2388 1310 atque
2427 1238 2614 1292 ordine
2641 1241 2810 1295 facit.

692 1317 915 1369 Videtur
938 1329 1115 1370 autem
1142 1317 1423 1387 Agrippina
1447 1315 1520 1366 ibi
1547 1316 1882 1387 potissimum
1910 1336 2099 1389 parere
2125 1318 2389 1383 voluisse,
2421 1333 2646 1392 propter
2669 1338 2812 1374 sua-

691 1400 909 1449 vitatem
946 1412 999 1450 et
1032 1397 1382 1449 saluba‘tatem
1410 1392 1516 1446 loci
1547 1397 1893 1449 notissimam.
1924 1399 2264 1451 Manifestum
2303 1418 2430 1451 sane
2459 1412 2538 1451 est
2567 1398 2714 1468 hoc,
2745 1403 2808 1453 in

692 1478 823 1530 actis
856 1476 1083 1529 duorum
1116 1476 1351 1528 Canrum
1380 1474 1587 1526 natales
1616 1474 1862 1546 proditos
1893 1479 2184 1531 exstitisse:
2219 1478 2432 1530 alterius
2459 1480 2676 1549 majoris
2705 1480 2812 1531 Ti-

691 1556 844 1623 buri,
879 1555 1093 1609 alterius
1130 1556 1336 1607 miioris
1374 1554 1540 1619 Antii.
1571 1554 1753 1607 Plures
1786 1555 1868 1608 his
1911 1553 2124 1609 duobus
2159 1556 2303 1624 Caii,
2329 1560 2632 1610 Germanici
2663 1558 2806 1625 filii,

691 1657 802 1690 non
840 1640 1075 1691 fuerunt.
1117 1636 1392 1690 Constabat
1423 1653 1623 1708 porro,
1651 1634 1946 1709 Caligulam
1979 1655 2095 1689 esse
2126 1638 2384 1689 minorem
2413 1638 2616 1690 Caium.
2645 1638 2804 1711 Ergo

693 1721 805 1771 sine
835 1722 979 1772 omni
1008 1718 1199 1772 errand
1240 1716 1482 1789 periculo
1511 1714 1726 1770 videbat
1763 1731 1815 1770 et
1847 1716 2100 1770 credebat
2137 1718 2452 1783 Suetonius,
2488 1715 2638 1771 hunc
2672 1737 2805 1772 esse

690 1797 1012 1869 Caligulam,
1040 1800 1134 1870 qui
1157 1798 1287 1850 Anii
1315 1810 1470 1849 natus
1500 1798 1587 1847 sit.
1614 1796 1859 1850 Conferri
1883 1798 2042 1849 etiam
2069 1810 2329 1869 possunt,
2358 1816 2475 1868 quae
2497 1815 2664 1869 super
2683 1797 2804 1851 hae

692 1898 749 1931 re
771 1898 872 1951 pro
896 1878 1066 1931 Plinio
1090 1891 1144 1933 et
1164 1877 1330 1948 lipsio
1356 1874 1490 1928 dixit
1512 1877 1860 1944 Rezzonicus,
1883 1878 2147 1949 Disquiss.
2173 1875 2307 1930 Plin.
2331 1890 2372 1929 t.
2395 1879 2446 1944 1,
2469 1896 2526 1949 p.
2557 1876 2676 1943 154.

1262 2204 2196 2347 EXCURSUSII

1094 2513 1220 2583 AD
1278 2510 1956 2598 CALIGULAM,
2013 2511 2186 2584 CAP.
2249 2509 2358 2598 14.

684 2987 1057 3089 massanus,
1078 3020 1393 3074 Parthorum
1417 3042 1507 3074 rex
1518 3061 1539 3088 ,
1566 3035 1671 3076 etc.
1689 3023 1916 3094 Insignis
1941 3034 2021 3074 est
2043 3021 2096 3072 h.
2121 3019 2158 3074 l.
2185 3021 2505 3094 negligentia
2529 3025 2786 3078 Virorum

683 3104 965 3158 doctorum
992 3105 1048 3154 in
1074 3101 1440 3172 comparandis
1470 3103 1609 3158 inter
1635 3123 1693 3158 se
1721 3103 2087 3174 scriptoribus.
2117 3103 2292 3154 Primo
2316 3103 2634 3158 Torrentius
2664 3105 2786 3158 lau-

686 3183 778 3238 dat
798 3186 1054 3248 Dionem,
1076 3181 1288 3235 iib.L111
1315 3194 1443 3235 extr.
1482 3182 1578 3234 ubi
1601 3182 1669 3234 de
1696 3182 1968 3234 Artabano
1995 3180 2239 3254 quidem,
2269 3181 2364 3235 sed
2398 3180 2465 3234 de
2490 3179 2654 3256 longe
2680 3185 2784 3238 alia

682 3284 772 3332 re,
802 3264 901 3316 sub
928 3262 1133 3316 Tibeiio
1166 3275 1342 3332 gesta,
1375 3281 1586 3314 sermo:
1620 3280 1734 3333 quae
1763 3261 1892 3314 nihil
1923 3261 2029 3314 huc
2062 3263 2308 3333 pertinet.
2341 3261 2424 3313 Ad
2452 3262 2630 3316 Vitell.
2667 3284 2716 3316 c.
2751 3284 2782 3317 a

680 3364 877 3418 porro,
894 3343 1031 3396 hanc
1055 3360 1157 3396 iem
1181 3343 1399 3412 copiose
1424 3360 1665 3394 narrasse
1693 3341 1878 3393 dicunt
1899 3339 2223 3412 Josephum,
2248 3340 2343 3394 lib.
2364 3341 2550 3395 xvln.
2573 3341 2680 3396 sed
2708 3343 2786 3396 ibi

684 3442 855 3476 sermo
891 3435 970 3474 est
1006 3421 1147 3473 dere
1172 3417 1329 3472 simili
1352 3419 1594 3490 quidem,
1625 3433 1679 3473 et
1710 3439 1741 3470 a
1773 3416 1987 3470 Vitellio
2019 3417 2199 3470 itidem
2217 3458 2234 3486 ,
2263 3419 2356 3472 sed
2391 3420 2492 3472 sub
2525 3421 2786 3488 Tiberio,

682 3516 848 3575 gesta.
875 3500 958 3552 Ad
975 3499 1183 3573 Josiphi
1208 3512 1387 3553 autem
1406 3496 1586 3551 locum
1605 3497 1908 3570 Spanhemii
1932 3512 2060 3550 nota
2083 3501 2357 3552 Usserium
2382 3515 2435 3552 et
2458 3501 2784 3573 Basnaginm

682 3581 893 3648 laudat,
922 3593 1190 3651 arguentes
1219 3579 1514 3650 Josephum
1545 3583 1738 3632 erroris
1767 3581 1820 3632 in
1852 3599 1950 3646 eo,
1981 3577 2126 3650 quod
2157 3577 2301 3633 dicat
2332 3581 2557 3652 Augusti
2587 3595 2642 3632 et
2670 3582 2786 3635 Caii

682 3661 971 3716 simulacris
1001 3661 1341 3714 satrificatum
1373 3659 1440 3712 ab
1469 3660 1776 3726 Artabano,
1801 3659 1960 3732 idque
1987 3657 2084 3711 sub
2109 3659 2325 3713 Tiberio
2349 3663 2580 3728 factum,
2613 3681 2786 3733 quum

680 3743 964 3796 Suetonius
1001 3755 1053 3794 et
1072 3743 1176 3793 Dio
1210 3740 1311 3792 sub
1340 3738 1471 3793 Caio
1504 3741 1705 3791 factum
1731 3737 1966 3804 tradant,
2001 3737 2104 3791 fide
2137 3737 2402 3810 digniores
2440 3737 2586 3792 haud
2616 3739 2782 3794 dubie

680 3837 946 3875 auctores.
972 3821 1070 3874 Sed
1088 3823 1187 3872 Dio
1213 3819 1352 3872 hanc
1378 3839 1492 3872 rem
1521 3818 1736 3892 quidem
1761 3821 1971 3891 attingit
2001 3817 2092 3871 lib.
2123 3819 2320 3885 XLIX,
2354 3840 2408 3892 p.
2437 3819 2563 3888 661,
2593 3821 2784 3874 addita

680 3905 841 3954 etiam
868 3904 1113 3974 tempotis
1140 3912 1298 3967 nota,
1325 3899 1419 3952 sed
1449 3913 1510 3952 ut
1535 3913 1712 3952 tamen
1743 3900 2085 3954 manifestum
2109 3900 2203 3965 sit,
2237 3919 2536 3953 sermonem
2569 3919 2685 3952 esse
2714 3899 2782 3954 tle

678 4002 773 4048 re,
798 3981 898 4036 sub
930 3983 1134 4035 Tiberio
1168 3993 1349 4052 gesta,
1380 3998 1543 4051 quam
1569 3983 1683 4052 ipse
1710 3980 1799 4033 lib.
1830 3981 2017 4046 Lvm,
2048 3998 2170 4052 pag.
2201 3979 2306 4052 637
2338 3999 2450 4052 seq.
2480 3979 2550 4032 ad
2577 3981 2782 4034 Tiberii

681 4075 919 4133 tempora
943 4062 1187 4114 retulerit.
1214 4059 1368 4114 Unde
1395 4058 1523 4110 mihi
1555 4058 1843 4132 aliquando
1870 4063 2026 4112 etiam
2051 4059 2284 4130 suspicio
2316 4075 2432 4112 orta
2456 4073 2565 4124 est,
2595 4059 2780 4114 locum

678 4139 827 4193 illum
850 4145 903 4194 in
926 4144 1137 4196 nomine
1161 4143 1273 4194 Caii
1299 4152 1614 4210 corruptum
1637 4159 1768 4193 esse.
1796 4139 2039 4192 Ceterum
2064 4135 2221 4194 nixe'm
2245 4139 2390 4212 apud
2411 4139 2642 4192 Dionem
2667 4159 2778 4192 non

680 4233 802 4274 suut
823 4233 1032 4289 stam,
1056 4235 1115 4273 ut
1138 4224 1402 4294 interpres
1428 4219 1622 4285 habet,
1649 4219 1742 4274 sed
1769 4219 1844 4272 illi
1867 4221 2001 4291 ipsi,
2030 4238 2164 4293 quos
2194 4217 2330 4284 dixi,
2359 4219 2533 4292 clypei
2560 4241 2592 4274 e
2615 4223 2778 4292 signis
