3050 5004
1258 463 1534 529 NERO.
2321 471 2443 559 167

344 590 529 687 quod
548 594 621 661 in
638 592 857 685 Septis
876 587 1139 672 edebat,
1160 590 1335 659 inter
1352 587 1689 682 buthysiae
1707 608 2110 683 apparatum
2127 646 2146 677 ,
2165 594 2448 667 barbam

347 706 635 797 primam
672 704 903 795 posuit
916 710 965 751 ⁸⁷
980 754 999 783 ,
1038 698 1517 796 conditamque
1553 704 1624 769 iu
1669 727 1948 773 auream
1988 706 2308 799 pyxidem
2323 762 2340 792 ‚
2385 727 2453 779 et

346 816 845 907 pretiosissimis
876 814 1253 903 margaritis
1282 812 1682 881 adornatam
1695 867 1714 896 ,
1745 815 2074 908 Capitolio
2107 840 2452 889 consecra-

345 929 457 995 vit.
570 925 675 993 Ad
722 924 1133 993 athletarum
1182 924 1648 1017 spectaculum
1691 926 2000 995 invitavit
2049 944 2116 995 et
2153 932 2452 1021 virgines

344 1036 711 1107 Vestales²⁸
728 1090 745 1120 ,
789 1038 949 1131 quia
988 1034 1325 1129 Olympiae
1368 1059 1642 1131 quoque
1681 1039 1940 1105 Cereris
1985 1039 2449 1109 sacerdotibus

344 1166 651 1244 spectare
688 1148 1103 1219 conceditur.

434 1268 625 1333 XIII.
640 1269 791 1333 Non
806 1264 1139 1331 immerito
1152 1264 1327 1333 inter
1338 1260 1818 1354 spectaculaab
1835 1286 1918 1331 eo
1929 1262 2110 1331 edita
2121 1281 2190 1332 et
2197 1263 2454 1333 Tirida-

343 1376 425 1441 tis
446 1375 519 1441 in
542 1372 799 1441 Urbem
820 1375 1194 1441 introitum¹
1208 1372 1578 1441 retulerim.
1601 1378 1822 1460 Quem
1845 1377 2176 1443 Armeniae
2199 1400 2452 1467 regem,

298 1572 311 1587 ⁸
344 1484 605 1573 magnis
631 1482 1225 1575 pollicitationibus
1244 1481 1712 1566 sollicitatum,
1741 1508 1958 1578 quum
1976 1483 2312 1553 destinato
2331 1510 2455 1578 per

344 1593 637 1663 edictum
666 1594 775 1663 die
796 1612 1191 1665 ostensurus
1218 1596 1478 1689 populo
1509 1614 1789 1690 propter
1817 1595 2134 1666 nubilum
2159 1597 2449 1667 distulis-

344 1721 474 1789 set,
500 1702 851 1807 produxit,
878 1730 1014 1800 quo
1036 1708 1610 1800 opportunissime
1628 1708 1882 1799 potuit,
1909 1704 2253 1799 dispositis
2271 1710 2450 1775 circa

348 1819 497 1883 Fori
535 1815 829 1908 templa²
870 1820 1145 1884 armatis
1188 1815 1608 1899 cohortibuS,
1657 1816 1880 1883 curuli
1921 1815 2223 1884 residens
2263 1816 2448 1910 apud

344 1930 584 1995 Rostra
620 1928 1103 2021 triumphantis
1143 1927 1414 2011 habitu,
1452 1931 1630 1997 inter
1671 1932 1862 2023 signa
1897 1928 2208 1996 militaria
2248 1945 2452 2025 atque

344 2036 587 2107 vexilla
610 2066 625 2107 ε
648 2056 719 2107 et
746 2043 968 2132 primo
996 2064 1119 2133 per
1142 2040 1476 2109 devexum
1504 2036 1887 2134 pulpitum³
1913 2040 2321 2109 subeuntem
2343 2040 2452 2110 ad-

345 2150 525 2216 misit
540 2148 627 2217 ad
646 2173 899 2241 genua,
920 2148 1421 2243 allevatumque
1440 2149 1676 2217 dextra
1696 2148 2119 2217 exosculatus
2139 2166 2272 2230 est3
2295 2148 2450 2215 dein

344 2262 675 2351 precanti,
704 2262 873 2327 tiara
897 2258 1217 2341 deducta,
1248 2258 1560 2329 diadema
1581 2262 1934 2354 imposuit,
1963 2259 2170 2327 verba
2198 2258 2446 2353 suppli·

343 2369 435 2435 cis
466 2370 907 2462 interpretata
936 2372 1253 2462 praetorio
1290 2373 1437 2437 viro
1475 2369 1894 2440 multitudini
1926 2372 2444 2461 pronunciante.

1438 2591 1568 2646 dum
1588 2606 1666 2646 est
1678 2630 1695 2657 ,
1716 2611 1784 2644 an
1799 2595 1956 2644 etiam
1972 2591 2219 2664 Olympia
2239 2593 2452 2644 Roma-'1'

1438 2675 1517 2728 De
1539 2671 1834 2726 sacerdotio
1855 2672 2041 2724 Attica·
2065 2672 2254 2724 Cereris
2271 2671 2450 2724 Romae

418 2608 499 2661 ¹7·
539 2591 763 2644 Barbam
784 2593 1017 2664 primam
1040 2593 1233 2666 posuit.
1261 2593 1349 2646 Se·
1383 2659 1393 2669 '

342 2669 578 2722 cundum
614 2670 815 2743 xiphil.
854 2673 1005 2740 LXI,
1050 2691 1142 2742 19,
1182 2693 1348 2744 quum

340 2747 615 2802 Juvenslia
634 2748 953 2818 celebraret,
975 2769 1099 2804 ann.
1124 2754 1182 2805 81
1197 2770 1245 2804 2.
1268 2753 1351 2804 De

342 2845 483 2881 anno
500 2868 516 2896 ,
557 2847 667 2902 quo
702 2829 930 2882 barbam
967 2849 1169 2902 ponere
1208 2831 1352 2884 sole-

342 2905 475 2960 bant
508 2911 775 2976 Romani,
819 2922 1043 2982 totoque
1082 2914 1189 2964 ritu
1228 2911 1350 2964 vide

341 2991 483 3060 Lips.
508 2991 729 3042 Excurs.
760 2990 829 3042 ad
850 2993 1021 3044 Tacit.
1050 2995 1189 3046 Ann.
1210 2993 1351 3060 XIV,

350 3067 427 3119 15.
459 3097 535 3108 —
573 3068 835 3142 Capitolio
862 3069 1093 3122 Casaub.
1123 3083 1177 3123 et
1202 3071 1291 3122 alii
1322 3091 1351 3123 e

342 3143 540 3216 Xiphil.
561 3160 613 3198 et
628 3145 760 3200 cod.
782 3147 997 3201 Memm.
1020 3162 1352 3201 mutaverant

342 3228 397 3278 in
412 3227 538 3279 Jovt'
563 3227 892 3298 Capitolium·
914 3243 1144 3282 veterem
1166 3230 1353 3282 lectio-

342 3323 494 3371 nem,
510 3307 665 3376 cujus
682 3304 847 3357 altera
866 3320 947 3358 est
965 3308 1351 3377 interpretatio,

342 3389 687 3440 restituerunt
704 3389 989 3440 Burmann.
1010 3391 1213 3443 Ernest.
1239 3392 1351 3444 Ou-

342 3466 689 3540 dendorpius.

420 3563 439 3598 ι
451 3547 501 3600 8.
512 3547 775 3600 Invitavit
793 3556 847 3599 et
863 3547 1087 3621 viryt‘nes
1106 3545 1347 3602 Vestales.

343 3625 540 3678 Contra
564 3627 833 3697 Augustus
858 3625 935 3696 (c.
958 3627 1057 3696 44)
1086 3647 1107 3673 α
1128 3625 1350 3680 athleta·

342 3721 463 3758 rum
476 3705 784 3778 spectaculo
798 3705 1060 3758 muliebre
1074 3725 1225 3760 secus
1242 3726 1352 3759 om·

344 3803 438 3838 nes
463 3787 762 3838 summovit.
786 3807 811 3832 ι
836 3815 909 3826 -
926 3785 1028 3836 Pro
1058 3787 1347 3860 Olympioe,

346 3864 415 3918 al.
442 3865 695 3938 Olympia
708 3865 762 3919 h.
780 3884 825 3917 e.
844 3865 999 3917 ludos
1017 3865 1349 3938 Olympiam,

344 3944 504 4017 idque
534 3944 783 4018 probavit
814 3947 1023 3998 Reines.
1058 3945 1128 3998 ad
1152 3946 1350 4018 margi-

344 4041 496 4092 nem,
535 4024 767 4091 addens,
801 4047 825 4072 a
845 4025 929 4076 Διι
965 4023 1032 4077 de
1058 4024 1349 4097 Olympiis,

346 4119 462 4174 qun
491 4101 717 4156 Athenis
752 4104 942 4175 agitari
974 4101 1181 4171 solent,
1216 4115 1351 4155 teste

346 4181 587 4254 Inscript.
622 4183 697 4249 11,
729 4199 853 4254 pag.
886 4182 1022 4251 316,
1053 4180 1351 4254 intelligen-

1442 2751 1508 2802 οἱ.
1537 2750 1762 2822 August.
1789 2751 1876 2820 93.
1899 2775 1922 2797 ιι
1951 2748 2348 2802 Dubitationem
2376 2767 2452 2800 re-

1440 2844 1620 2883 movet
1647 2831 1878 2903 genuina
1906 2830 2095 2895 lectio,
2117 2849 2276 2901 quam
2302 2848 2422 2881 com

1438 2910 1634 2982 probat
1671 2914 1784 2982 ipse
1821 2928 1936 2962 mos
1973 2912 2232 2977 Neronis,
2269 2909 2448 2961 Graeca

1440 2989 1699 3042 imitandi.

1510 3071 1648 3124 X111.
1689 3087 1734 3125 ι.
1769 3071 2016 3124 Tiridatis
2047 3069 2102 3122 t'n
2143 3069 2330 3123 Urbem
2365 3071 2448 3121 in·-

1440 3151 1688 3212 troitum5
1711 3152 1776 3202 A.
1805 3151 1866 3200 (J.
1895 3152 2017 3220 819.
2043 3150 2308 3202 Describit
2327 3169 2450 3202 eum

1440 3228 1643 3302 Xipbil.
1668 3228 1856 3295 Lxm,
1884 3247 1902 3280 ι
1932 3248 2041 3301 seq.

1512 3326 1562 3360 2.
1607 3310 1754 3360 Circa
1777 3309 1898 3360 For-i
1921 3306 2136 3380 templa.
2161 3308 2287 3360 'Non
2310 3305 2448 3360 aedes

1441 3389 1605 3442 modo
1630 3390 1868 3440 Deorum
1894 3391 1948 3439 in
1968 3389 2108 3439 Foro
2130 3389 2332 3459 positas
2362 3389 2446 3439 in-

1441 3468 1646 3538 tellige,
1678 3485 1842 3538 quum
1871 3469 2028 3520 etiam
2058 3467 2236 3532 curia,
2265 3465 2447 3518 basili-

1441 3565 1550 3615 cae,
1581 3548 1886 3610 comitium,
1916 3545 2114 3618 templa
2152 3546 2274 3597 sint.
2311 3545 2448 3597 vide

1438 3629 1645 3678 Ernest.
1669 3625 1812 3678 Clav.
1839 3624 2011 3676 Cicer.
2040 3623 2140 3678 sub
2161 3643 2280 3676 voc.
2317 3635 2449 3676 tem-

1436 3706 1622 3778 plum,
1665 3718 1718 3756 et
1761 3707 1969 3757 Manat.
2016 3704 2084 3756 ad
2125 3704 2294 3758 Cicer.
2343 3723 2445 3775 pro

1440 3785 1581 3838 Sext.
1605 3803 1724 3857 cap.
1751 3803 1834 3855 29.
2451 3809 2458 3819 ·

1508 3863 1561 3916 3.
1599 3865 1708 3916 Per
1734 3865 1984 3916 devexum
2007 3861 2310 3936 pulpitum,
2342 3872 2443 3915 ete.

1438 3945 1708 3998 Devexum
1737 3944 1842 3997 dici
1864 3943 2252 4012 mammea-Se
2273 3959 2449 4013 respe-

1440 4039 1532 4080 ctu
1548 4027 1806 4094 Neronis,
1827 4025 1913 4078 vel
1934 4024 2178 4078 absolute
2191 4064 2208 4092 ,
2231 4042 2342 4076 non
2359 4023 2457 4075 ‘ri-

1437 4104 1626 4159 ridatis
1651 4106 1947 4172 subeuntis,
1976 4105 2235 4157 monitum
2261 4102 2330 4155 ab
2363 4103 2460 4154 in·-

1442 4185 1758 4257 terpretibus
1781 4188 1892 4255 jam
1921 4197 2016 4237 est.
