3050 5004
869 486 1373 553 Excnnsns
1419 486 1560 565 vl,
1613 486 1774 550 vn.
2241 480 2371 563 483

274 617 649 688 inscriptiones
670 615 729 667 in
756 610 1011 685 singulari
1028 628 1251 663 numero
1270 627 1479 681 semper
1498 607 1700 661 scolare
1723 606 1938 659 habent.
1961 606 2146 660 solum
2165 606 2380 660 Glossa-

274 702 413 751 rium
438 694 654 751 Labboei
680 694 957 749 scalarium
986 693 1237 766 prefert,
1267 704 1427 764 atque
1458 690 1514 742 id
1541 692 1716 761 ipsum
1745 690 1884 741 forte
1911 706 2086 739 errore
2118 690 2382 756 auctoris,

278 780 371 853 qui
402 776 665 851 pluralem
696 774 915 829 scalaria
944 793 977 827 a
1001 772 1257 843 singulari
1286 770 1564 825 scalarium
1597 771 1722 823 duci
1758 766 2012 841 putabatz
2049 771 2128 820 uti
2163 768 2382 847 quidam

276 878 377 931 pro
402 856 658 927 singulari
684 854 961 909 scalarium
980 852 1204 907 laudant
1225 853 1523 903 Vitruvium
1541 888 1558 916 ,
1579 850 1644 917 V,
1664 850 1726 915 6,
1747 847 1892 922 apud
1916 867 2074 921 quem
2099 862 2276 901 tamen
2297 847 2385 901 ille

279 956 537 991 numerus
562 954 669 987 non
694 936 968 1007 reperitur.
998 936 1063 986 Et
1090 932 1251 1003 hujus
1275 943 1452 983 tamen
1485 929 1741 983 Glossarii
1772 931 2142 981 auctoritatem
2167 931 2242 981 ita
2269 946 2385 981 am-

278 1018 533 1091 plectitur
556 1016 783 1068 Lexicon
808 1014 993 1079 Fabri,
1018 1027 1077 1065 ut
1099 1013 1241 1064 hanc
1261 1028 1425 1063 unam
1442 1010 1699 1075 formam,
1722 1009 1907 1062 relicta
1931 1010 2144 1063 rectiori
2159 1044 2180 1071 ,
2203 1022 2388 1081 ponat.

282 1100 423 1152 Nam
452 1096 641 1151 infimae
672 1096 837 1147 aetatis
868 1095 1185 1163 scriptores,
1216 1094 1307 1165 qui
1336 1091 1616 1145 scalarium
1645 1090 1844 1143 babent
1871 1090 2024 1163 (vide
2046 1090 2304 1163 cangium
2335 1094 2392 1143 in

285 1177 519 1232 Glossar.
554 1176 609 1227 in
640 1172 695 1225 h.
721 1173 835 1245 v.),
868 1170 1000 1225 nihil
1026 1190 1311 1225 moramur.
1346 1172 1536 1243 Neque
1563 1182 1906 1241 argumento,
1935 1169 2080 1243 quod
2099 1190 2130 1223 e
2151 1171 2390 1244 Josepho

281 1270 339 1309 et
368 1256 543 1307 Dione
572 1254 877 1319 arcessitur,
902 1268 1011 1303 non
1046 1253 1202 1317 satis,
1236 1264 1295 1303 ut
1318 1250 1534 1321 opinor,
1558 1249 1734 1302 facem
1757 1268 2057 1321 possumus.
2083 1250 2224 1303 Nam
2249 1250 2396 1325 quod

284 1336 387 1388 Dio
412 1352 532 1387 eum
562 1334 617 1385 in
642 1331 873 1383 obscuro
904 1331 1100 1403 angulo
1128 1332 1333 1383 stetisse
1366 1328 1529 1396 dicit,
1565 1328 1692 1381 nihil
1718 1330 1969 1402 impedit,
2002 1349 2111 1403 quo
2145 1334 2318 1385 minus
2341 1334 2396 1383 in

287 1414 438 1469 aditu
459 1411 656 1475 solarii,
680 1411 839 1463 alicui
856 1408 1106 1463 cubiculo
1129 1410 1213 1481 adj
1222 1411 1387 1477 uncti,
1406 1429 1463 1463 se
1486 1408 1772 1463 abdiderit.
1793 1410 2130 1483 Lampridius
2149 1411 2396 1483 quidem,

290 1516 410 1568 cap.
448 1495 539 1561 14,
572 1492 917 1563 Elagabalum
960 1492 1117 1543 etiam
1150 1489 1363 1563 prodit,
1399 1512 1423 1537 «ι
1442 1490 1623 1543 subito
1653 1490 1878 1542 militum
1909 1494 2134 1563 strepitu
2179 1494 2399 1545 exterri-

290 1590 439 1645 tum,
470 1577 527 1627 in
554 1572 813 1641 angulum
844 1592 901 1625 se
930 1570 1236 1625 condidisse
1253 1610 1271 1640 ,
1296 1570 1621 1643 objectuque
1648 1570 1751 1624 veli
1781 1570 2100 1625 cubicularis
2118 1610 2136 1639 ,
2166 1574 2312 1644 quod
2343 1576 2400 1626 in

268 1657 513 1709 'introitu
538 1654 771 1706 cubiculi
804 1667 953 1719 erat,
978 1670 1035 1705 se
1058 1652 1267 1705 texisse.
1290 1676 1314 1701 ιι
1342 1655 1403 1704 In
1431 1670 1592 1723 quem
1607 1690 1624 1719 ,
1648 1670 1856 1725 quaiso,
1889 1652 2180 1724 angulum?
2211 1672 2401 1725 nempe

293 1736 532 1808 ejusdem
562 1734 832 1801 cubiculi,
860 1735 915 1783 in
941 1750 1051 1803 quo
1077 1745 1219 1799 erat,
1242 1744 1303 1785 ut
1326 1744 1610 1785 contextus
1635 1733 1892 1785 orationis
1916 1732 2092 1785 docet.
2118 1732 2306 1805 Neque
2329 1732 2404 1785 illi

294 1817 457 1886 pauci
478 1812 705 1886 Josephi
732 1812 933 1885 gradus
958 1810 1115 1865 alieni
1138 1824 1265 1865 suut
1296 1830 1331 1863 n
1360 1810 1544 1863 solatii
1575 1810 1754 1878 aditu,
1783 1810 1853 1863 ud
1886 1811 2034 1881 quod
2065 1830 2164 1883 per
2186 1830 2278 1863 eos
2307 1810 2406 1863 ad-

297 1894 480 1949 scendi
504 1895 695 1966 potuit.

909 2102 1552 2225 EXCURSUS
1609 2128 1794 2225 Vn

746 2387 883 2455 AD
940 2386 1552 2473 CLAUDIUM‚
1610 2385 1779 2455 cip.
1847 2410 1960 2455 20.

306 2810 581 2894 Factum«
604 2839 825 2912 (lacum)
844 2858 1103 2914 aqqressus
1124 2851 1215 2908 est,
1242 2854 1341 2892 etc.
1364 2841 1477 2891 Viri
1498 2839 1661 2906 docti,
1683 2840 2022 2908 Torrentius,
2045 2841 2416 2912 casaubonus,

310 2922 543 2976 Graevius
557 2959 574 2987 ,
604 2921 937 2972 Burmannus
952 2959 969 2986 ,
1001 2919 1209 2973 inducti
1232 2921 1421 2973 Dionis
1443 2919 1611 2973 Cassii
1633 2918 1756 2971 loco
1774 2958 1791 2987 ,
1813 2935 2008 2993 negant
2023 2959 2039 2988 ,
2063 2921 2212 2976 lacus
2233 2926 2418 2978 Fucini

314 3021 451 3075 opus
480 3021 511 3054 a
540 3000 767 3053 Claudio
798 3002 1093 3073 perfectum
1127 3020 1257 3053 esse.
1288 3003 1347 3053 ln
1378 3019 1485 3072 quo
1513 3020 1632 3052 mea
1663 3003 1919 3054 sententia
1951 3001 2018 3054 ab
2053 3004 2295 3075 ipsorum
2331 3025 2419 3060 ra-

310 3084 461 3133 tione
490 3078 734 3134 discedit.
762 3079 894 3132 Dico
923 3080 1087 3150 igitur
1112 3080 1371 3151 primum:
1410 3102 1433 3126 a
1454 3079 1768 3132 Suetonium
1797 3079 2102 3134 ahsolutum
2135 3101 2274 3156 opus
2309 3101 2420 3136 cre-

312 3158 511 3212 didisse
536 3171 588 3210 et
610 3157 931 3230 prodidisse.
954 3182 975 3206 υ
1003 3159 1167 3225 Nam,
1192 3160 1393 3231 primo,
1418 3160 1756 3212 emissionem
1775 3159 1923 3212 lacus
1947 3162 2134 3214 Fucini
2157 3163 2318 3215 refert
2339 3165 2422 3216 in·

312 3254 395 3293 ter
417 3239 630 3297 Claudii
656 3259 819 3312 opera
847 3240 1119 3312 perfecta,
1152 3261 1259 3294 una
1288 3260 1409 3295 cum
1434 3244 1666 3296 Ostiensi
1697 3255 1890 3314 portu,
1917 3257 1972 3296 et
2001 3261 2142 3314 aqua
2166 3245 2419 3312 Claudia,

312 3335 415 3374 etc.
442 3321 652 3374 Deinde
669 3362 685 3389 ,
713 3319 905 3374 diserte
930 3321 1091 3387 dicit,
1119 3335 1243 3395 post
1264 3321 1515 3376 undecim
1541 3341 1710 3378 annos
1733 3322 2070 3376 absolutumz
2100 3326 2286 3389 tertio,
2312 3326 2423 3379 sol-

312 3401 639 3453 lemnitatem
672 3401 967 3454 emissionis
1003 3401 1186 3470 addit,
1224 3420 1341 3475 cap.
1376 3420 1460 3456 21.
1498 3403 1632 3470 Quae
1659 3416 1782 3456 sunt
1819 3405 1996 3454 omnia
2028 3403 2321 3473 ejusmodi,
2359 3419 2420 3460 ut

313 3479 585 3546 indicent,
615 3479 928 3535 Suetonium
957 3480 1022 3534 de
1050 3483 1379 3554 perfectione
1404 3484 1582 3553 operis
1604 3500 1714 3534 non
1741 3481 2044 3550 dubitasse,
2071 3481 2138 3535 de
2161 3501 2334 3556 eaque
2357 3503 2422 3538 ex

314 3564 471 3615 certis
498 3575 549 3613 et
578 3561 857 3633 diligenter
880 3563 1185 3637 perscriptis
1213 3564 1555 3616 monimentis
1587 3561 1906 3634 prodidisse.
1936 3565 2076 3616 Nam
2109 3563 2256 3636 quod
2289 3567 2422 3619 Bur-

314 3659 542 3694 mannus
572 3661 601 3695 e
625 3641 789 3694 verbo
813 3661 1070 3718 aqqressus
1092 3655 1465 3714 argumentum
1490 3640 1671 3708 ducit,
1699 3641 1916 3694 fallitur.
1943 3643 2228 3699 Suetonius
2253 3647 2424 3700 voluit

314 3721 581 3790 indicare,
612 3742 719 3796 quo
750 3723 975 3776 consilio
1006 3722 1075 3776 ad
1109 3740 1247 3795 opus
1278 3721 1413 3774 illud
1442 3723 1756 3789 accesserit,
1783 3735 1836 3776 et
1863 3723 2019 3776 dicit:
2049 3727 2306 3779 Fucinum
2328 3749 2422 3803 aq·-

310 3820 505 3878 qressus
522 3813 619 3868 est,
648 3818 748 3856 etc.
770 3805 853 3855 An
876 3823 1003 3856 vero
1025 3822 1135 3856 non
1156 3802 1492 3875 aggredimur
1511 3804 1670 3856 etiam
1693 3823 1784 3869 ea,
1811 3823 1924 3875 quoe
1941 3820 2066 3878 post
2087 3805 2425 3877 perficimus?

312 3883 521 3950 Livius,
546 3883 615 3933 vl
629 3922 646 3951 ,
675 3903 701 3936 2
731 3897 861 3936 extr.
888 3885 993 3937 Sed
1019 3886 1192 3937 urbem
1220 3885 1379 3936 etiam
1398 3903 1690 3958 aqqressus‚
1715 3885 1915 3958 impetu
1936 3888 2110 3957 primo
2132 3889 2282 3960 cepit.
2313 3887 2424 3939 Ad·
2473 3949 2484 3960 α

316 3981 485 4016 versus
520 3961 658 4015 hanc
686 3977 863 4016 autem
900 3977 1007 4016 tam
1046 3965 1387 4037 perspicuam
1422 3964 1662 4016 Suetonii
1695 3963 2139 4037 affimationem,
2178 3965 2300 4019 dico
2337 3985 2424 4020 se-

318 4043 498 4095 cundo
515 4082 533 4110 ,
558 4042 698 4095 nihil
724 4043 893 4098 valere
916 4047 1141 4098 Dionem
1158 4085 1177 4112 ,
1209 4047 1299 4117 qui
1323 4064 1353 4098 e
1378 4046 1738 4116 posteriorum
1765 4037 2070 4120 temporum
2102 4061 2244 4100 statu
2277 4047 2424 4102 lacus

317 4123 506 4174 Fucini
536 4122 745 4175 videtur
782 4125 1087 4196 collegisse,
1126 4143 1263 4198 opus
1292 4124 1594 4178 absolutum
1627 4143 1738 4178 non
1769 4127 1950 4180 fuisse.
1983 4129 2196 4202 Neque,
2235 4127 2423 4195 tertio,

320 4203 487 4270 obest,
518 4203 659 4276 quod
682 4207 853 4256 Nerva
885 4205 1055 4256 lacum
1086 4207 1343 4258 Fucinum
1364 4207 1587 4258 emisisse
1611 4207 1804 4258 dicitu»-
1827 4209 1880 4258 in
1903 4209 2252 4278 inscriptione
2279 4207 2422 4278 apud

2035 4299 2141 4364 31.
