3050 5004
1051 485 1565 550 CALIGULA.
2288 511 2309 551 t
2336 511 2357 551 ι

241 610 726 678 Germanicum
755 624 1004 676 exacto
1035 608 1398 678 consulatu
1431 611 1503 678 in
1540 607 1829 678 Galliam
1864 613 2151 678 missum
2170 663 2188 694 ,
2216 635 2375 680 con-

237 722 586 803 sentiunt,
615 717 758 812 jam
781 735 952 786 nato
981 723 1166 789 Caio.
1197 725 1338 789 Nec
1370 719 1567 788 Plinii
1598 722 1991 813 opinionem
2024 723 2375 817 inscriptio

237 856 374 900 arae
411 835 786 927 quicquam
821 829 1201 924 adjuverit,
1245 857 1462 927 quum
1501 833 1869 926 Agrippina
1904 832 2009 900 bis
2048 835 2119 900 in
2156 857 2237 900 ea
2274 857 2373 901 re-

237 947 440 1034 gione
473 943 653 1010 filias
691 945 892 1010 enixa
929 946 1056 1026 sit,
1093 959 1164 1011 et
1196 943 1695 1038 qualiscunque
1732 959 1969 1035 partus
1988 997 2007 1022 ,
2044 947 2192 1012 sine
2227 944 2373 1012 ul'lo

237 1079 444 1124 sexus
497 1055 895 1124 discrimine
921 1108 938 1138 ,
991 1055 1428 1151 puerperium⁵
1487 1056 1811 1140 vocetur3
1871 1055 2058 1150 quod
2110 1059 2374 1152 antiqui

239 1169 446 1234 etiam
473 1165 748 1259 puellas
779 1191 1048 1261 pueros,
1091 1170 1286 1273 sicut‘
1300 1183 1370 1235 et
1399 1189 1653 1260 pueros
1682 1166 1931 1260 puellos
1966 1166 2370 1235 dictitarent.

242 1280 478 1344 Exstat
517 1291 594 1342 et
635 1279 922 1368 Augusti
963 1277 1249 1370 epistola
1263 1330 1281 1361 ‚
1329 1292 1486 1345 ante
1530 1301 1787 1370 paucos
1806 1329 1825 1360 ,
1870 1301 2076 1373 quam
2116 1277 2337 1346 obiret
2352 1331 2372 1360 ‚

241 1411 512 1455 mensoe
555 1387 650 1455 ad
691 1391 1138 1482 Agrippinam
1167 1402 1454 1483 ‘neptem
1489 1391 1584 1456 ita
1626 1391 1875 1484 scripta
1915 1387 2001 1456 de
2040 1391 2201 1457 Caio
2243 1387 2375 1456 hoc

245 1499 500 1591 (neque
523 1499 718 1564 enim
743 1501 1106 1593 quisquam
1121 1495 1268 1592 jam
1289 1499 1466 1568 alius
1491 1498 1715 1567 infans
1738 1502 2015 1567 nomine
2036 1501 2185 1592 pari
2208 1515 2374 1568 tunc

245 1613 672 1700 supererat).
713 1637 740 1667 a
761 1613 1062 1676 Puerum
1087 1611 1324 1678 Caium
1354 1609 1863 1705 quintodecimo
1893 1608 2229 1678 Kalendas
2256 1615 2372 1677 Ju-

243 1721 364 1802 nii,
399 1723 463 1788 si
493 1723 610 1787 Dii
646 1719 919 1804 volent,
949 1737 1030 1788 ut
1063 1721 1392 1792 ducerent
1416 1723 1732 1797 Talarius
1762 1738 1831 1790 et
1864 1720 2189 1806 Asellius»,
2226 1722 2375 1790 heri

247 1855 398 1901 cum
433 1831 548 1900 his
575 1834 924 1900 constitui.
953 1837 1154 1901 Mitto
1189 1851 1520 1926 praeterea
1548 1859 1707 1903 cum
1730 1858 1813 1902 eo
1846 1857 1930 1902 ex
1960 1836 2173 1902 servis
2202 1837 2373 1903 meis

251 1939 588 2010 medicum
607 1995 626 2026 ‚
655 1965 896 2037 quem,
927 1945 1166 2036 scripsi
1201 1949 1635 2028 Germanico,
1670 1948 1727 2013 si
1759 1944 1995 2027 vellet,
2024 1961 2104 2012 ut
2134 1947 2376 2012 retine-

251 2068 362 2119 ret.
397 2051 720 2136 valebis»,
753 2077 909 2121 mea
933 2056 1303 2148 Agrippina
1319 2109 1335 2140 ‚
1367 2071 1437 2124 et
1463 2055 1659 2124 dabis
1685 2079 2002 2150 operam,
2028 2072 2107 2123 ut
2137 2054 2373 2123 valens

251 2166 606 2255 pervenias
641 2163 733 2232 ad
773 2167 1254 2234 Germanicum
1285 2182 1508 2234 tuum.
1536 2197 1565 2228 n
1612 2164 1900 2234 Abunde
1924 2167 2217 2234 arbitror
2252 2191 2373 2260 pa·-

253 2299 424 2360 rere,
459 2281 612 2343 no‘n
653 2277 960 2368 potuisse
995 2276 1090 2344 ibi
1123 2279 1313 2345 nasci
1343 2281 1615 2362 Caium,
1657 2301 1795 2373 quo
1825 2300 2041 2371 prope
2072 2274 2373 2346 bimulus

256 2387 521 2458 demum
537 2386 912 2483 perductus
927 2389 1016 2456 ab
1032 2389 1214 2458 Urbe
1231 2393 1338 2458 sit.
1353 2391 1861 2460 Ver-siculorum
1877 2415 2152 2487 quoque
2168 2387 2375 2460 fidem

256 2499 480 2569 eadem
512 2499 670 2569 haec
699 2500 1002 2584 elevant3
1033 2520 1101 2595 et
1135 2526 1216 2572 eo
1251 2502 1514 2573 facilius
1534 2556 1552 2585 ,
1588 2501 1773 2597 quod
1806 2501 1879 2569 hi
1900 2504 2063 2588 ‚sine
2096 2516 2375 2568 auctore

263 2632 434 2679 sunt.
456 2612 822 2708 Sequenda
847 2630 952 2681 est
973 2616 1201 2706 igitur,
1240 2638 1393 2711 quae
1427 2613 1575 2683 sola
1606 2614 1979 2703 [actorum]
2004 2627 2211 2678 restat
2242 2612 2375 2701 [et]

259 2721 504 2815 publici
539 2726 980 2805 instrumenti
1017 2724 1449 2795 auctoritas⁶z
1496 2728 1875 2820 praesertim
1918 2748 2133 2819 quum
2175 2725 2375 2793 Caius

259 2838 554 2919 Antium,
599 2835 922 2903 omnibus
961 2860 1233 2930 semper
1270 2836 1434 2906 locis
1472 2854 1679 2933 atque
1722 2837 2099 2905 secessibus
2134 2834 2376 2929 praela-

259 2960 430 3031 tum,
453 2970 601 3015 non
635 2946 852 3030 aliter,
880 2971 1087 3043 quam
1110 2946 1333 3016 natale
1363 2948 1587 3017 solum
1606 3000 1624 3031 ‚
1659 2946 2001 3032 dilexerit;
2032 2946 2374 3014 tradatur·

261 3082 384 3152 que
427 3061 636 3126 etiam
653 3112 672 3143 ‚
721 3056 956 3127 sedem
997 3082 1080 3127 ac
1130 3060 1551 3129 domicilium
1598 3063 1869 3155 imperii
1916 3058 2120 3129 taedio
2168 3059 2375 3127 Urbis

259 3170 618 3239 transferre
641 3194 723 3237 eo
751 3169 1149 3239 destinasse.

341 3284 458 3347 IX.
520 3278 846 3372 Caligulae
893 3292 1308 3373 cognomen¹
1362 3286 1689 3351 castrensi
1721 3280 1881 3377 joco
1926 3284 2166 3365 traxit,
2214 3284 2375 3378 quia

321 3484 373 3537 5.
389 3484 758 3557 Puerpen'um.
778 3486 1030 3537 Priscian.
1054 3484 1146 3537 lib.
1166 3482 1264 3537 VI:

265 3564 463 3619 cheri
503 3568 822 3619 femininum
859 3586 1084 3639 puerum
1123 3567 1270 3621 dice·-

261 3643 380 3699 hant
411 3649 807 3719 antiquissimi,
841 3646 989 3699 unde
1023 3660 1076 3700 et
1106 3664 1269 3721 puer-

259 3746 398 3799 pera,
418 3748 548 3800 ,quae
571 3748 800 3801 puerum
822 3729 907 3781 vel
924 3746 1146 3803 pueram
1166 3748 1269 3800 pa-

263 3810 336 3859 rit.
355 3831 378 3855 n
411 3807 560 3861 Idem
595 3808 764 3861 docet
795 3826 918 3861 voc.
954 3806 1140 3885 puella
1154 3846 1174 3877 ,
1211 3807 1270 3861 id

263 3900 356 3951 est,
375 3886 626 3960 puemla.

321 3967 370 4019 6.
395 3967 518 4037 Quoe
535 3966 652 4021 sola
673 3966 974 4041 [actorum]
991 3980 1146 4021 restat
1163 3964 1269 4041 [et]

259 4044 435 4115 pubh'ct'
451 4047 800 4100 instmmenti
817 4048 1110 4099 auctoritas.
1135 4046 1271 4099 Cum

263 4124 584 4194 Cauliana,
605 4126 824 4179 Gravia
843 4137 899 4177 et
915 4124 1266 4199 Oudendorp.

265 4218 470 4261 actoriam
489 4210 550 4261 in
563 4220 786 4261 textum
797 4209 1002 4260 venisse
1019 4220 1271 4279 putamus

1359 3506 1426 3540 ex
1465 3490 1905 3561 interpretatione
1943 3486 2143 3557 publici
2182 3486 2375 3539 instru-

1357 3569 1554 3635 menti,
1580 3566 1725 3639 quod
1744 3578 1893 3638 patet
1914 3568 2073 3619 etiam
2096 3584 2163 3618 ex
2184 3566 2374 3618 vitiosa

1357 3648 1414 3699 in
1453 3646 1701 3699 omnibus
1738 3644 1882 3698 libris
1918 3648 2227 3717 scriptione.
2266 3646 2374 3696 Re-

1357 3741 1517 3797 cepto
1540 3726 1729 3781 vocab.
1754 3738 1985 3779 actorum
1999 3766 2017 3795 ,
2044 3724 2247 3778 addidit
2270 3724 2373 3776 ali-

1359 3806 1478 3876 quis
1515 3818 1569 3857 et
1608 3819 1731 3858 ante
1769 3803 1975 3876 publici
2018 3803 2369 3857 instrumenti.

1357 3882 1588 3939 wolfius
1614 3897 1897 3956 utrumque
1924 3884 2117 3935 omisit.
2146 3884 2261 3935 Nisi
2289 3901 2373 3935 se-

1359 3979 1611 4039 queretur
1628 3966 1930 4031 auctorae'tas,
1948 3960 2225 4017 suaderem
2240 4000 2257 4029 ‚
2274 3963 2371 4017 Se—

1355 4046 1567 4120 quenda
1594 4058 1667 4097 est
1690 4046 1853 4119 igitur
1872 4044 2108 4112 auctori,
2138 4058 2257 4116 quo
2286 4060 2371 4097 2⁰-

1359 4124 1443 4191 la,
1475 4139 1579 4193 etc.

1429 4206 1519 4258 IX.
1552 4222 1599 4258 ι.
1632 4202 1887 4279 Caliquloe
1914 4220 2235 4276 cognomen,
2264 4215 2364 4255 etc.
