<?xml version="1.0" encoding="UTF-8"?>
<!DOCTYPE html PUBLIC "-//W3C//DTD XHTML 1.0 Transitional//EN"
    "http://www.w3.org/TR/xhtml1/DTD/xhtml1-transitional.dtd">
<html xmlns="http://www.w3.org/1999/xhtml" xml:lang="en" lang="en">
 <head>
  <title>
</title>
<meta http-equiv="Content-Type" content="text/html;charset=utf-8" />
  <meta name='ocr-system' content='tesseract 3.04.00' />
  <meta name='ocr-capabilities' content='ocr_page ocr_carea ocr_par ocr_line ocrx_word'/>
</head>
<body>
  <div class='ocr_page' id='page_1' title='image "./csuetoniitranqu09suetgoog_0470.png"; bbox 0 0 3050 5004; ppageno 0'>
   <div class='ocr_carea' id='block_1_1' title="bbox 314 510 2440 1989">
    <p class='ocr_par' dir='ltr' id='par_1_1' title="bbox 314 510 2440 1829">
     <span class='ocr_line' id='line_1_1' title="bbox 664 510 2421 600; baseline -0.001 -23"><span class='ocrx_word' id='word_1_1' title='bbox 664 510 789 577; x_wconf 88' lang='lat' dir='ltr'><strong>DE</strong></span> <span class='ocrx_word' id='word_1_2' title='bbox 838 510 1279 577; x_wconf 80' lang='lat' dir='ltr'><strong>ILLUSTR.</strong></span> <span class='ocrx_word' id='word_1_3' title='bbox 1330 510 1713 578; x_wconf 79' lang='lat' dir='ltr'>GRAMM.</span> <span class='ocrx_word' id='word_1_4' title='bbox 1765 511 2074 578; x_wconf 84' lang='lat' dir='ltr'><strong>LIBER.</strong></span> <span class='ocrx_word' id='word_1_5' title='bbox 2290 515 2421 600; x_wconf 70' lang='lat'><strong>⁴²7</strong></span> 
     </span>
     <span class='ocr_line' id='line_1_2' title="bbox 314 634 2434 731; baseline -0.001 -26"><span class='ocrx_word' id='word_1_6' title='bbox 314 639 663 729; x_wconf 76' lang='lat' dir='ltr'><strong>attigerat:</strong></span> <span class='ocrx_word' id='word_1_7' title='bbox 696 660 779 705; x_wconf 86' lang='lat' dir='ltr'><strong>ac</strong></span> <span class='ocrx_word' id='word_1_8' title='bbox 806 636 1157 730; x_wconf 81' lang='lat' dir='ltr'><strong>professus</strong></span> <span class='ocrx_word' id='word_1_9' title='bbox 1187 634 1307 705; x_wconf 87' lang='lat' dir='ltr'><strong>diu</strong></span> <span class='ocrx_word' id='word_1_10' title='bbox 1337 638 1413 705; x_wconf 90' lang='lat' dir='ltr'><strong>in</strong></span> <span class='ocrx_word' id='word_1_11' title='bbox 1442 639 1695 729; x_wconf 84' lang='lat' dir='ltr'><strong>patria,</strong></span> <span class='ocrx_word' id='word_1_12' title='bbox 1727 637 2288 731; x_wconf 81' lang='lat' dir='ltr'><strong>quinquagesimo</strong></span> <span class='ocrx_word' id='word_1_13' title='bbox 2319 634 2434 703; x_wconf 89' lang='lat' dir='ltr'><strong>de-</strong></span> 
     </span>
     <span class='ocr_line' id='line_1_3' title="bbox 314 738 2432 842; baseline -0 -26"><span class='ocrx_word' id='word_1_14' title='bbox 314 738 507 817; x_wconf 87' lang='lat' dir='ltr'><strong>mum</strong></span> <span class='ocrx_word' id='word_1_15' title='bbox 526 772 709 817; x_wconf 87' lang='lat' dir='ltr'><strong>anno</strong></span> <span class='ocrx_word' id='word_1_16' title='bbox 726 754 1011 819; x_wconf 85' lang='lat' dir='ltr'><strong>Romam</strong></span> <span class='ocrx_word' id='word_1_17' title='bbox 1024 802 1043 835; x_wconf 86' lang='lat'><strong>,</strong></span> <span class='ocrx_word' id='word_1_18' title='bbox 1064 748 1357 819; x_wconf 80' lang='lat' dir='ltr'><strong>Consule</strong></span> <span class='ocrx_word' id='word_1_19' title='bbox 1376 750 1697 819; x_wconf 78' lang='lat' dir='ltr'>Cicerone</span> <span class='ocrx_word' id='word_1_20' title='bbox 1710 801 1728 831; x_wconf 91' lang='lat'>,</span> <span class='ocrx_word' id='word_1_21' title='bbox 1751 750 2042 830; x_wconf 82' lang='lat' dir='ltr'><strong>transiit3</strong></span> <span class='ocrx_word' id='word_1_22' title='bbox 2065 745 2432 842; x_wconf 83' lang='lat' dir='ltr'><strong>docuitque</strong></span> 
     </span>
     <span class='ocr_line' id='line_1_4' title="bbox 316 855 2433 957; baseline 0 -30"><span class='ocrx_word' id='word_1_23' title='bbox 316 857 577 952; x_wconf 87' lang='lat' dir='ltr'><strong>majore</strong></span> <span class='ocrx_word' id='word_1_24' title='bbox 597 860 777 929; x_wconf 86' lang='lat' dir='ltr'><strong>fama</strong></span> <span class='ocrx_word' id='word_1_25' title='bbox 794 908 811 942; x_wconf 87' lang='lat'><strong>,</strong></span> <span class='ocrx_word' id='word_1_26' title='bbox 837 885 1043 957; x_wconf 89' lang='lat' dir='ltr'><strong>quam</strong></span> <span class='ocrx_word' id='word_1_27' title='bbox 1066 858 1548 928; x_wconf 88' lang='lat' dir='ltr'><strong>emolumento.</strong></span> <span class='ocrx_word' id='word_1_28' title='bbox 1578 864 1886 953; x_wconf 83' lang='lat' dir='ltr'><strong>Namque</strong></span> <span class='ocrx_word' id='word_1_29' title='bbox 1900 855 2044 951; x_wconf 87' lang='lat' dir='ltr'><strong>jam</strong></span> <span class='ocrx_word' id='word_1_30' title='bbox 2067 881 2396 951; x_wconf 85' lang='lat' dir='ltr'><strong>persenex</strong></span> <span class='ocrx_word' id='word_1_31' title='bbox 2411 909 2433 940; x_wconf 86' lang='lat'>,</span> 
     </span>
     <span class='ocr_line' id='line_1_5' title="bbox 316 968 2434 1065; baseline -0.001 -28"><span class='ocrx_word' id='word_1_32' title='bbox 316 994 690 1063; x_wconf 85' lang='lat' dir='ltr'><strong>pauperem</strong></span> <span class='ocrx_word' id='word_1_33' title='bbox 734 995 841 1054; x_wconf 86' lang='lat' dir='ltr'><strong>se,</strong></span> <span class='ocrx_word' id='word_1_34' title='bbox 885 986 953 1039; x_wconf 89' lang='lat' dir='ltr'><strong>et</strong></span> <span class='ocrx_word' id='word_1_35' title='bbox 991 968 1297 1039; x_wconf 83' lang='lat' dir='ltr'><strong>habitare</strong></span> <span class='ocrx_word' id='word_1_36' title='bbox 1340 968 1469 1037; x_wconf 86' lang='lat' dir='ltr'><strong>sub</strong></span> <span class='ocrx_word' id='word_1_37' title='bbox 1511 968 1752 1060; x_wconf 78' lang='lat' dir='ltr'><strong>tegulis</strong></span> <span class='ocrx_word' id='word_1_38' title='bbox 1773 1022 1792 1053; x_wconf 92' lang='lat'>‚</span> <span class='ocrx_word' id='word_1_39' title='bbox 1836 968 2134 1065; x_wconf 89' lang='lat' dir='ltr'><strong>quodam</strong></span> <span class='ocrx_word' id='word_1_40' title='bbox 2181 970 2434 1061; x_wconf 87' lang='lat' dir='ltr'><strong>scripto</strong></span> 
     </span>
     <span class='ocr_line' id='line_1_6' title="bbox 317 1076 2434 1171; baseline -0 -24"><span class='ocrx_word' id='word_1_41' title='bbox 317 1080 587 1150; x_wconf 87' lang='lat' dir='ltr'><strong>fatetur.</strong></span> <span class='ocrx_word' id='word_1_42' title='bbox 620 1082 901 1151; x_wconf 88' lang='lat' dir='ltr'><strong>Librum</strong></span> <span class='ocrx_word' id='word_1_43' title='bbox 932 1084 1163 1165; x_wconf 86' lang='lat' dir='ltr'><strong>etiam,</strong></span> <span class='ocrx_word' id='word_1_44' title='bbox 1195 1084 1303 1149; x_wconf 86' lang='lat' dir='ltr'><strong>cui</strong></span> <span class='ocrx_word' id='word_1_45' title='bbox 1328 1096 1430 1147; x_wconf 87' lang='lat' dir='ltr'><strong>est</strong></span> <span class='ocrx_word' id='word_1_46' title='bbox 1457 1078 1695 1149; x_wconf 87' lang='lat' dir='ltr'><strong>titulus</strong></span> <span class='ocrx_word' id='word_1_47' title='bbox 1726 1080 2092 1171; x_wconf 79' lang='lat' dir='ltr'><strong>Perialoqos</strong></span> <span class='ocrx_word' id='word_1_48' title='bbox 2108 1088 2156 1163; x_wconf 81' lang='lat'><strong>²,</strong></span> <span class='ocrx_word' id='word_1_49' title='bbox 2192 1076 2434 1163; x_wconf 84' lang='lat' dir='ltr'><strong>edidit,</strong></span> 
     </span>
     <span class='ocr_line' id='line_1_7' title="bbox 316 1190 2438 1289; baseline -0 -29"><span class='ocrx_word' id='word_1_50' title='bbox 316 1196 779 1267; x_wconf 75' lang='lat' dir='ltr'><strong>continentem</strong></span> <span class='ocrx_word' id='word_1_51' title='bbox 800 1194 1113 1289; x_wconf 81' lang='lat' dir='ltr'>querelas</span> <span class='ocrx_word' id='word_1_52' title='bbox 1140 1194 1223 1261; x_wconf 92' lang='lat' dir='ltr'><strong>de</strong></span> <span class='ocrx_word' id='word_1_53' title='bbox 1246 1190 1513 1285; x_wconf 84' lang='lat' dir='ltr'><strong>injuriis</strong></span> <span class='ocrx_word' id='word_1_54' title='bbox 1531 1242 1550 1274; x_wconf 88' lang='lat'>‚</span> <span class='ocrx_word' id='word_1_55' title='bbox 1581 1214 1752 1287; x_wconf 81' lang='lat' dir='ltr'><strong>quas</strong></span> <span class='ocrx_word' id='word_1_56' title='bbox 1779 1190 2196 1285; x_wconf 80' lang='lat' dir='ltr'>professores</span> <span class='ocrx_word' id='word_1_57' title='bbox 2223 1190 2438 1285; x_wconf 65' lang='lat' dir='ltr'><strong>negli-</strong></span> 
     </span>
     <span class='ocr_line' id='line_1_8' title="bbox 320 1302 2434 1399; baseline -0.002 -26"><span class='ocrx_word' id='word_1_58' title='bbox 320 1306 547 1395; x_wconf 73' lang='lat' dir='ltr'><strong>genua</strong></span> <span class='ocrx_word' id='word_1_59' title='bbox 586 1322 655 1372; x_wconf 87' lang='lat' dir='ltr'><strong>et</strong></span> <span class='ocrx_word' id='word_1_60' title='bbox 695 1305 1059 1375; x_wconf 80' lang='lat' dir='ltr'><strong>ambitione</strong></span> <span class='ocrx_word' id='word_1_61' title='bbox 1074 1302 1103 1343; x_wconf 75' lang='lat'><strong>³</strong></span> <span class='ocrx_word' id='word_1_62' title='bbox 1146 1322 1509 1399; x_wconf 83' lang='lat' dir='ltr'><strong>parentum</strong></span> <span class='ocrx_word' id='word_1_63' title='bbox 1553 1304 1957 1395; x_wconf 77' lang='lat' dir='ltr'><strong>acciperent.</strong></span> <span class='ocrx_word' id='word_1_64' title='bbox 2007 1305 2162 1370; x_wconf 83' lang='lat' dir='ltr'><strong>Fuit</strong></span> <span class='ocrx_word' id='word_1_65' title='bbox 2203 1318 2434 1369; x_wconf 85' lang='lat' dir='ltr'><strong>autem</strong></span> 
     </span>
     <span class='ocr_line' id='line_1_9' title="bbox 318 1412 2436 1508; baseline -0.002 -23"><span class='ocrx_word' id='word_1_66' title='bbox 318 1432 585 1485; x_wconf 62' lang='lat' dir='ltr'><strong>naturae</strong></span> <span class='ocrx_word' id='word_1_67' title='bbox 618 1416 917 1500; x_wconf 65' lang='lat' dir='ltr'><strong>acerbas,</strong></span> <span class='ocrx_word' id='word_1_68' title='bbox 952 1440 1093 1485; x_wconf 84' lang='lat' dir='ltr'><strong>non</strong></span> <span class='ocrx_word' id='word_1_69' title='bbox 1128 1414 1335 1485; x_wconf 90' lang='lat' dir='ltr'><strong>modo</strong></span> <span class='ocrx_word' id='word_1_70' title='bbox 1370 1419 1441 1483; x_wconf 84' lang='lat' dir='ltr'><strong>in</strong></span> <span class='ocrx_word' id='word_1_71' title='bbox 1478 1412 1994 1507; x_wconf 78' lang='lat' dir='ltr'><strong>antisophistas,</strong></span> <span class='ocrx_word' id='word_1_72' title='bbox 2035 1436 2210 1508; x_wconf 90' lang='lat' dir='ltr'><strong>quos</strong></span> <span class='ocrx_word' id='word_1_73' title='bbox 2251 1415 2436 1481; x_wconf 88' lang='lat' dir='ltr'><strong>omni</strong></span> 
     </span>
     <span class='ocr_line' id='line_1_10' title="bbox 322 1523 2440 1618; baseline -0.001 -25"><span class='ocrx_word' id='word_1_74' title='bbox 322 1551 635 1597; x_wconf 86' lang='lat' dir='ltr'><strong>sermone</strong></span> <span class='ocrx_word' id='word_1_75' title='bbox 668 1530 987 1598; x_wconf 83' lang='lat' dir='ltr'><strong>laceravit</strong></span> <span class='ocrx_word' id='word_1_76' title='bbox 1005 1581 1023 1612; x_wconf 93' lang='lat'>‚</span> <span class='ocrx_word' id='word_1_77' title='bbox 1057 1528 1180 1597; x_wconf 90' lang='lat' dir='ltr'><strong>sed</strong></span> <span class='ocrx_word' id='word_1_78' title='bbox 1212 1530 1413 1595; x_wconf 90' lang='lat' dir='ltr'><strong>etiam</strong></span> <span class='ocrx_word' id='word_1_79' title='bbox 1448 1529 1521 1594; x_wconf 87' lang='lat' dir='ltr'><strong>in</strong></span> <span class='ocrx_word' id='word_1_80' title='bbox 1562 1523 1964 1618; x_wconf 85' lang='lat' dir='ltr'><strong>discipulos,</strong></span> <span class='ocrx_word' id='word_1_81' title='bbox 2003 1541 2083 1591; x_wconf 88' lang='lat' dir='ltr'><strong>ut</strong></span> <span class='ocrx_word' id='word_1_82' title='bbox 2119 1526 2440 1592; x_wconf 80' lang='lat' dir='ltr'><strong>Horatius</strong></span> 
     </span>
     <span class='ocr_line' id='line_1_11' title="bbox 318 1634 2438 1735; baseline -0.002 -30"><span class='ocrx_word' id='word_1_83' title='bbox 318 1636 683 1729; x_wconf 74' lang='lat' dir='ltr'><strong>significat,</strong></span> <span class='ocrx_word' id='word_1_84' title='bbox 711 1640 1047 1735; x_wconf 72' lang='lat' dir='ltr'><strong>plaqosum</strong></span> <span class='ocrx_word' id='word_1_85' title='bbox 1076 1663 1235 1709; x_wconf 89' lang='lat' dir='ltr'><strong>eum</strong></span> <span class='ocrx_word' id='word_1_86' title='bbox 1262 1634 1678 1733; x_wconf 74' lang='lat' dir='ltr'><strong>appella-118⁴,</strong></span> <span class='ocrx_word' id='word_1_87' title='bbox 1709 1654 1780 1704; x_wconf 82' lang='lat' dir='ltr'><strong>et</strong></span> <span class='ocrx_word' id='word_1_88' title='bbox 1808 1636 2140 1705; x_wconf 84' lang='lat' dir='ltr'><strong>Domitius</strong></span> <span class='ocrx_word' id='word_1_89' title='bbox 2169 1640 2438 1702; x_wconf 85' lang='lat' dir='ltr'><strong>Marsus</strong></span> 
     </span>
     <span class='ocr_line' id='line_1_12' title="bbox 320 1747 663 1829; baseline 0.006 -14"><span class='ocrx_word' id='word_1_90' title='bbox 320 1747 625 1817; x_wconf 78' lang='lat' dir='ltr'><strong>scribens</strong></span> <span class='ocrx_word' id='word_1_91' title='bbox 642 1800 663 1829; x_wconf 87' lang='lat'>‚</span> 
     </span>
    </p>

    <p class='ocr_par' dir='ltr' id='par_1_2' title="bbox 486 1893 1917 1989">
     <span class='ocr_line' id='line_1_13' title="bbox 486 1893 1917 1989; baseline -0.001 -34"><span class='ocrx_word' id='word_1_92' title='bbox 486 1894 547 1955; x_wconf 79' lang='lat' dir='ltr'><strong>si</strong></span> <span class='ocrx_word' id='word_1_93' title='bbox 577 1916 736 1989; x_wconf 82' lang='lat' dir='ltr'><strong>quos</strong></span> <span class='ocrx_word' id='word_1_94' title='bbox 764 1896 1039 1958; x_wconf 77' lang='lat' dir='ltr'><strong>Orbilius</strong></span> <span class='ocrx_word' id='word_1_95' title='bbox 1067 1896 1268 1957; x_wconf 85' lang='lat' dir='ltr'><strong>ferula</strong></span> <span class='ocrx_word' id='word_1_96' title='bbox 1296 1896 1654 1975; x_wconf 82' lang='lat' dir='ltr'><strong>scuticaque</strong></span> <span class='ocrx_word' id='word_1_97' title='bbox 1681 1893 1917 1955; x_wconf 86' lang='lat' dir='ltr'><strong>cecidit.</strong></span> 
     </span>
    </p>
   </div>
   <div class='ocr_carea' id='block_1_2' title="bbox 322 2026 2446 2574">
    <p class='ocr_par' dir='ltr' id='par_1_3' title="bbox 322 2026 2446 2574">
     <span class='ocr_line' id='line_1_14' title="bbox 324 2026 2435 2129; baseline -0.002 -30"><span class='ocrx_word' id='word_1_98' title='bbox 324 2038 421 2099; x_wconf 82' lang='lat' dir='ltr'><strong>Ac</strong></span> <span class='ocrx_word' id='word_1_99' title='bbox 448 2057 534 2101; x_wconf 92' lang='lat' dir='ltr'><strong>ne</strong></span> <span class='ocrx_word' id='word_1_100' title='bbox 564 2035 953 2127; x_wconf 82' lang='lat' dir='ltr'><strong>principum</strong></span> <span class='ocrx_word' id='word_1_101' title='bbox 978 2033 1255 2129; x_wconf 90' lang='lat' dir='ltr'><strong>quidem</strong></span> <span class='ocrx_word' id='word_1_102' title='bbox 1283 2036 1585 2101; x_wconf 87' lang='lat' dir='ltr'><strong>virorum</strong></span> <span class='ocrx_word' id='word_1_103' title='bbox 1612 2032 2052 2101; x_wconf 88' lang='lat' dir='ltr'><strong>insectatione</strong></span> <span class='ocrx_word' id='word_1_104' title='bbox 2079 2026 2435 2097; x_wconf 82' lang='lat' dir='ltr'><strong>abstinuit:</strong></span> 
     </span>
     <span class='ocr_line' id='line_1_15' title="bbox 326 2140 2444 2240; baseline -0.002 -31"><span class='ocrx_word' id='word_1_105' title='bbox 326 2142 661 2237; x_wconf 84' lang='lat' dir='ltr'><strong>siquidem</strong></span> <span class='ocrx_word' id='word_1_106' title='bbox 686 2146 955 2236; x_wconf 80' lang='lat' dir='ltr'><strong>ignotus</strong></span> <span class='ocrx_word' id='word_1_107' title='bbox 978 2143 1204 2212; x_wconf 89' lang='lat' dir='ltr'><strong>adhuc</strong></span> <span class='ocrx_word' id='word_1_108' title='bbox 1218 2198 1236 2225; x_wconf 92' lang='lat'><strong>,</strong></span> <span class='ocrx_word' id='word_1_109' title='bbox 1268 2168 1483 2240; x_wconf 89' lang='lat' dir='ltr'><strong>quum</strong></span> <span class='ocrx_word' id='word_1_110' title='bbox 1499 2141 1757 2237; x_wconf 90' lang='lat' dir='ltr'><strong>judicio</strong></span> <span class='ocrx_word' id='word_1_111' title='bbox 1779 2142 2120 2237; x_wconf 87' lang='lat' dir='ltr'><strong>frequenti</strong></span> <span class='ocrx_word' id='word_1_112' title='bbox 2143 2140 2444 2207; x_wconf 85' lang='lat' dir='ltr'><strong>testimo-</strong></span> 
     </span>
     <span class='ocr_line' id='line_1_16' title="bbox 323 2251 2446 2347; baseline -0.002 -27"><span class='ocrx_word' id='word_1_113' title='bbox 323 2255 520 2321; x_wconf 89' lang='lat' dir='ltr'><strong>nium</strong></span> <span class='ocrx_word' id='word_1_114' title='bbox 558 2251 844 2339; x_wconf 84' lang='lat' dir='ltr'><strong>diceret,</strong></span> <span class='ocrx_word' id='word_1_115' title='bbox 893 2257 1347 2347; x_wconf 79' lang='lat' dir='ltr'><strong>interrogatus</strong></span> <span class='ocrx_word' id='word_1_116' title='bbox 1388 2278 1429 2321; x_wconf 87' lang='lat' dir='ltr'><strong>a</strong></span> <span class='ocrx_word' id='word_1_117' title='bbox 1470 2260 1776 2321; x_wconf 80' lang='lat' dir='ltr'><strong>Varrone</strong></span> <span class='ocrx_word' id='word_1_118' title='bbox 1796 2252 1820 2291; x_wconf 87' lang='lat'><strong>⁵</strong></span> <span class='ocrx_word' id='word_1_119' title='bbox 1841 2304 1860 2337; x_wconf 86' lang='lat'><strong>,</strong></span> <span class='ocrx_word' id='word_1_120' title='bbox 1903 2251 2200 2319; x_wconf 84' lang='lat' dir='ltr'><strong>diversae.</strong></span> <span class='ocrx_word' id='word_1_121' title='bbox 2233 2251 2446 2341; x_wconf 87' lang='lat' dir='ltr'><strong>partis</strong></span> 
     </span>
     <span class='ocr_line' id='line_1_17' title="bbox 322 2361 2434 2462; baseline -0.002 -33"><span class='ocrx_word' id='word_1_122' title='bbox 322 2362 687 2448; x_wconf 86' lang='lat' dir='ltr'><strong>advocato,</strong></span> <span class='ocrx_word' id='word_1_123' title='bbox 729 2395 756 2425; x_wconf 74' lang='grc' dir='ltr'><strong>α</strong></span> <span class='ocrx_word' id='word_1_124' title='bbox 786 2362 1112 2462; x_wconf 88' lang='lat' dir='ltr'><strong>quidnam</strong></span> <span class='ocrx_word' id='word_1_125' title='bbox 1147 2382 1408 2457; x_wconf 79' lang='lat' dir='ltr'><strong>ageret,</strong></span> <span class='ocrx_word' id='word_1_126' title='bbox 1447 2380 1515 2432; x_wconf 89' lang='lat' dir='ltr'><strong>et</strong></span> <span class='ocrx_word' id='word_1_127' title='bbox 1547 2388 1686 2459; x_wconf 92' lang='lat' dir='ltr'><strong>quo</strong></span> <span class='ocrx_word' id='word_1_128' title='bbox 1717 2361 1999 2431; x_wconf 87' lang='lat' dir='ltr'><strong>artificio</strong></span> <span class='ocrx_word' id='word_1_129' title='bbox 2032 2364 2378 2429; x_wconf 84' lang='lat' dir='ltr'><strong>uteretur?</strong></span> <span class='ocrx_word' id='word_1_130' title='bbox 2407 2392 2434 2419; x_wconf 72' lang='grc' dir='ltr'><strong>υ</strong></span> 
     </span>
     <span class='ocr_line' id='line_1_18' title="bbox 334 2473 2446 2574; baseline -0.004 -28"><span class='ocrx_word' id='word_1_131' title='bbox 334 2508 361 2537; x_wconf 73' lang='grc' dir='ltr'>ι</span> <span class='ocrx_word' id='word_1_132' title='bbox 390 2474 795 2548; x_wconf 85' lang='lat' dir='ltr'><strong>Gibberosos</strong></span> <span class='ocrx_word' id='word_1_133' title='bbox 828 2500 901 2545; x_wconf 90' lang='lat' dir='ltr'><strong>se</strong></span> <span class='ocrx_word' id='word_1_134' title='bbox 932 2474 1017 2544; x_wconf 88' lang='lat' dir='ltr'><strong>de</strong></span> <span class='ocrx_word' id='word_1_135' title='bbox 1046 2474 1189 2546; x_wconf 89' lang='lat' dir='ltr'><strong>sole</strong></span> <span class='ocrx_word' id='word_1_136' title='bbox 1220 2480 1292 2546; x_wconf 89' lang='lat' dir='ltr'><strong>iu</strong></span> <span class='ocrx_word' id='word_1_137' title='bbox 1320 2474 1636 2574; x_wconf 83' lang='lat' dir='ltr'><strong>umbram</strong></span> <span class='ocrx_word' id='word_1_138' title='bbox 1663 2473 2070 2556; x_wconf 86' lang='lat' dir='ltr'><strong>transferre,</strong></span> <span class='ocrx_word' id='word_1_139' title='bbox 2097 2505 2128 2536; x_wconf 78' lang='grc' dir='ltr'><strong>υ</strong></span> <span class='ocrx_word' id='word_1_140' title='bbox 2165 2494 2446 2564; x_wconf 89' lang='lat' dir='ltr'><strong>respon-</strong></span> 
     </span>
    </p>
   </div>
   <div class='ocr_carea' id='block_1_3' title="bbox 325 2697 2446 2782">
    <p class='ocr_par' dir='ltr' id='par_1_4' title="bbox 325 2697 2446 2782">
     <span class='ocr_line' id='line_1_19' title="bbox 325 2697 2446 2782; baseline -0.004 -24"><span class='ocrx_word' id='word_1_141' title='bbox 325 2705 713 2776; x_wconf 75' lang='lat' dir='ltr'><strong>dubitavimus,</strong></span> <span class='ocrx_word' id='word_1_142' title='bbox 740 2727 840 2780; x_wconf 86' lang='lat' dir='ltr'><strong>pro</strong></span> <span class='ocrx_word' id='word_1_143' title='bbox 876 2707 1077 2782; x_wconf 75' lang='lat' dir='ltr'><strong>repetit.</strong></span> <span class='ocrx_word' id='word_1_144' title='bbox 1106 2707 1337 2762; x_wconf 84' lang='lat' dir='ltr'><strong>Antece-</strong></span> <span class='ocrx_word' id='word_1_145' title='bbox 1426 2701 1668 2758; x_wconf 84' lang='lat' dir='ltr'><strong>Macrob.</strong></span> <span class='ocrx_word' id='word_1_146' title='bbox 1699 2703 1806 2756; x_wconf 84' lang='lat' dir='ltr'><strong>Sat.</strong></span> <span class='ocrx_word' id='word_1_147' title='bbox 1846 2703 1919 2768; x_wconf 84' lang='lat'><strong>11,</strong></span> <span class='ocrx_word' id='word_1_148' title='bbox 1953 2701 1987 2755; x_wconf 91' lang='grc'><strong>6</strong></span> <span class='ocrx_word' id='word_1_149' title='bbox 2013 2723 2026 2752; x_wconf 90' lang='lat'><em>=</em></span> <span class='ocrx_word' id='word_1_150' title='bbox 2068 2723 2090 2748; x_wconf 84' lang='grc' dir='ltr'><strong>ιι</strong></span> <span class='ocrx_word' id='word_1_151' title='bbox 2111 2701 2169 2752; x_wconf 90' lang='lat' dir='ltr'><strong>In</strong></span> <span class='ocrx_word' id='word_1_152' title='bbox 2201 2697 2446 2751; x_wconf 85' lang='lat' dir='ltr'><strong>eumdem</strong></span> 
     </span>
    </p>
   </div>
   <div class='ocr_carea' id='block_1_4' title="bbox 324 2787 1155 2860">
    <p class='ocr_par' dir='ltr' id='par_1_5' title="bbox 324 2787 1155 2860">
     <span class='ocr_line' id='line_1_20' title="bbox 324 2787 1155 2860; baseline -0.001 -22"><span class='ocrx_word' id='word_1_153' title='bbox 324 2787 467 2838; x_wconf 84' lang='lat' dir='ltr'><strong>dunt</strong></span> <span class='ocrx_word' id='word_1_154' title='bbox 490 2788 725 2857; x_wconf 82' lang='lat' dir='ltr'><strong>perfecta</strong></span> <span class='ocrx_word' id='word_1_155' title='bbox 756 2801 809 2840; x_wconf 88' lang='lat' dir='ltr'><strong>et</strong></span> <span class='ocrx_word' id='word_1_156' title='bbox 836 2797 1155 2860; x_wconf 80' lang='lat' dir='ltr'><strong>sequuntur.</strong></span> 
     </span>
    </p>
   </div>
   <div class='ocr_carea' id='block_1_5' title="bbox 1432 2781 2450 2839">
    <p class='ocr_par' dir='ltr' id='par_1_6' title="bbox 1432 2781 2450 2839">
     <span class='ocr_line' id='line_1_21' title="bbox 1432 2781 2450 2839; baseline -0.008 0"><span class='ocrx_word' id='word_1_157' title='bbox 1432 2785 1654 2839; x_wconf 72' lang='lat' dir='ltr'><strong>Galbam</strong></span> <span class='ocrx_word' id='word_1_158' title='bbox 1667 2782 1904 2838; x_wconf 81' lang='lat' dir='ltr'><strong>Orbilius</strong></span> <span class='ocrx_word' id='word_1_159' title='bbox 1913 2781 2302 2834; x_wconf 75' lang='lat' dir='ltr'><strong>Grammaticus</strong></span> <span class='ocrx_word' id='word_1_160' title='bbox 2311 2795 2450 2832; x_wconf 76' lang='lat' dir='ltr'><strong>acer-</strong></span> 
     </span>
    </p>
   </div>
   <div class='ocr_carea' id='block_1_6' title="bbox 402 2861 2450 2942">
    <p class='ocr_par' dir='ltr' id='par_1_7' title="bbox 402 2861 2450 2942">
     <span class='ocr_line' id='line_1_22' title="bbox 402 2861 2450 2942; baseline -0.003 -23"><span class='ocrx_word' id='word_1_161' title='bbox 402 2886 453 2920; x_wconf 78' lang='lat'><strong>2.</strong></span> <span class='ocrx_word' id='word_1_162' title='bbox 489 2868 807 2942; x_wconf 65' lang='lat' dir='ltr'><strong>Bet-ialoqos.</strong></span> <span class='ocrx_word' id='word_1_163' title='bbox 851 2870 979 2932; x_wconf 78' lang='lat' dir='ltr'><strong>Non</strong></span> <span class='ocrx_word' id='word_1_164' title='bbox 1014 2885 1195 2920; x_wconf 81' lang='lat' dir='ltr'><strong>veram</strong></span> <span class='ocrx_word' id='word_1_165' title='bbox 1224 2866 1343 2936; x_wconf 81' lang='lat' dir='ltr'><strong>qui·</strong></span> <span class='ocrx_word' id='word_1_166' title='bbox 1427 2868 1556 2924; x_wconf 75' lang='lat' dir='ltr'><strong>bins</strong></span> <span class='ocrx_word' id='word_1_167' title='bbox 1587 2869 1762 2922; x_wconf 77' lang='lat' dir='ltr'><strong>irrisit.</strong></span> <span class='ocrx_word' id='word_1_168' title='bbox 1799 2864 2075 2932; x_wconf 76' lang='lat' dir='ltr'><strong>Prodierat</strong></span> <span class='ocrx_word' id='word_1_169' title='bbox 2112 2861 2350 2919; x_wconf 83' lang='lat' dir='ltr'><strong>Orbilius</strong></span> <span class='ocrx_word' id='word_1_170' title='bbox 2393 2863 2450 2914; x_wconf 88' lang='lat' dir='ltr'><strong>in</strong></span> 
     </span>
    </p>
   </div>
   <div class='ocr_carea' id='block_1_7' title="bbox 326 2946 1351 4304">
    <p class='ocr_par' dir='ltr' id='par_1_8' title="bbox 326 2946 1348 3737">
     <span class='ocr_line' id='line_1_23' title="bbox 326 2946 1339 3022; baseline -0.003 -22"><span class='ocrx_word' id='word_1_171' title='bbox 326 2947 743 3022; x_wconf 83' lang='lat' dir='ltr'><strong>demputohanc</strong></span> <span class='ocrx_word' id='word_1_172' title='bbox 760 2950 1042 3002; x_wconf 88' lang='lat' dir='ltr'><strong>lectionem</strong></span> <span class='ocrx_word' id='word_1_173' title='bbox 1058 2946 1339 3014; x_wconf 82' lang='lat' dir='ltr'><strong>librorum,</strong></span> 
     </span>
     <span class='ocr_line' id='line_1_24' title="bbox 326 3027 1343 3098; baseline -0.004 -18"><span class='ocrx_word' id='word_1_174' title='bbox 326 3029 587 3080; x_wconf 80' lang='lat' dir='ltr'><strong>veriorem</strong></span> <span class='ocrx_word' id='word_1_175' title='bbox 609 3041 783 3080; x_wconf 80' lang='lat' dir='ltr'><strong>tamen</strong></span> <span class='ocrx_word' id='word_1_176' title='bbox 804 3027 1053 3080; x_wconf 83' lang='lat' dir='ltr'><strong>omnibus</strong></span> <span class='ocrx_word' id='word_1_177' title='bbox 1073 3029 1343 3098; x_wconf 85' lang='lat' dir='ltr'><strong>conjectu·</strong></span> 
     </span>
     <span class='ocr_line' id='line_1_25' title="bbox 326 3094 1347 3177; baseline -0.007 -15"><span class='ocrx_word' id='word_1_178' title='bbox 326 3107 431 3173; x_wconf 73' lang='lat' dir='ltr'><strong>ris,</strong></span> <span class='ocrx_word' id='word_1_179' title='bbox 450 3094 753 3174; x_wconf 65' lang='grc' dir='ltr'><strong>ώοιλὸγος,</strong></span> <span class='ocrx_word' id='word_1_180' title='bbox 777 3106 881 3177; x_wconf 69' lang='lat' dir='ltr'><strong>mpi</strong></span> <span class='ocrx_word' id='word_1_181' title='bbox 901 3105 1101 3173; x_wconf 60' lang='lat' dir='ltr'><strong>dyoyffc</strong></span> <span class='ocrx_word' id='word_1_182' title='bbox 1112 3141 1133 3171; x_wconf 84' lang='lat'><em>‚</em></span> <span class='ocrx_word' id='word_1_183' title='bbox 1156 3123 1347 3173; x_wconf 68' lang='lat' dir='ltr'><strong>mptum-</strong></span> 
     </span>
     <span class='ocr_line' id='line_1_26' title="bbox 326 3175 1348 3258; baseline 0 -20"><span class='ocrx_word' id='word_1_184' title='bbox 326 3175 588 3258; x_wconf 67' lang='grc' dir='ltr'><strong>τολὸῃος,</strong></span> <span class='ocrx_word' id='word_1_185' title='bbox 610 3185 947 3254; x_wconf 60' lang='grc' dir='ltr'><strong>παθηωγός.</strong></span> <span class='ocrx_word' id='word_1_186' title='bbox 970 3187 1190 3240; x_wconf 78' lang='lat' dir='ltr'><strong>Certum</strong></span> <span class='ocrx_word' id='word_1_187' title='bbox 1215 3182 1348 3238; x_wconf 80' lang='lat' dir='ltr'><strong>mihi</strong></span> 
     </span>
     <span class='ocr_line' id='line_1_27' title="bbox 330 3261 1347 3337; baseline -0.002 -19"><span class='ocrx_word' id='word_1_188' title='bbox 330 3279 415 3319; x_wconf 83' lang='lat' dir='ltr'><strong>est</strong></span> <span class='ocrx_word' id='word_1_189' title='bbox 428 3305 445 3333; x_wconf 85' lang='lat'>‚</span> <span class='ocrx_word' id='word_1_190' title='bbox 464 3287 650 3320; x_wconf 80' lang='lat' dir='ltr'><strong>vocem</strong></span> <span class='ocrx_word' id='word_1_191' title='bbox 668 3267 911 3319; x_wconf 82' lang='lat' dir='ltr'><strong>Latinam</strong></span> <span class='ocrx_word' id='word_1_192' title='bbox 931 3280 1243 3337; x_wconf 84' lang='lat' dir='ltr'><strong>corruptam</strong></span> <span class='ocrx_word' id='word_1_193' title='bbox 1270 3261 1347 3317; x_wconf 74' lang='lat' dir='ltr'><strong>e‘s-</strong></span> 
     </span>
     <span class='ocr_line' id='line_1_28' title="bbox 330 3344 1343 3417; baseline -0.002 -17"><span class='ocrx_word' id='word_1_194' title='bbox 330 3365 391 3400; x_wconf 80' lang='lat' dir='ltr'><strong>se</strong></span> <span class='ocrx_word' id='word_1_195' title='bbox 419 3366 484 3400; x_wconf 81' lang='lat' dir='ltr'><strong>ex</strong></span> <span class='ocrx_word' id='word_1_196' title='bbox 508 3345 612 3417; x_wconf 65' lang='grc' dir='ltr'><strong>περὶ</strong></span> <span class='ocrx_word' id='word_1_197' title='bbox 646 3345 837 3414; x_wconf 53' lang='grc' dir='ltr'><strong>ἀλέγων</strong></span> <span class='ocrx_word' id='word_1_198' title='bbox 870 3345 948 3400; x_wconf 76' lang='lat' dir='ltr'><strong>vel</strong></span> <span class='ocrx_word' id='word_1_199' title='bbox 980 3344 1083 3415; x_wconf 60' lang='grc' dir='ltr'><strong>περὶ</strong></span> <span class='ocrx_word' id='word_1_200' title='bbox 1111 3345 1343 3412; x_wconf 59' lang='grc' dir='ltr'><strong>ἀλογίας</strong></span> 
     </span>
     <span class='ocr_line' id='line_1_29' title="bbox 330 3414 1347 3498; baseline -0.004 -18"><span class='ocrx_word' id='word_1_201' title='bbox 330 3446 455 3480; x_wconf 83' lang='lat' dir='ltr'><strong>nam</strong></span> <span class='ocrx_word' id='word_1_202' title='bbox 472 3446 663 3481; x_wconf 79' lang='lat' dir='ltr'><strong>vocem</strong></span> <span class='ocrx_word' id='word_1_203' title='bbox 678 3414 960 3498; x_wconf 51' lang='lat' dir='ltr'><strong>&amp;quinq-oa.-</strong></span> <span class='ocrx_word' id='word_1_204' title='bbox 978 3427 1214 3478; x_wconf 85' lang='lat' dir='ltr'><strong>formare</strong></span> <span class='ocrx_word' id='word_1_205' title='bbox 1233 3445 1347 3480; x_wconf 81' lang='lat' dir='ltr'><strong>non</strong></span> 
     </span>
     <span class='ocr_line' id='line_1_30' title="bbox 331 3501 1347 3579; baseline -0.006 -20"><span class='ocrx_word' id='word_1_206' title='bbox 331 3504 528 3559; x_wconf 81' lang='lat' dir='ltr'><strong>audeo.</strong></span> <span class='ocrx_word' id='word_1_207' title='bbox 554 3507 867 3579; x_wconf 72' lang='lat' dir='ltr'><strong>Suspicatus</strong></span> <span class='ocrx_word' id='word_1_208' title='bbox 888 3507 1045 3558; x_wconf 86' lang='lat' dir='ltr'><strong>etiam</strong></span> <span class='ocrx_word' id='word_1_209' title='bbox 1072 3521 1218 3570; x_wconf 79' lang='lat' dir='ltr'><strong>sum,</strong></span> <span class='ocrx_word' id='word_1_210' title='bbox 1242 3501 1347 3572; x_wconf 65' lang='grc' dir='ltr'><strong>περὶ</strong></span> 
     </span>
     <span class='ocr_line' id='line_1_31' title="bbox 333 3572 1347 3659; baseline -0.006 -20"><span class='ocrx_word' id='word_1_211' title='bbox 333 3585 493 3639; x_wconf 60' lang='lat' dir='ltr'><strong>ebroe?</strong></span> <span class='ocrx_word' id='word_1_212' title='bbox 510 3572 668 3653; x_wconf 69' lang='grc' dir='ltr'><strong>λα’γος.</strong></span> <span class='ocrx_word' id='word_1_213' title='bbox 690 3587 961 3659; x_wconf 86' lang='lat' dir='ltr'><strong>Bipontini</strong></span> <span class='ocrx_word' id='word_1_214' title='bbox 981 3583 1247 3637; x_wconf 83' lang='lat' dir='ltr'><strong>dederunt</strong></span> <span class='ocrx_word' id='word_1_215' title='bbox 1266 3601 1347 3636; x_wconf 72' lang='lat' dir='ltr'><strong>ire-</strong></span> 
     </span>
     <span class='ocr_line' id='line_1_32' title="bbox 332 3654 547 3737; baseline 0.005 -17"><span class='ocrx_word' id='word_1_216' title='bbox 332 3654 547 3737; x_wconf 59' lang='lat' dir='ltr'><strong>fumis.</strong></span> 
     </span>
    </p>

    <p class='ocr_par' dir='ltr' id='par_1_9' title="bbox 331 3745 1351 4040">
     <span class='ocr_line' id='line_1_33' title="bbox 407 3745 1345 3820; baseline -0.002 -22"><span class='ocrx_word' id='word_1_217' title='bbox 407 3745 459 3798; x_wconf 79' lang='lat'><strong>3.</strong></span> <span class='ocrx_word' id='word_1_218' title='bbox 481 3745 823 3820; x_wconf 69' lang='lat' dir='ltr'><strong>Negliyentia</strong></span> <span class='ocrx_word' id='word_1_219' title='bbox 838 3758 889 3800; x_wconf 85' lang='lat' dir='ltr'><strong>et</strong></span> <span class='ocrx_word' id='word_1_220' title='bbox 906 3745 1223 3811; x_wconf 76' lang='lat' dir='ltr'><strong>ambitione,</strong></span> <span class='ocrx_word' id='word_1_221' title='bbox 1244 3757 1345 3797; x_wconf 86' lang='lat' dir='ltr'><strong>etc.</strong></span> 
     </span>
     <span class='ocr_line' id='line_1_34' title="bbox 331 3824 1349 3898; baseline -0.003 -20"><span class='ocrx_word' id='word_1_222' title='bbox 331 3827 411 3879; x_wconf 83' lang='lat' dir='ltr'><strong>Ita</strong></span> <span class='ocrx_word' id='word_1_223' title='bbox 435 3828 741 3898; x_wconf 75' lang='lat' dir='ltr'><strong>scripsimus</strong></span> <span class='ocrx_word' id='word_1_224' title='bbox 765 3845 887 3878; x_wconf 88' lang='lat' dir='ltr'><strong>cum</strong></span> <span class='ocrx_word' id='word_1_225' title='bbox 906 3824 1139 3892; x_wconf 83' lang='lat' dir='ltr'><strong>Wolfio,</strong></span> <span class='ocrx_word' id='word_1_226' title='bbox 1165 3837 1349 3876; x_wconf 83' lang='lat' dir='ltr'><strong>aucto-</strong></span> 
     </span>
     <span class='ocr_line' id='line_1_35' title="bbox 334 3903 1351 3979; baseline -0.003 -20"><span class='ocrx_word' id='word_1_227' title='bbox 334 3906 481 3959; x_wconf 82' lang='lat' dir='ltr'><strong>ribus</strong></span> <span class='ocrx_word' id='word_1_228' title='bbox 520 3903 689 3958; x_wconf 80' lang='lat' dir='ltr'><strong>libris.</strong></span> <span class='ocrx_word' id='word_1_229' title='bbox 726 3905 884 3978; x_wconf 76' lang='lat' dir='ltr'><strong>vulg.</strong></span> <span class='ocrx_word' id='word_1_230' title='bbox 928 3903 1255 3979; x_wconf 43' lang='lat' dir='ltr'><strong>nequ-‹feum-</strong></span> <span class='ocrx_word' id='word_1_231' title='bbox 1284 3905 1351 3956; x_wconf 72' lang='lat' dir='ltr'><strong>ab</strong></span> 
     </span>
     <span class='ocr_line' id='line_1_36' title="bbox 337 3985 918 4040; baseline 0 -2"><span class='ocrx_word' id='word_1_232' title='bbox 337 3987 625 4040; x_wconf 74' lang='lat' dir='ltr'><strong>ambicione</strong></span> <span class='ocrx_word' id='word_1_233' title='bbox 645 3985 800 4040; x_wconf 76' lang='lat' dir='ltr'><strong>nihili</strong></span> <span class='ocrx_word' id='word_1_234' title='bbox 822 3999 918 4039; x_wconf 75' lang='lat' dir='ltr'><strong>est.</strong></span> 
     </span>
    </p>

    <p class='ocr_par' dir='ltr' id='par_1_10' title="bbox 337 4064 1349 4220">
     <span class='ocr_line' id='line_1_37' title="bbox 410 4064 1349 4142; baseline -0.004 -21"><span class='ocrx_word' id='word_1_235' title='bbox 410 4067 461 4136; x_wconf 74' lang='grc'><strong>4.</strong></span> <span class='ocrx_word' id='word_1_236' title='bbox 522 4067 813 4142; x_wconf 66' lang='lat' dir='ltr'><strong>Playosum</strong></span> <span class='ocrx_word' id='word_1_237' title='bbox 860 4087 983 4120; x_wconf 81' lang='lat' dir='ltr'><strong>eum</strong></span> <span class='ocrx_word' id='word_1_238' title='bbox 1034 4064 1311 4138; x_wconf 76' lang='lat' dir='ltr'><strong>appellans</strong></span> <span class='ocrx_word' id='word_1_239' title='bbox 1329 4087 1349 4128; x_wconf 86' lang='lat'><strong>,-</strong></span> 
     </span>
     <span class='ocr_line' id='line_1_38' title="bbox 337 4149 811 4220; baseline -0.006 -18"><span class='ocrx_word' id='word_1_240' title='bbox 337 4149 506 4220; x_wconf 78' lang='lat' dir='ltr'><strong>Epist.</strong></span> <span class='ocrx_word' id='word_1_241' title='bbox 540 4149 615 4215; x_wconf 88' lang='lat'><strong>11,</strong></span> <span class='ocrx_word' id='word_1_242' title='bbox 647 4165 694 4215; x_wconf 82' lang='grc' dir='ltr'><strong>ι,</strong></span> <span class='ocrx_word' id='word_1_243' title='bbox 726 4165 811 4217; x_wconf 85' lang='grc'><strong>70.</strong></span> 
     </span>
    </p>

    <p class='ocr_par' dir='ltr' id='par_1_11' title="bbox 410 4224 1349 4304">
     <span class='ocr_line' id='line_1_39' title="bbox 410 4224 1349 4304; baseline -0.004 -24"><span class='ocrx_word' id='word_1_244' title='bbox 410 4227 460 4280; x_wconf 84' lang='grc'><strong>5.</strong></span> <span class='ocrx_word' id='word_1_245' title='bbox 498 4229 855 4304; x_wconf 65' lang='lat' dir='ltr'><strong>Inter-royano</strong></span> <span class='ocrx_word' id='word_1_246' title='bbox 880 4247 917 4280; x_wconf 73' lang='lat' dir='ltr'><strong>a</strong></span> <span class='ocrx_word' id='word_1_247' title='bbox 940 4224 1177 4282; x_wconf 71' lang='lat' dir='ltr'><strong>Varrone</strong></span> <span class='ocrx_word' id='word_1_248' title='bbox 1192 4261 1216 4291; x_wconf 84' lang='lat'><strong><em>,</em></strong></span> <span class='ocrx_word' id='word_1_249' title='bbox 1248 4235 1349 4276; x_wconf 79' lang='lat' dir='ltr'><strong>ete.</strong></span> 
     </span>
    </p>
   </div>
   <div class='ocr_carea' id='block_1_8' title="bbox 1430 2943 2454 3265">
    <p class='ocr_par' dir='ltr' id='par_1_12' title="bbox 1430 2943 2454 3265">
     <span class='ocr_line' id='line_1_40' title="bbox 1430 2943 2451 3018; baseline -0.005 -17"><span class='ocrx_word' id='word_1_250' title='bbox 1430 2968 1580 3001; x_wconf 87' lang='lat' dir='ltr'><strong>reum</strong></span> <span class='ocrx_word' id='word_1_251' title='bbox 1595 2950 1747 3000; x_wconf 83' lang='lat' dir='ltr'><strong>testis</strong></span> <span class='ocrx_word' id='word_1_252' title='bbox 1761 2968 1774 3008; x_wconf 89' lang='lat'><strong>;</strong></span> <span class='ocrx_word' id='word_1_253' title='bbox 1794 2965 1952 3018; x_wconf 86' lang='lat' dir='ltr'><strong>quem</strong></span> <span class='ocrx_word' id='word_1_254' title='bbox 1966 2943 2138 2998; x_wconf 80' lang='lat' dir='ltr'><strong>Galba</strong></span> <span class='ocrx_word' id='word_1_255' title='bbox 2153 2958 2213 2996; x_wconf 89' lang='lat' dir='ltr'><strong>ut</strong></span> <span class='ocrx_word' id='word_1_256' title='bbox 2226 2944 2451 2996; x_wconf 83' lang='lat' dir='ltr'><strong>confun—</strong></span> 
     </span>
     <span class='ocr_line' id='line_1_41' title="bbox 1433 3024 2450 3096; baseline -0.006 -16"><span class='ocrx_word' id='word_1_257' title='bbox 1433 3025 1599 3094; x_wconf 84' lang='lat' dir='ltr'><strong>deret,</strong></span> <span class='ocrx_word' id='word_1_258' title='bbox 1619 3026 1947 3080; x_wconf 84' lang='lat' dir='ltr'><strong>dissimulata</strong></span> <span class='ocrx_word' id='word_1_259' title='bbox 1961 3024 2296 3096; x_wconf 83' lang='lat' dir='ltr'><strong>professione</strong></span> <span class='ocrx_word' id='word_1_260' title='bbox 2312 3024 2359 3094; x_wconf 87' lang='lat' dir='ltr'><strong>ej</strong></span> <span class='ocrx_word' id='word_1_261' title='bbox 2367 3041 2450 3087; x_wconf 83' lang='lat' dir='ltr'><strong>us,</strong></span> 
     </span>
     <span class='ocr_line' id='line_1_42' title="bbox 1434 3099 2454 3178; baseline -0.008 -18"><span class='ocrx_word' id='word_1_262' title='bbox 1434 3107 1777 3178; x_wconf 69' lang='lat' dir='ltr'><strong>interrogavit</strong></span> <span class='ocrx_word' id='word_1_263' title='bbox 1787 3144 1806 3172; x_wconf 85' lang='lat'><strong>‚</strong></span> <span class='ocrx_word' id='word_1_264' title='bbox 1817 3103 1976 3177; x_wconf 75' lang='lat' dir='ltr'><strong>&#39;Quod</strong></span> <span class='ocrx_word' id='word_1_265' title='bbox 1985 3099 2270 3174; x_wconf 68' lang='lat' dir='ltr'><strong>artificium</strong></span> <span class='ocrx_word' id='word_1_266' title='bbox 2276 3101 2454 3173; x_wconf 75' lang='lat' dir='ltr'><strong>facis?</strong></span> 
     </span>
     <span class='ocr_line' id='line_1_43' title="bbox 1435 3180 2453 3265; baseline -0.011 -23"><span class='ocrx_word' id='word_1_267' title='bbox 1435 3187 1760 3265; x_wconf 83' lang='lat' dir='ltr'><strong>Respondit:</strong></span> <span class='ocrx_word' id='word_1_268' title='bbox 1785 3187 1854 3238; x_wconf 83' lang='lat' dir='ltr'><strong>In</strong></span> <span class='ocrx_word' id='word_1_269' title='bbox 1871 3185 1980 3241; x_wconf 81' lang='lat' dir='ltr'><strong>sole</strong></span> <span class='ocrx_word' id='word_1_270' title='bbox 1997 3185 2175 3262; x_wconf 69' lang='lat' dir='ltr'><strong>qibbos</strong></span> <span class='ocrx_word' id='word_1_271' title='bbox 2193 3181 2333 3236; x_wconf 78' lang='lat' dir='ltr'><strong>soleo</strong></span> <span class='ocrx_word' id='word_1_272' title='bbox 2347 3180 2453 3252; x_wconf 66' lang='lat' dir='ltr'><strong>fvi·</strong></span> 
     </span>
    </p>
   </div>
   <div class='ocr_carea' id='block_1_9' title="bbox 1422 3256 2448 3334">
    <p class='ocr_par' dir='ltr' id='par_1_13' title="bbox 1422 3256 2448 3334">
     <span class='ocr_line' id='line_1_44' title="bbox 1422 3256 2448 3334; baseline -0.012 -12"><span class='ocrx_word' id='word_1_273' title='bbox 1422 3256 1568 3322; x_wconf 59' lang='lat' dir='ltr'><strong>&#39;cai-e.</strong></span> <span class='ocrx_word' id='word_1_274' title='bbox 1589 3293 1611 3318; x_wconf 78' lang='grc' dir='ltr'><strong>ιο</strong></span> <span class='ocrx_word' id='word_1_275' title='bbox 1641 3267 1722 3322; x_wconf 88' lang='lat' dir='ltr'><strong>Cf.</strong></span> <span class='ocrx_word' id='word_1_276' title='bbox 1747 3266 1903 3320; x_wconf 80' lang='lat' dir='ltr'><strong>Galb.</strong></span> <span class='ocrx_word' id='word_1_277' title='bbox 1931 3284 2052 3334; x_wconf 89' lang='lat' dir='ltr'><strong>cap.</strong></span> <span class='ocrx_word' id='word_1_278' title='bbox 2077 3263 2126 3313; x_wconf 87' lang='lat'><strong>3.</strong></span> <span class='ocrx_word' id='word_1_279' title='bbox 2157 3259 2448 3316; x_wconf 82' lang='lat' dir='ltr'><strong>Varronem</strong></span> 
     </span>
    </p>
   </div>
   <div class='ocr_carea' id='block_1_10' title="bbox 1434 3343 2452 3737">
    <p class='ocr_par' dir='ltr' id='par_1_14' title="bbox 1434 3343 2452 3737">
     <span class='ocr_line' id='line_1_45' title="bbox 1436 3343 2450 3418; baseline -0.014 -13"><span class='ocrx_word' id='word_1_280' title='bbox 1436 3353 1750 3416; x_wconf 77' lang='lat' dir='ltr'><strong>Murenam,</strong></span> <span class='ocrx_word' id='word_1_281' title='bbox 1775 3347 1846 3400; x_wconf 84' lang='lat' dir='ltr'><strong>de</strong></span> <span class='ocrx_word' id='word_1_282' title='bbox 1867 3364 1974 3418; x_wconf 87' lang='lat' dir='ltr'><strong>quo</strong></span> <span class='ocrx_word' id='word_1_283' title='bbox 1997 3343 2114 3396; x_wconf 81' lang='lat' dir='ltr'><strong>vide</strong></span> <span class='ocrx_word' id='word_1_284' title='bbox 2132 3343 2359 3412; x_wconf 77' lang='lat' dir='ltr'><strong>August.</strong></span> <span class='ocrx_word' id='word_1_285' title='bbox 2387 3357 2450 3410; x_wconf 83' lang='lat'><strong>¹9</strong></span> 
     </span>
     <span class='ocr_line' id='line_1_46' title="bbox 1437 3419 2451 3497; baseline -0.008 -15"><span class='ocrx_word' id='word_1_286' title='bbox 1437 3446 1491 3483; x_wconf 89' lang='lat' dir='ltr'><strong>et</strong></span> <span class='ocrx_word' id='word_1_287' title='bbox 1522 3431 1618 3497; x_wconf 82' lang='lat'><strong>56,</strong></span> <span class='ocrx_word' id='word_1_288' title='bbox 1645 3428 1824 3482; x_wconf 76' lang='lat' dir='ltr'><strong>Tiber-</strong></span> <span class='ocrx_word' id='word_1_289' title='bbox 1857 3428 1924 3495; x_wconf 83' lang='lat'><strong>8,</strong></span> <span class='ocrx_word' id='word_1_290' title='bbox 1951 3443 2062 3478; x_wconf 84' lang='lat' dir='ltr'><strong>non</strong></span> <span class='ocrx_word' id='word_1_291' title='bbox 2091 3441 2268 3476; x_wconf 80' lang='lat' dir='ltr'><strong>errore</strong></span> <span class='ocrx_word' id='word_1_292' title='bbox 2291 3419 2451 3474; x_wconf 76' lang='lat' dir='ltr'><strong>libra·-</strong></span> 
     </span>
     <span class='ocr_line' id='line_1_47' title="bbox 1438 3499 2450 3576; baseline -0.006 -16"><span class='ocrx_word' id='word_1_293' title='bbox 1438 3511 1636 3560; x_wconf 87' lang='lat' dir='ltr'><strong>riorum</strong></span> <span class='ocrx_word' id='word_1_294' title='bbox 1662 3507 1744 3559; x_wconf 84' lang='lat' dir='ltr'><strong>vel</strong></span> <span class='ocrx_word' id='word_1_295' title='bbox 1763 3505 2036 3576; x_wconf 82' lang='lat' dir='ltr'><strong>scriptoris</strong></span> <span class='ocrx_word' id='word_1_296' title='bbox 2052 3542 2068 3572; x_wconf 83' lang='lat'>,</span> <span class='ocrx_word' id='word_1_297' title='bbox 2095 3499 2186 3556; x_wconf 84' lang='lat' dir='ltr'><strong>sed</strong></span> <span class='ocrx_word' id='word_1_298' title='bbox 2209 3501 2450 3554; x_wconf 82' lang='lat' dir='ltr'><strong>dissensu</strong></span> 
     </span>
     <span class='ocr_line' id='line_1_48' title="bbox 1434 3579 2451 3652; baseline -0.009 -13"><span class='ocrx_word' id='word_1_299' title='bbox 1434 3585 1525 3639; x_wconf 87' lang='lat' dir='ltr'><strong>hic</strong></span> <span class='ocrx_word' id='word_1_300' title='bbox 1554 3587 1846 3652; x_wconf 82' lang='lat' dir='ltr'><strong>nominari,</strong></span> <span class='ocrx_word' id='word_1_301' title='bbox 1880 3585 2138 3637; x_wconf 83' lang='lat' dir='ltr'><strong>existimo.</strong></span> <span class='ocrx_word' id='word_1_302' title='bbox 2170 3579 2330 3648; x_wconf 86' lang='lat' dir='ltr'><strong>Quod</strong></span> <span class='ocrx_word' id='word_1_303' title='bbox 2359 3579 2451 3631; x_wconf 84' lang='lat' dir='ltr'><strong>de-</strong></span> 
     </span>
     <span class='ocr_line' id='line_1_49' title="bbox 1436 3662 2452 3737; baseline -0.007 -18"><span class='ocrx_word' id='word_1_304' title='bbox 1436 3667 1635 3719; x_wconf 77' lang='lat' dir='ltr'><strong>suntin</strong></span> <span class='ocrx_word' id='word_1_305' title='bbox 1657 3667 1880 3737; x_wconf 76' lang='lat' dir='ltr'><strong>antiqua</strong></span> <span class='ocrx_word' id='word_1_306' title='bbox 1895 3663 2126 3717; x_wconf 61' lang='lat' dir='ltr'><strong>alitione</strong></span> <span class='ocrx_word' id='word_1_307' title='bbox 2143 3662 2198 3716; x_wconf 85' lang='lat' dir='ltr'><em>V</em></span> <span class='ocrx_word' id='word_1_308' title='bbox 2194 3677 2382 3714; x_wconf 69' lang='lat' dir='ltr'><strong>anone</strong></span> <span class='ocrx_word' id='word_1_309' title='bbox 2400 3672 2452 3713; x_wconf 86' lang='lat' dir='ltr'><strong>et</strong></span> 
     </span>
    </p>
   </div>
   <div class='ocr_carea' id='block_1_11' title="bbox 1422 3737 2454 3818">
    <p class='ocr_par' dir='ltr' id='par_1_15' title="bbox 1422 3737 2454 3818">
     <span class='ocr_line' id='line_1_50' title="bbox 1422 3737 2454 3818; baseline -0.009 -21"><span class='ocrx_word' id='word_1_310' title='bbox 1422 3754 1627 3818; x_wconf 74' lang='lat' dir='ltr'><strong>,postea</strong></span> <span class='ocrx_word' id='word_1_311' title='bbox 1669 3744 1938 3808; x_wconf 74' lang='lat' dir='ltr'><strong>Murena,</strong></span> <span class='ocrx_word' id='word_1_312' title='bbox 1981 3739 2038 3799; x_wconf 74' lang='lat' dir='ltr'><strong>id</strong></span> <span class='ocrx_word' id='word_1_313' title='bbox 2077 3737 2454 3792; x_wconf 82' lang='lat' dir='ltr'><strong>emendatione</strong></span> 
     </span>
    </p>
   </div>
   <div class='ocr_carea' id='block_1_12' title="bbox 1438 3813 2458 4294">
    <p class='ocr_par' dir='ltr' id='par_1_16' title="bbox 1438 3813 2452 3894">
     <span class='ocr_line' id='line_1_51' title="bbox 1438 3813 2452 3894; baseline -0.009 -19"><span class='ocrx_word' id='word_1_314' title='bbox 1438 3819 1556 3875; x_wconf 79' lang='lat' dir='ltr'><strong>fieri</strong></span> <span class='ocrx_word' id='word_1_315' title='bbox 1589 3823 1783 3894; x_wconf 84' lang='lat' dir='ltr'><strong>potuit.</strong></span> <span class='ocrx_word' id='word_1_316' title='bbox 1823 3819 2136 3872; x_wconf 80' lang='lat' dir='ltr'><strong>Necessario</strong></span> <span class='ocrx_word' id='word_1_317' title='bbox 2176 3819 2318 3868; x_wconf 85' lang='lat' dir='ltr'><strong>enim</strong></span> <span class='ocrx_word' id='word_1_318' title='bbox 2355 3813 2452 3868; x_wconf 81' lang='lat' dir='ltr'><strong>ad-</strong></span> 
     </span>
    </p>

    <p class='ocr_par' dir='ltr' id='par_1_17' title="bbox 1438 3894 2453 4056">
     <span class='ocr_line' id='line_1_52' title="bbox 1438 3894 2453 4056; baseline -0.008 -18"><span class='ocrx_word' id='word_1_319' title='bbox 1438 3901 1574 4050; x_wconf 53' lang='lat' dir='ltr'><strong>ZTs‘,</strong></span> <span class='ocrx_word' id='word_1_320' title='bbox 1592 3894 2453 4056; x_wconf 53' lang='lat' dir='ltr'><strong>‘ffssssi‘qfflffl&#39;ssffffissdiss</strong></span> 
     </span>
    </p>

    <p class='ocr_par' dir='ltr' id='par_1_18' title="bbox 1441 4055 2456 4136">
     <span class='ocr_line' id='line_1_53' title="bbox 1441 4055 2456 4136; baseline -0.01 -20"><span class='ocrx_word' id='word_1_321' title='bbox 1441 4064 1703 4136; x_wconf 83' lang='lat' dir='ltr'><strong>scriptore</strong></span> <span class='ocrx_word' id='word_1_322' title='bbox 1716 4061 2000 4132; x_wconf 79' lang='lat' dir='ltr'><strong>reperisset</strong></span> <span class='ocrx_word' id='word_1_323' title='bbox 2013 4057 2091 4109; x_wconf 86' lang='lat' dir='ltr'><strong>vir</strong></span> <span class='ocrx_word' id='word_1_324' title='bbox 2106 4055 2326 4128; x_wconf 85' lang='lat' dir='ltr'><strong>quidam</strong></span> <span class='ocrx_word' id='word_1_325' title='bbox 2341 4073 2456 4112; x_wconf 82' lang='lat' dir='ltr'><strong>eru-</strong></span> 
     </span>
    </p>

    <p class='ocr_par' dir='ltr' id='par_1_19' title="bbox 1440 4131 2458 4294">
     <span class='ocr_line' id='line_1_54' title="bbox 1440 4131 2458 4294; baseline -0.011 -18"><span class='ocrx_word' id='word_1_326' title='bbox 1440 4135 2254 4294; x_wconf 45' lang='lat' dir='ltr'><strong>ffiliiffiffi‘ssffiffloe’</strong></span> <span class='ocrx_word' id='word_1_327' title='bbox 2271 4131 2458 4194; x_wconf 52' lang='lat'><strong>“⁸¹³⁹</strong></span> 
     </span>
     <span class='ocr_line' id='line_1_55' title="bbox 1639 4259 1656 4290; baseline 0 0"><span class='ocrx_word' id='word_1_328' title='bbox 1639 4259 1656 4290; x_wconf 72' lang='lat' dir='ltr'><strong>i</strong></span> 
     </span>
    </p>
   </div>
  </div>
 </body>
</html>
