3050 5004
1171 494 1502 563 GALBA.
2247 491 2381 560 265

291 628 494 723 longe
525 649 958 724 percussores
991 626 1248 696 abesse.
1283 624 1484 695 Haud
1519 625 1737 695 multo
1768 628 1925 717 post
1942 646 1969 679 ²
2006 630 2379 725 cognoscit,

295 745 508 813 teneri
537 756 754 809 castra
789 740 876 809 ab
911 738 1216 807 Othone:
1255 763 1336 807 ac
1373 738 1747 836 plerisque,
1780 758 1859 809 ut
1878 742 2117 813 eodem
2156 769 2385 840 quam·

290 858 590 948 primum
619 868 956 946 pergeret,
989 850 1474 919 suadentibus3-
1501 856 1737 945 (posse
1768 857 1947 921 enim
1987 860 2383 925 auctoritate

293 982 362 1033 et
390 965 753 1057 praesentia
783 960 1178 1055 praevalere)
1199 1014 1216 1045 ,
1243 961 1413 1029 nihil
1441 962 1767 1055 amplius»,
1802 988 2013 1058 quam
2040 969 2386 1035 continere

293 1100 398 1157 se,
423 1078 692 1159 statuit,
717 1090 785 1143 et
805 1073 1326 1165 legionariorum
1347 1073 1617 1143 firmare
1642 1074 1967 1167 praesidiis
1982 1130 2000 1161 ,
2020 1080 2139 1172 qui
2162 1077 2388 1147 multi·
2422 1102 2429 1111 ·

293 1184 534 1255 fariam
561 1184 960 1278 diverseque
990 1181 1380 1253 tendebant.
1419 1187 1727 1254 Loricam
1754 1202 1981 1283 tamen
2014 1186 2239 1256 induit
2261 1188 2387 1255 lin·

293 1296 544 1381 team4,
585 1320 1000 1393 quamquam
1046 1294 1230 1363 haud
1267 1294 1703 1365 dissimulans
1721 1350 1738 1380 ,
1777 1322 2017 1390 parum
2060 1298 2387 1367 adversus

293 1424 396 1477 tot
423 1430 782 1477 mucrones
819 1405 1268 1499 profuturam.
1309 1404 1436 1474 Sed
1473 1424 1813 1477 extractus
1850 1409 2237 1478 rumoribus
2272 1409 2389 1478 fal-

297 1520 456 1603 sis⁵,
495 1542 668 1615 quos
705 1519 1102 1611 conspirati,
1141 1533 1219 1586 ut
1247 1542 1404 1585 eum
1433 1520 1506 1585 in
1536 1518 1883 1610 publicum
1922 1518 2268 1604 elicerent,
2302 1521 2389 1591 de

295 1628 626 1699 industria
649 1628 1084 1721 dissiparant,
1101 1632 1334 1721 paucis
1357 1645 1611 1698 temere
1628 1628 2123 1699 affirmantibus
2142 1686 2159 1714 ,
2184 1648 2393 1700 trans-

297 1759 524 1835 actum
543 1742 914 1833 negotium,
935 1762 1296 1832 oppressos
1309 1742 1426 1833 qui
1447 1738 2055 1824 tumultuarentur,
2072 1742 2393 1811 advenire

297 1850 684 1944 frequentes
705 1866 962 1917 ceteros
987 1847 1520 1940 gratulabundos
1536 1902 1553 1933 ,
1578 1866 1646 1917 et
1670 1854 1740 1918 in
1764 1875 1967 1919 omne
1988 1851 2391 1947 obsequium

299 1976 608 2053 paratos-»3
641 1958 748 2027 his
771 1977 849 2027 ut
870 1974 1284 2039 occurreret,
1309 1958 1561 2051 prodiit
1584 1976 1767 2028 tanta
1790 1960 2067 2045 fiducia,
2095 1979 2171 2028 ut
2196 1960 2391 2029 militi

299 2068 568 2139 cuidam
583 2122 600 2151 ,
617 2073 915 2138 occisum
937 2094 973 2137 a
995 2092 1068 2137 se
1085 2069 1424 2138 Othonem
1445 2069 1756 2163 glorianti
1772 2123 1789 2153 ,
1816 2100 1843 2131 α
1860 2075 2009 2157 Quo
2028 2078 2339 2140 auctore?
2356 2103 2383 2132 n

300 2178 794 2275 responderit⁶z
834 2198 1038 2277 atque
1065 2182 1136 2249 in
1157 2186 1410 2249 Forum
1446 2206 1665 2277 usque
1698 2184 2043 2274 processit.
2082 2181 2182 2249 lbi
2216 2184 2395 2277 equi·

1574 2297 1616 2352 Ι

373 2396 422 2431 a.
459 2379 624 2431 Hand
642 2378 810 2433 multo
833 2389 982 2451 post,
1011 2392 1112 2433 etc.
1139 2378 1296 2433 Conf.
1393 2380 1626 2433 exitium.
1645 2381 1759 2434 Nec
1778 2378 1975 2431 diutius
1992 2379 2166 2432 Galba
2181 2390 2395 2431 cuncta-

304 2457 564 2512 Plutarch.
590 2478 709 2530 cap.
744 2456 827 2512 25.
856 2458 1028 2512 Tacit.
1057 2478 1178 2532 cap.
1206 2474 1302 2530 29:

309 2541 561 2610 «lgmms
593 2541 800 2594 interim
836 2539 1008 2592 Galba
1049 2555 1102 2592 et
1139 2541 1304 2592 sacris

305 2619 564 2684 intentus,
599 2619 855 2690 fatigabat
887 2618 1044 2672 alieni
1065 2621 1175 2689 jam
1203 2621 1306 2670 im-

303 2699 438 2768 perii
453 2699 596 2752 Deos
611 2733 630 2762 ,
655 2718 822 2770 quum
845 2699 1070 2752 affertur
1093 2717 1302 2763 rumor,

305 2779 420 2848 rapi
459 2779 518 2830 in
543 2779 992 2832 castm't'ncemm
1019 2797 1174 2850 quem
1209 2779 1304 2832 Se·-

303 2867 564 2922 utorem,
589 2875 743 2922 mox,
771 2857 1032 2910 othonem
1059 2876 1190 2920 esse,
1215 2857 1308 2928 qui

305 2942 596 3004 raperetur-,-
633 2935 788 2987 simul
814 2954 876 2987 ex
901 2949 1012 2988 tota
1035 2935 1209 3001 Urbe,
1245 2947 1307 2988 ut

304 3012 528 3082 quisque
551 3011 742 3066 obvius
769 3013 972 3076 fuerat,
1009 3013 1100 3066 alii
1119 3015 1306 3066 formi-

303 3089 481 3144 dinem
514 3105 803 3162 augentes,
839 3091 1054 3163 quidam
1097 3093 1307 3144 minore

301 3189 457 3237 vero,
481 3190 550 3224 ne
569 3185 681 3224 tum
705 3170 920 3244 quidem
949 3170 1104 3224 obliti
1126 3170 1306 3225 adula-

301 3250 494 3314 tionis,
519 3262 653 3302 etc.-

372 3329 426 3381 3.
457 3329 538 3382 Ac
573 3327 927 3401 plerisque.....
959 3328 1304 3382 suadentibus.

300 3407 472 3459 Tacit.
491 3425 610 3480 cap.
635 3407 706 3460 32
719 3429 734 3458 z
768 3429 792 3454 ι
807 3405 1032 3460 Galbam
1053 3405 1169 3460 due
1189 3425 1306 3460 sen-

301 3488 476 3540 tentiae
497 3484 840 3540 distinebant.
867 3487 931 3537 Τ.
947 3486 1134 3540 Vinius
1149 3523 1167 3552 ‚
1191 3505 1305 3539 ma-

301 3565 534 3617 nendum
564 3565 700 3617 intra
727 3564 969 3624 domum3
995 3563 1306 3636 opponenda

300 3645 508 3696 servitia
517 3640 834 3716 ,firmandos
845 3643 1044 3710 aditus,
1061 3660 1168 3696 non
1181 3661 1306 3694 eun·

302 3721 428 3773 dum
459 3724 531 3776 ad
557 3725 750 3788 iratos,
787 3719 1100 3774 censebat...
1145 3721 1308 3774 Festi-

307 3802 540 3854 nandum
581 3802 768 3854 ceteris
807 3799 1118 3867 videbatur,
1157 3809 1308 3852 ante-

305 3899 460 3952 quam
480 3893 720 3936 cresceret
739 3881 974 3934 invalida
989 3881 1163 3934 adhuc
1179 3899 1308 3932 con-

293 3961 496 4030 juratio
514 3977 863 4033 paucorum...
904 3959 1305 4030 Repugnantem

309 4035 432 4092 buic
451 4041 722 4092 sententio
741 4041 957 4092 Vinium
977 4041 1118 4092 Laco
1135 4040 1308 4090 mina-

311 4117 438 4170 citer
457 4120 676 4186 invasit,
691 4117 994 4172 stimulante
1011 4117 1184 4182 Icelo,
1201 4118 1307 4188 pri·

311 4199 412 4249 vati
440 4197 554 4250 odii
589 4198 914 4270 pertinacia,
947 4199 1000 4250 in
1035 4195 1308 4268 publicum

1390 2473 1478 2516 tus
1501 2500 1518 2526 ,
1560 2464 1884 2534 speciosiora
1921 2459 2267 2514 suadentibus
2310 2476 2397 2512 ac-

1393 2541 1567 2592 cessit.
1606 2540 1907 2591 Pit-missus
1934 2551 2109 2591 tamen
2139 2541 2191 2590 in
2221 2549 2395 2590 castra

1391 2619 1542 2685 Piso,
1566 2631 1699 2672 etc.n
1728 2619 1810 2670 Cf.
1827 2617 2091 2671 Plutarch.
2118 2637 2234 2688 cap.
2264 2617 2346 2669 26.

1463 2698 1514 2766 4.
1574 2699 1811 2752 Loricam
1854 2711 2029 2751 tamen
2076 2698 2249 2750 induit
2290 2696 2397 2748 lin-

1394 2790 1549 2830 team.
1604 2779 1777 2830 Tacit.
1824 2795 1943 2849 cap.
1987 2775 2055 2830 35
2076 2815 2093 2840 ,
2138 2775 2395 2842 Galbam,

1391 2867 1563 2908 sumto
1602 2856 1834 2924 thorace,
1876 2854 2007 2910 sella
2045 2855 2307 2920 levatum,
2344 2868 2399 2908 et

1393 2931 1655 2987 Plutarch.
1690 2954 1932 3007 quoque,
1962 2954 2081 3006 cap.
2114 2953 2207 3006 27,
2232 2935 2399 2986 msa·-

1393 3011 1661 3082 μυιισμὸνον
1692 3013 1892 3067 dieunt.
1928 3016 2007 3067 De
2040 3013 2203 3066 lintea
2232 3014 2396 3067 lorica

1393 3091 1514 3146 vide
1541 3094 1781 3146 Torrent.
1814 3107 1867 3146 et
1893 3093 2119 3146 Casanb.
2157 3092 2225 3144 ad
2255 3093 2397 3146 huuc

1394 3171 1603 3237 locum,
1626 3188 1679 3226 et
1702 3193 1835 3246 quos
1864 3177 2043 3226 citavit
2066 3175 2309 3227 Pitisrns.

1467 3253 1516 3306 5.
1543 3255 1646 3308 Sed
1656 3265 1909 3308 extractus
1928 3252 2397 3325 rumoribusfalst's,

1395 3344 1497 3384 etc.
1544 3334 1713 3386 Tacit.
1757 3351 1879 3404 cap.
1930 3331 2030 3398 34,
2086 3355 2109 3379 ιι
2130 3334 2229 3386 Vix
2269 3331 2395 3383 dum

1395 3427 1607 3479 egresso
1637 3412 1853 3475 Pisone,
1878 3412 2111 3462 occisum
2136 3412 2189 3461 in
2214 3410 2397 3463 castris

1393 3487 1663 3542 Othonem
1676 3527 1694 3556 ‚
1720 3507 1885 3560 vagus
1904 3491 2137 3560 primum
2158 3503 2209 3542 et
2225 3490 2399 3540 incer-

1395 3581 1480 3620 tus
1525 3587 1739 3630 rumor;
1782 3585 1944 3632 mox,
1996 3583 2056 3620 ut
2094 3571 2149 3620 in
2192 3569 2397 3638 magnis

1395 3645 1717 3710 mendaciis,
1756 3646 2059 3698 interfuisse
2086 3663 2145 3698 se
2180 3643 2397 3716 quidam

1396 3737 1450 3777 et
1492 3723 1716 3793 vidisse,
1766 3723 2134 3788 affirmabant,
2183 3720 2396 3775 credula

1393 3803 1537 3855 fama
1556 3807 1695 3857 inter
1707 3802 1995 3874 gaudentes
2010 3803 2395 3855 erint-nriosos.

1395 3884 1555 3936 Multi
1592 3884 2009 3949 arbitrabantur,
2057 3883 2395 3954 compositum

1395 3974 1707 4036 auctamque
1746 3981 1999 4016 rumorem
2016 3999 2034 4028 ‚
2080 3963 2259 4014 mixtis
2274 3962 2396 4031 jam

1401 4039 1732 4103 Othonianis,
1750 4041 1841 4112 qui
1850 4041 1921 4092 ad
1931 4040 2252 4092 evocandum
2272 4034 2399 4090 Gal-

1397 4119 1516 4172 bam
1540 4117 1816 4190 loetafalso
1834 4116 2175 4192 vtdqaverint.
2194 4137 2217 4162 ο

1467 4195 1518 4248 6.
1550 4196 1661 4266 Quo
1678 4195 1923 4248 auctore?
1946 4191 2268 4266 responderit.
2294 4191 2400 4242 Ta·-
