3050 5004
1078 497 1752 565 vEsPAslANUs.
2343 498 2475 585 327

361 627 823 719 principatum
861 646 1083 719 usque
1117 627 1473 717 processit.
1508 623 1698 693 Polla
1711 677 1730 708 ,
1765 580 2030 693 Nursiae
2059 624 2346 695 honesto
2379 648 2486 717 ge-

362 762 527 807 nere
558 752 709 805 orta
722 790 741 820 ‚
766 752 1035 831 putrem
1065 734 1305 803 habuit
1336 738 1738 829 Vespasium
1767 734 2138 805 Pollionem
2153 788 2174 821 ‚
2205 752 2308 805 ter
2333 740 2484 803 Tri-

362 846 633 915 bunum
659 846 988 929 militum,
1016 845 1560 939 Praefectumque
1585 844 2044 929 cusu-orum83
2075 846 2352 914 fratrem
2381 850 2488 915 Se·
2601 854 2622 881 ⁹

362 975 673 1027 notorem
694 962 1029 1052 praetoriae
1052 958 1417 1051 dignitatis.
1442 962 1665 1027 Locus
1689 960 1897 1027 etism
1912 981 2098 1027 nunc
2113 956 2202 1027 sd
2219 975 2486 1026 sextum

362 1070 759 1139 milliarium
776 1096 817 1141 a
836 1072 1081 1141 Nursia
1098 1069 1469 1162 Spoletium
1484 1086 1515 1133 9
1539 1070 1858 1141 euntibus
1877 1073 1950 1139 in
1965 1086 2198 1148 monte
2217 1093 2487 1139 summo

364 1181 752 1275 appellatur
778 1184 1161 1275 Vespasiae3
1196 1182 1313 1251 ubi
1344 1183 1828 1275 Vespasiorum
1859 1181 2216 1275 complura
2241 1206 2486 1250 monu-

364 1310 599 1361 menta
634 1309 935 1376 exstant,
972 1317 1299 1385 magnum
1338 1290 1662 1361 indicium
1699 1289 2082 1385 splendoris
2121 1290 2394 1359 familiae
2419 1310 2490 1359 et

366 1408 741 1480 vetustatis.
788 1410 943 1475 Non
976 1408 1367 1498 negaverim
1383 1459 1401 1487 ‚
1439 1402 1770 1498 jactatum
1806 1430 1848 1473 a
1883 1404 2292 1500 quibusdam
2309 1456 2328 1487 ,
2368 1410 2487 1472 Pe·

370 1518 585 1587 tronis
626 1534 890 1609 patrem
936 1542 975 1585 e
1010 1521 1289 1610 regione
1306 1516 1818 1611 ‘Transpadana
1857 1516 2068 1585 fuisse
2105 1520 2490 1610 mancipem
2599 1574 2608 1581 .

368 1650 735 1719 operarum
755 1642 809 1675 ¹⁰
822 1678 843 1710 ,
860 1652 1015 1722 quae
1030 1653 1113 1696 ex
1132 1628 1409 1697 Umbris
1432 1630 1501 1695 in
1523 1627 1804 1697 Sabinos
1823 1626 1912 1695 ad
1931 1625 2267 1695 culturam
2293 1650 2488 1719 agro·

369 1760 527 1805 rum
552 1740 915 1831 quotannis
938 1762 1322 1807 commeare
1352 1738 1618 1807 soleant
1635 1748 1649 1777 ¹
1663 1748 1721 1819 ¹3
1753 1737 2138 1809 subsedisse
2159 1754 2388 1805 autem
2417 1740 2488 1804 in

368 1845 624 1939 oppido
661 1850 975 1943 Reatino,
1016 1870 1228 1915 uxore
1264 1846 1513 1915 ibidem
1555 1844 1780 1915 ducta.
1819 1850 1974 1940 Ipse
2007 1870 2096 1915 ne
2133 1847 2488 1936 vestigium

370 1956 651 2052 quidem
668 1956 754 2026 de
774 1958 905 2026 hoc
920 2010 939 2041 ,
960 1960 1269 2052 quamvis
1294 1960 1453 2025 satis
1478 1961 1744 2025 curiose
1767 1959 2182 2052 inquirerem
2199 2009 2216 2039 ‚
2237 1957 2484 2025 inveni.

468 2071 552 2134 11.
592 2069 1046 2160 Vespasianus
1074 2082 1277 2134 natus
1315 2084 1417 2133 est
1452 2068 1521 2133 in
1561 2066 1820 2135 Sabinis
1849 2066 2032 2135 ultra
2065 2072 2301 2148 Reate,
2337 2068 2487 2133 vico

372 2176 673 2259 modico,
699 2178 806 2243 cui
830 2200 1080 2245 nomen
1110 2194 1213 2244 est
1236 2176 1632 2245 Phalacrine
1651 2187 1698 2261 ¹,
1725 2176 2224 2271 quintodecimo
2249 2175 2490 2247 Kalen-

372 2287 495 2359 das
514 2288 931 2369 Decembris,
951 2291 1253 2382 vesperi,
1270 2294 1352 2374 Q.
1378 2288 1672 2381 Sulpicio
1689 2292 2072 2369 Camerino,
2091 2294 2164 2357 C.
2193 2294 2504 2382 Poppaeo*

372 2398 653 2482 Sabine,
676 2398 1085 2467 Consulibus
1102 2416 1164 2501 ²?
1196 2401 1664 2495 quinquennio
1689 2414 1877 2483 ante,
1909 2422 2116 2495 quam
2145 2405 2486 2493 Augustus

374 2631 578 2672 ctumm
629 2619 773 2674 Urbis
790 2658 809 2686 ‚
852 2633 955 2674 etc.
994 2620 1096 2676 snb
1138 2623 1353 2674 Nerone
1368 2655 1387 2686 ‚

376 2712 665 2770 motusque
702 2698 959 2770 dignitate
994 2721 1023 2752 s
1052 2701 1223 2754 Gslba
1237 2740 1255 2768 ‚
1292 2702 1391 2754 ite-

374 2795 491 2830 rum
513 2777 615 2830 sub
634 2777 869 2832 Othone.
885 2781 1057 2833 Tacit.
1076 2783 1211 2834 flist.
1230 2785 1281 2846 1,
1300 2781 1389 2847 46,

380 2882 403 2906 a
420 2858 549 2912 Urbi
568 2859 809 2912 Flavium
824 2861 1077 2914 Sabinum
1100 2864 1389 2933 praefecero

372 2936 655 3010 (milites),
668 2937 933 3008 judicium
948 2942 1174 2996 Neronis
1190 2943 1390 3008 secuti,

376 3016 479 3070 sub
509 3035 619 3089 quo
658 3018 903 3072 eumdem
935 3039 1117 3074 curum
1144 3020 1391 3074 obtinue-

374 3111 483 3162 ηις
494 3097 765 3170 plerisque
776 3101 1159 3171 Vespasianum
1170 3103 1393 3154 fratrem

374 3180 431 3230 in
450 3197 517 3232 eo
542 3179 969 3249 respicientibus.
988 3205 1011 3228 ιι
1034 3182 1141 3253 lpsi
1160 3181 1393 3244 Othoni,

378 3257 529 3330 qnod
551 3259 667 3327 ejus
689 3261 907 3312 nomine
930 3260 1135 3312 factum
1162 3279 1195 3312 s
1216 3259 1393 3312 militi-

374 3335 507 3402 bus,
530 3335 718 3388 tribuit
732 3335 1002 3390 Plutarch.
1023 3337 1150 3391 oth.
1173 3337 1224 3392 6.
1241 3339 1393 3390 Com·

375 3428 702 3468 memoratur
714 3416 909 3468 iterum
926 3431 987 3468 ut
1003 3419 1283 3472 Pnefectus
1299 3421 1395 3471 Ur·

376 3492 461 3546 bis
486 3511 518 3546 n
540 3494 709 3546 Tacit.
732 3495 809 3560 11,
833 3495 921 3548 63.

450 3573 502 3626 8.
534 3573 954 3646 Proefectumque
976 3582 1277 3626 castrorum.
1302 3573 1396 3624 Vi·

378 3647 447 3702 de
470 3649 617 3724 Lips.
652 3651 867 3704 Excurs.
905 3647 975 3702 ad
1002 3649 1171 3702 Tacit.
1200 3650 1393 3702 Annal.

380 3733 433 3798 1,
458 3745 544 3784 πο.
567 3729 703 3782 Edit.
729 3743 871 3784 nost.
895 3744 930 3780 t.
957 3731 1047 3792 lv,
1069 3749 1125 3801 p.
1152 3729 1272 3784 335.
1299 3731 1393 3784 En.

452 3825 505 3878 9.
552 3807 861 3884 Spoletium.
906 3810 987 3860 lta
1027 3811 1215 3878 optimi
1256 3810 1393 3862 libri.

379 3885 537 3958 vulg.
554 3885 827 3958 Spoletum
836 3927 855 3954 ,
874 3907 935 3942 ex
952 3889 1139 3940 seriori
1159 3890 1396 3944 scribem-

382 3966 440 4020 di
463 3967 868 4022 consuetudine.
895 3965 1024 4022 Vide
1048 3967 1256 4020 Cluver.
1278 3968 1393 4022 11⁸1.

382 4047 507 4098 Ant.
530 4065 651 4120 cap.
672 4047 725 4116 6,
744 4065 868 4120 pag.
890 4043 1017 4114 632,
1037 4059 1091 4100 et
1108 4048 1393 4100 Burmann.

386 4123 455 4176 ad
478 4121 625 4176 hunc
643 4125 843 4178 locum.

468 4219 547 4256 ιο.
570 4203 741 4258 Fuisse
763 4205 1061 4277 muricipem
1088 4223 1361 4277 operarum
1378 4243 1396 4274 ,

1476 2634 1580 2680 etc.
1611 2621 1716 2676 hoc
1739 2636 1846 2690 est,
1874 2625 1968 2694 qui
1995 2620 2335 2676 conducebat
2357 2639 2487 2692 ope·

1477 2720 1564 2754 ras
1583 2699 1728 2766 illas,
1751 2717 1804 2754 et
1824 2704 2013 2773 majori
2031 2701 2304 2767 mercede,
2323 2719 2486 2773 quam

1474 2781 1590 2850 ipse
1617 2779 1868 2848 dederat,
1899 2781 2298 2852 possessoribus
2325 2799 2488 2854 agro-

1476 2879 1594 2912 rum
1619 2861 1882 2916 elucebat.
1907 2865 1988 2916 De
2010 2881 2126 2914 voc.
2151 2881 2398 2935 manceps
2411 2865 2489 2916 vi·

1478 2937 1547 2992 de
1570 2937 1741 2992 Cicer.
1767 2954 1907 2994 nost.
1931 2940 2096 2994 Indic.
2121 2943 2292 2994 Latin.

1558 3036 1575 3070 ι
1593 3036 1638 3070 1.
1675 3019 1910 3074 Saleant.
1935 3023 2015 3073 Ita
2043 3024 2258 3074 Memm.
2293 3021 2490 3096 aliique

1477 3097 1650 3152 codd.
1677 3100 1838 3172 Vulg.
1866 3099 2092 3156 solerent
2103 3139 2122 3168 ,
2155 3101 2304 3176 quod
2335 3103 2492 3156 unice

1478 3195 1664 3228 verum
1683 3191 1869 3231 censet
1883 3182 2085 3232 Ernest.
2105 3180 2177 3232 ob
2196 3181 2494 3253 preceden-

1482 3257 1555 3308 tis
1564 3259 1868 3329 jactatum,
1881 3258 2078 3330 fuisse,
2105 3277 2219 3333 quse
2245 3262 2496 3333 imperfe-

1482 3347 1630 3388 ctum
1661 3336 1934 3406 requirere
1960 3333 2106 3389 dicit.
2135 3337 2239 3390 Sed
2269 3337 2408 3394 bene
2435 3357 2496 3392 se

1481 3413 1645 3467 habet
1685 3413 1890 3468 soleant
1905 3452 1924 3480 ,
1967 3417 2014 3468 si
2053 3415 2192 3472 idom
2235 3436 2350 3470 mos
2391 3419 2494 3470 fuit

1484 3495 1664 3565 operis
1691 3491 1796 3546 iuis
1830 3507 2070 3567 tempore
2101 3495 2278 3550 adhuc
2302 3499 2498 3550 Sueto-

1484 3575 1577 3625 nii.
1603 3576 1716 3626 lmo
1737 3575 2112 3645 imperfectum
2131 3595 2194 3628 ex
2215 3579 2496 3630 correctio·

1485 3671 1554 3704 ne
1580 3653 1809 3720 videtur,
1839 3667 1900 3706 ut
1929 3653 2104 3708 Budaei
2127 3653 2314 3708 solent.

1555 3733 1620 3782 11.
1649 3750 1665 3783 1
1679 3769 1694 3782 .
1725 3732 1818 3787 Cui
1839 3751 2034 3786 nomen
2055 3746 2130 3787 est
2151 3733 2498 3795 Phalacrinae,

1488 3810 1568 3864 vel
1600 3810 1875 3863 Falacrine
1903 3827 1954 3864 et
1982 3811 2383 3866 Phalacrt'uum.
2408 3813 2500 3866 Vi·-

1487 3889 1556 3944 de
1567 3890 1776 3944 Cluver.
1791 3891 1910 3944 Ital.
1923 3893 2050 3946 Ant.
2066 3910 2184 3964 pag.
2201 3892 2305 3963 687
2323 3894 2500 3953 3Wes—

1486 3969 1678 4041 seling.
1709 3969 1779 4022 ad
1802 3973 2053 4026 Antonin.
2079 3976 2256 4028 Itiner-
2282 3991 2335 4044 p.
2365 3974 2466 4043 307
2482 3993 2502 4034 ς

1486 4047 1679 4101 Cellsr.
1695 4049 1888 4120 Geogr.
1905 4051 2030 4100 Ant.
2049 4051 2123 4111 11,
2146 4068 2208 4119 9,
2226 4069 2350 4122 pag.
2373 4068 2495 4122 779.

1562 4147 1612 4181 2.
1657 4129 1716 4199 Q.
1749 4128 2043 4200 Sulpicio...
2071 4129 2400 4194 Gon-edibus,-
2431 4133 2498 4181 A.

1489 4211 1556 4261 U.
1573 4207 1694 4278 762.
1711 4210 1980 4278 Augustus
1995 4211 2220 4262 excessit
2233 4227 2358 4264 nnn.
2374 4209 2506 4280 767..
