3050 5004
940 454 1443 521 ExcURsns
1489 456 1701 522 x·111.
2242 462 2373 551 493

271 582 676 654 explicationem
707 578 870 651 hujus
903 579 1008 633 loci
1036 580 1244 633 videtur
1271 580 1376 633 hoc
1393 620 1410 647 ,
1445 582 1593 654 quod
1618 580 1923 654 repudiatio
1958 585 2205 638 Domitiae
2232 588 2375 641 facta

269 660 464 713 dicitur
481 662 618 711 inter
631 658 786 710 initia
811 657 1017 731 imperii
1031 680 1049 711 t
1079 677 1194 730 quoe
1216 658 1376 713 verba
1400 679 1512 712 non
1536 662 1665 713 satis
1690 662 1976 715 attendisse
1997 664 2246 718 videntur
2262 666 2376 718 Viri

267 740 430 793 docti.
463 741 599 793 Nam
621 740 666 791 si
689 736 985 791 secundum
1011 738 1348 792 consulatum
1375 738 1444 795 dc
1469 740 1743 793 ordinario
1769 741 2007 794 secundo
2032 747 2298 816 capimus,
2322 758 2376 798 et

266 822 492 875 alterum
513 838 712 872 annum
737 818 804 871 de
829 816 996 871 altero
1021 837 1166 871 anno
1189 832 1314 891 post
1339 820 1677 873 consulatum
1702 823 1991 875 secundum
2017 824 2373 893 ordinarium,

263 902 550 955 divortium
587 900 654 952 ad
689 900 964 952 minimum
1003 898 1144 954 cadit
1180 903 1236 953 in
1275 904 1487 955 tertium
1533 921 1729 955 annum
1768 906 1977 976 imperii
2013 908 2336 959 Domitianei
2358 930 2373 961 ε

265 980 414 1053 quod
441 979 572 1032 mihi
603 997 712 1031 non
737 978 954 1033 videtur
975 982 1102 1031 satis
1130 982 1417 1033 convenire
1439 980 1615 1035 verbis
1634 983 1745 1035 istis
1761 1020 1778 1049 ,
1801 984 1940 1034 inter
1962 984 2117 1035 initia
2145 986 2369 1057 imperii.

265 1062 440 1133 Atque
460 1078 559 1131 ego
590 1078 698 1112 non
728 1059 916 1129 ignoro
933 1098 950 1125 ,
978 1059 1079 1109 ista
1105 1058 1264 1111 verba
1292 1059 1454 1110 modo
1483 1059 1675 1125 latius,
1700 1060 1861 1112 modo
1890 1066 2163 1131 angustius
2189 1075 2372 1134 patere

261 1140 406 1211 apud
431 1142 748 1209 scriptores:
775 1138 871 1191 sed
893 1151 1071 1190 tamen
1092 1139 1238 1210 apud
1262 1140 1575 1193 Suetonium
1601 1142 1712 1192 fere
1735 1139 1803 1193 de
1825 1144 1995 1212 primo
2020 1160 2162 1194 anno
2184 1141 2372 1195 dicun-

261 1233 364 1272 tur.
395 1221 480 1273 Sic
509 1221 562 1271 in
593 1218 784 1271 Claud.
809 1238 857 1269 c.
881 1236 911 1289 7
929 1256 946 1284 ,
980 1242 1003 1265 α
1024 1217 1132 1271 sah
1157 1220 1286 1271 Caio
1302 1258 1320 1286 ,
1345 1221 1518 1273 fratris
1544 1221 1654 1273 filio
1670 1260 1689 1286 ,
1714 1220 2001 1273 secundam
2028 1223 2370 1275 existimatio-

261 1320 382 1352 nem
407 1302 549 1353 circa
569 1301 717 1351 initia
737 1300 948 1369 imperii
973 1299 1223 1353 omnibus
1251 1300 1529 1355 lenociniis
1554 1301 1865 1371 colligente3
1886 1324 1909 1349 υ
1934 1300 2028 1355 ubi
2050 1304 2253 1374 primus
2273 1321 2371 1355 an-

262 1400 362 1433 nus
391 1379 790 1451 intelligendus.
821 1379 977 1433 Conf.
1009 1380 1176 1446 infra,
1203 1400 1253 1433 c.
1283 1399 1317 1450 9
1345 1383 1462 1433 init.

329 1460 490 1528 Quod
517 1462 560 1512 si
585 1462 671 1512 cui
695 1458 806 1511 haec
831 1462 991 1525 ratio,
1021 1478 1055 1512 a
1079 1460 1235 1513 nobis
1260 1460 1550 1531 explicata,
1576 1479 1683 1513 non
1706 1460 1949 1535 placeat,
1974 1460 2155 1534 quoad
2182 1476 2367 1534 poste-

259 1542 454 1592 riorem
483 1539 684 1591 scilicet
721 1553 954 1611 partem,
987 1539 1054 1591 de
1087 1542 1334 1610 Augustae
1368 1538 1729 1612 appellatione
1764 1540 1921 1611 (nam
1958 1544 2185 1613 priorem
2223 1541 2367 1595 illam

261 1634 460 1672 certam
489 1620 788 1691 putamus);
812 1622 855 1672 is
877 1621 1076 1692 poterit
1100 1621 1258 1672 etiam
1284 1620 1358 1671 sic
1373 1618 1579 1689 legeret
1612 1643 1635 1666 a
1654 1622 1937 1673 Domitiam
1954 1658 1971 1687 ,
1998 1639 2061 1672 ex
2080 1639 2183 1692 qua
2209 1624 2263 1673 in
2283 1640 2368 1674 se-

260 1700 437 1753 cundo
464 1700 746 1753 consulatu
769 1700 934 1751 filium
960 1700 1184 1767 tulerat,
1205 1699 1480 1771 alteroque
1506 1719 1649 1754 anno
1679 1720 1779 1753 suo
1807 1701 2231 1753 consalutaverat
2254 1704 2367 1755 Au-

257 1796 546 1851 gustarum.
577 1778 892 1851 repudiavit.
915 1802 936 1827 ιι
971 1780 1178 1848 Nempe
1207 1777 1340 1830 illud
1363 1797 1452 1831 suo
1468 1817 1487 1846 ,
1529 1777 1673 1851 quod
1702 1798 1893 1851 parum
1921 1780 2131 1851 elegans
2162 1794 2240 1833 est
2267 1800 2366 1849 eo,

261 1880 415 1934 quem
443 1860 680 1927 obtinet,
705 1858 862 1927 loco,
886 1862 1062 1932 potuit
1091 1878 1151 1911 ex
1178 1858 1285 1911 hoc
1315 1858 1470 1927 loco,
1500 1878 1657 1931 quem
1691 1860 1740 1910 ei
1763 1860 1817 1911 in
1848 1859 1950 1911 hac
1978 1859 2205 1912 lectione
2230 1864 2363 1913 assi-

258 1960 476 2012 gnamus
493 1980 512 2009 ,
537 1942 787 2012 migrasse
811 1941 866 1991 in
892 1941 1234 2011 superiorem.
1261 1938 1440 1992 Altero
1464 1959 1609 1991 anno
1629 1959 1718 1993 suo
1733 1978 1751 2005 ‚
1775 1937 2011 2012 intellige
2031 1940 2201 1993 altero
2222 1959 2364 1994 anno

258 2023 458 2095 imperii
477 2022 820 2075 Domitianei.
843 2021 1076 2071 Dicimus
1092 2020 1286 2091 primo,
1304 2020 1549 2087 secunde,
1571 2032 1671 2072 etc.
1691 2039 1833 2073 anno
1860 2021 2078 2089 Tiberii,
2102 2022 2243 2089 Caii,
2262 2034 2362 2073 etc.

256 2121 352 2173 pro
377 2104 589 2175 imperii
610 2101 910 2169 Tiberiani,
941 2114 1040 2153 etc.
1067 2120 1164 2153 cur
1193 2121 1300 2153 non
1325 2104 1483 2153 etiam
1511 2100 1721 2153 dicatur
1744 2102 2038 2173 Imperator
2061 2102 2259 2173 aliquid
2284 2103 2365 2154 fe-

258 2182 387 2234 cisse
403 2183 573 2234 altero
593 2200 736 2234 anno
759 2182 886 2233 suo?
908 2183 1083 2251 Atque
1108 2180 1180 2232 ita
1205 2180 1488 2232 Suetonius
1512 2181 1565 2230 iu
1587 2179 1931 2231 concordiam
1955 2178 2219 2250 redigetur
2242 2200 2363 2233 cum

255 2261 520 2316 Chronico
539 2262 870 2327 Eusebiano,
893 2260 1039 2331 quod
1060 2263 1114 2311 in
1135 2260 1304 2311 altero
1325 2261 1533 2331 imperii
1550 2260 1873 2310 Domitianei
1894 2278 2036 2311 anno
2060 2262 2212 2331 ponit
2230 2261 2361 2314 hoc:

255 2342 551 2397 Domitiani
580 2360 715 2394 uxor
733 2342 969 2415 Attqusta
991 2338 1280 2413 appellata.
1307 2342 1431 2391 Haec
1457 2341 1593 2389 ratio
1619 2341 1662 2390 si
1684 2338 1963 2411 probetur,
1986 2341 2132 2391 initia
2156 2341 2365 2411 imperii

254 2421 434 2490 paullo
463 2422 656 2484 latius,
693 2418 759 2471 de
789 2420 970 2490 primis
998 2420 1205 2489 imperii
1232 2419 1385 2471 annis
1407 2456 1424 2485 ,
1453 2416 1709 2488 capienda
1737 2432 1877 2471 sunt.
1908 2420 2223 2472 Accuratius
2255 2420 2361 2473 hoc

256 2498 471 2554 definire
501 2500 716 2565 liceret,
741 2500 784 2552 si
813 2498 999 2552 Dionis
1024 2496 1158 2550 liber
1179 2500 1383 2569 integer
1405 2511 1655 2564 restaret,
1688 2511 1744 2550 ut
1761 2535 1777 2562 ,
1810 2517 1915 2569 quo
1940 2517 2081 2550 anno
2112 2500 2249 2552 Paris
2277 2502 2363 2552 in-

253 2584 502 2635 terfectus
529 2597 666 2635 esset
681 2619 698 2648 ,
723 2583 856 2634 scire
875 2599 1170 2652 possemus.
1196 2581 1373 2652 Atque
1393 2597 1502 2631 non
1524 2577 1763 2650 negabo,
1787 2578 1917 2630 mihi
1938 2579 2076 2632 hanc
2100 2582 2363 2635 rationem

254 2661 436 2716 melius
467 2662 686 2734 placere
725 2661 815 2714 illa
846 2661 1135 2732 superiori,
1165 2676 1452 2734 propterea
1489 2659 1635 2732 quod
1659 2660 1993 2711 Domitianus
2023 2679 2137 2712 eam
2169 2661 2365 2714 dicitur

255 2743 671 2796 consalutavisse
696 2745 1022 2812 Augustam,
1051 2741 1196 2814 quod
1222 2740 1315 2794 ille
1347 2741 1553 2808 facere,
1585 2741 1688 2791 nisi
1714 2741 1965 2812 princeps
1982 2777 1999 2804 ‚
2026 2758 2134 2794 non
2164 2744 2359 2814 potuit.

251 2819 376 2872 Ean.
410 2823 583 2874 Etiam
608 2821 663 2871 in
692 2819 794 2872 hac
824 2819 1186 2892 disputatione
1215 2821 1350 2872 veris
1380 2834 1432 2872 et
1459 2818 1615 2870 bonis
1644 2818 1875 2871 admixta
1904 2833 2026 2872 sunt
2046 2820 2211 2889 falsa,
2243 2840 2360 2893 quae
2426 2875 2445 2894 ι

253 2910 425 2953 tamen
451 2900 759 2972 singulatim
782 2901 1027 2953 refellere
1054 2899 1189 2952 nihil
1215 2901 1402 2952 attinet
1427 2899 1480 2950 in
1509 2897 1659 2966 loco,
1682 2901 1774 2970 qui
1798 2901 1879 2950 vix
1905 2900 1970 2952 ad
1995 2915 2190 2953 certam
2223 2917 2276 2954 et
2298 2902 2359 2954 li-

255 2979 464 3048 quidam
481 2983 745 3034 rationem
764 2979 930 3050 redigi
951 2999 1111 3052 posse
1131 2978 1390 3032 videatur.
1407 2981 1500 3031 Est
1519 2981 1657 3030 enim
1682 2977 1969 3031 mendosus
1983 3018 1999 3044 ,
2023 2994 2071 3031 et
2087 2983 2139 3032 in
2156 2985 2359 3054 optimo

254 3058 370 3112 cod.
397 3063 620 3132 margini
641 3061 994 3133 adscriptum,
1023 3061 1176 3114 Deest
1197 3059 1420 3132 aliquid.
1445 3059 1544 3112 Sed
1570 3058 1673 3111 hoc
1697 3059 1903 3132 aliquid
1920 3062 2045 3112 satis
2066 3061 2361 3131 probabili-

253 3148 329 3189 ter
360 3143 576 3214 supplet
611 3140 1056 3212 Oudendorpius,
1093 3160 1156 3193 ex
1195 3139 1337 3192 MSS.
1377 3140 1611 3210 vestigiis
1646 3139 1721 3191 sic
1760 3138 2078 3192 scribendo:
2110 3141 2357 3194 «Deinde

252 3234 462 3273 uxorem
493 3224 782 3275 Domitiam
799 3261 816 3290 ,
843 3239 905 3272 ex
931 3240 1035 3292 qua
1065 3223 1119 3273 in
1149 3219 1387 3273 secundo
1412 3239 1510 3272 suo
1537 3218 1817 3271 consulatu
1848 3217 2006 3270 filiam
2030 3219 2251 3287 tulerat,
2282 3221 2359 3276 al-

251 3309 466 3372 teroque
491 3322 632 3356 anno
661 3301 860 3368 filium,
897 3320 960 3354 ac
993 3299 1422 3354 consalutaverat
1455 3301 1784 3370 Augustam,
1823 3298 2077 3364 eandem,
2116 3313 2217 3352 etc.
2240 3325 2262 3347 ι
2294 3305 2355 3355 In

251 3381 482 3433 secundo
509 3381 826 3446 consulatu,
857 3381 966 3432 sive
991 3383 1163 3452 primo
1190 3379 1458 3432 ordinario
1485 3400 1533 3432 a.
1560 3379 1685 3431 Chr.
1708 3379 1812 3433 826
1834 3381 2017 3449 genuit
2041 3377 2199 3446 filiam
2217 3421 2234 3445 ,
2262 3401 2359 3434 cu-

244 3456 328 3522 jus
365 3466 618 3515 memoria
649 3461 862 3512 interiit.
895 3457 1052 3512 conf.
1086 3460 1350 3513 Drakenb.
1389 3461 1456 3512 ad
1491 3458 1705 3526 Silium,
1744 3460 1846 3522 lll,
1886 3459 2008 3527 629.
2050 3459 2151 3512 Sed
2188 3452 2352 3516 altero

249 3551 419 3600 amno,-
445 3559 552 3592 non
581 3539 648 3594 ab
675 3540 766 3592 illo
796 3538 1110 3607 consulatu,
1135 3539 1228 3590 sed
1259 3538 1421 3590 altero
1449 3556 1589 3589 anno
1606 3537 1931 3610 principatus
1951 3536 2047 3608 (de
2078 3558 2182 3610 quo
2209 3558 2239 3592 a
2265 3559 2353 3593 ca-

249 3613 369 3681 pitis
398 3619 548 3673 initio
569 3621 731 3692 coepit
759 3637 916 3690 agere
944 3617 1210 3689 Auctor),
1225 3617 1414 3690 filium
1445 3619 1686 3688 accepit,
1719 3635 1911 3688 nempe
1940 3637 2061 3668 ann.
2096 3619 2227 3688 835,
2255 3641 2352 3674 eo-

249 3688 474 3766 demque
499 3718 638 3752 anno
676 3719 894 3750 uxorem
917 3686 1347 3751 consalutaverat
1375 3701 1696 3768 Augustam,
1736 3711 1787 3749 et
1819 3697 2023 3750 Censor
2055 3712 2134 3751 est
2159 3700 2349 3755 factus.

250 3770 314 3819 At
340 3773 520 3832 infans
541 3778 626 3830 ille
655 3778 802 3830 brevi
827 3766 1068 3831 mortuus
1088 3793 1140 3831 et
1164 3790 1506 3830 consecratus
1541 3789 1651 3844 est,
1682 3777 1947 3849 Divusque
1969 3779 2193 3848 Augusti
2196 3777 2353 3852 filius

249 3845 450 3906 dictus:
493 3859 638 3930 quod
678 3859 823 3912 clare
854 3872 1002 3930 patet
1037 3877 1098 3911 ex
1131 3856 1404 3924 Martiale,
1445 3875 1541 3928 per
1574 3857 1833 3909 Graevium
1867 3857 2061 3923 citato,
2100 3871 2150 3909 et
2176 3863 2351 3913 numis

249 3941 658 3992 consecrationis
687 3942 801 4010 ejus
837 3940 1029 3992 multis.
1055 3940 1264 4011 Inspice
1295 3951 1489 4010 praeter
1516 3937 1650 3991 alios
1674 3937 2018 3991 Scheuchzer.
2044 3939 2097 3990 in
2126 3941 2345 3994 Miscell.

245 4007 386 4079 Lips.
415 4017 522 4070 vol.
551 4021 656 4083 IX,
684 4038 808 4090 pag.
838 4037 956 4072 221.
990 4021 1280 4072 Domitiam
1309 4038 1433 4073 vero
1459 4037 1568 4071 non
1601 4032 1725 4070 ante
1746 4019 1853 4069 Titi
1883 4031 2139 4086 mortem,
2174 4039 2347 4094 neque

251 4087 415 4152 Primo
444 4096 732 4150 Domitiani
753 4099 1082 4170 principatus
1112 4116 1282 4164 anno,
1307 4100 1416 4150 sive
1445 4116 1571 4148 ann.
1607 4097 1741 4165 834,
1776 4095 1870 4149 sed
1900 4095 2067 4150 altero
2102 4098 2343 4152 declara-

251 4172 352 4216 tam
383 4189 498 4226 esse
535 4179 864 4248 Augustam,
901 4177 1060 4232 docet
1089 4175 1365 4233 Eusebius.
1403 4179 1488 4232 Sic
1521 4177 1699 4230 omnia
1737 4191 1891 4228 erunt
1923 4175 2173 4230 dilucida.
2204 4181 2273 4231 At
2300 4184 2347 4234 si
