3050 5004
1189 468 1463 533 NERO.
2244 484 2377 560 2²9

293 590 823 661 deverticulum⁵
853 609 1130 660 ventum
1159 609 1290 674 est,
1324 591 1616 661 dimissis
1646 599 1837 690 equis
1870 599 2045 664 inter
2072 599 2382 665 fruticeta

293 728 370 771 ac
393 728 668 798 vepreS,
710 728 831 797 per
863 704 1250 773 arundineti
1277 707 1585 773 semitam
1618 730 1828 797 aegre,
1859 731 1983 774 nec
2014 712 2142 777 nisi
2177 724 2383 777 strata

295 815 420 882 sub
463 814 751 908 pedibus
787 832 1003 898 veste,
1051 813 1140 883 ad
1182 838 1498 883 aversum
1530 814 1707 884 villae
1739 816 2111 909 parietem⁶
2153 823 2382 888 evasit.

298 926 396 993 lbi
418 924 732 996 hortante
756 924 997 995 eodem
1020 925 1346 1003 Phaonte,
1367 942 1445 993 ut
1463 930 1732 995 interim
1752 932 1820 996 in
1848 952 2127 1021 specum
2146 946 2389 1021 egestae

297 1060 518 1103 arenae
547 1034 985 1104 concederet⁷
1003 1087 1020 1117 ,
1063 1038 1363 1127 negavit,
1413 1066 1438 1095 a
1459 1059 1531 1102 se
1563 1039 1795 1105 vivum
1822 1039 1951 1106 sub
1980 1056 2228 1107 terram
2268 1044 2397 1108 itu-

299 1170 480 1214 rum:
506 1177 534 1208 n
575 1170 658 1213 ac
689 1170 1056 1239 parumper
1084 1162 1539 1213 commoratus
1560 1200 1577 1229 ,
1627 1148 1794 1215 dum
1822 1147 2281 1221 clandestinus
2304 1150 2390 1219 ad

301 1257 526 1327 villam
551 1262 864 1328 introitus
887 1274 1264 1351 pararetur,
1287 1282 1539 1351 aquam
1566 1282 1651 1325 ex
1678 1256 1981 1351 subjecta
2002 1260 2247 1329 lacuna
2270 1286 2393 1355 po-

304 1385 494 1437 turus
541 1394 748 1439 manu
797 1367 1096 1452 hausit⁸;
1151 1382 1248 1450 et,
1306 1372 1516 1435 «Haec
1558 1384 1737 1451 est‚»
1780 1374 2023 1465 inquit,
2066 1376 2395 1441 «Neronis
2436 1399 2442 1408 ·

307 1478 600 1549 decocta.
625 1511 652 1541 ι»
699 1482 902 1562 Dein,
942 1478 1202 1547 divulsa
1235 1478 1541 1546 sentibus
1569 1480 1872 1572 paenula,
1916 1480 2229 1575 trajectos
2264 1508 2403 1552 sur-

311 1588 494 1658 culos
523 1594 762 1658 rasit9:
811 1606 1018 1689 atque
1047 1593 1138 1657 ita
1184 1587 1573 1685 quadrupes
1602 1614 1725 1683 per
1759 1596 2103 1684 angustias
2133 1594 2396 1661 effossae

311 1724 615 1769 cavernae
665 1719 974 1795 receptus
1016 1703 1086 1769 in
1112 1701 1770 1795 proximam-cellam
1786 1755 1803 1785 ‚
1834 1700 2157 1773 decubuit
2194 1729 2398 1799 super

310 1808 585 1893 lectum,
611 1810 876 1880 modica
899 1811 1144 1879 culcita
1165 1822 1238 1894 ¹⁰,
1266 1826 1490 1878 vetere
1513 1810 1719 1903 pallio
1743 1828 1953 1881 strato
1972 1818 2399 1883 instructum.

382 2025 430 2078 5.
469 2025 561 2077 Ad
579 2023 951 2079 deverticulum
963 2049 983 2089 ,·
1007 2045 1116 2099 quo
1136 2045 1199 2079 ex
1221 2044 1316 2098 pu-

315 2102 448 2157 blica
485 2104 570 2157 via
605 2101 661 2155 in
693 2104 873 2157 villam
909 2105 1210 2159 flectebant.
1244 2135 1316 2144 —

317 2184 418 2235 Per
428 2183 737 2237 arundineti
751 2186 985 2238 smitam
998 2224 1016 2251 ,
1037 2198 1136 2239 etc.
1158 2184 1314 2237 Conf.

317 2261 512 2335 xiphil.
538 2262 642 2317 loc.
667 2266 754 2316 cit.

383 2346 436 2399 6.
472 2344 564 2397 Ad
596 2364 828 2399 aversum
873 2343 1012 2399 villoe
1043 2345 1312 2417 pam'etem.

320 2424 582 2479 Constans
600 2424 856 2477 librorum
871 2425 1028 2478 lectio
1045 2426 1118 2478 ad
1132 2424 1318 2477 adver-

317 2525 458 2574 sum,
494 2504 579 2557 vel
609 2506 722 2559 sine
753 2505 824 2558 ad
853 2502 1018 2558 modo
1051 2505 1320 2558 adversum

318 2585 396 2638 vel
405 2586 662 2651 adversm,
677 2603 903 2658 eamque
913 2583 1152 2638 defendit
1162 2586 1320 2638 etiam

319 2664 577 2718 walther.
609 2665 835 2719 observ,
862 2683 984 2737 pag.
1023 2681 1110 2736 27,
1143 2678 1201 2716 ut
1222 2664 1320 2716 ad-

323 2761 480 2797 versus
503 2745 573 2796 sit
595 2745 768 2815 paries
797 2756 1039 2816 respectu
1066 2745 1324 2810 Neronis,

323 2824 410 2894 qni
442 2843 566 2876 eum
595 2823 841 2896 petebat,
871 2826 1122 2897 quoniam
1148 2826 1323 2875 omnia

321 2903 530 2955 adversa
569 2902 852 2966 dicuntur,
891 2921 1006 2974 quae
1043 2916 1168 2956 sunt
1202 2916 1325 2956 ante

323 3001 418 3035 nos
435 3022 452 3050 ,
487 2991 554 3034 'ut
575 2984 816 3055 proxime
840 2981 1062 3057 fulgure
1097 2985 1322 3037 adverso.

323 3063 452 3132 Qun
481 3063 609 3117 licet
647 3064 753 3115 sint
787 3064 1093 3130 verissima,
1127 3063 1327 3117 inutilis

325 3155 502 3195 tamen
522 3161 589 3194 eo
611 3160 769 3194 sensu
790 3141 921 3194 mihi
942 3142 1151 3196 videtur
1169 3142 1330 3215 hujus

324 3222 512 3275 vocab.
541 3220 802 3293 adjecti03
829 3235 882 3274 et
905 3233 1016 3274 tota
1040 3221 1144 3275 ioci
1166 3223 1332 3287 ratic,

327 3315 377 3355 et
422 3320 542 3375 quae
581 3299 651 3353 ad
698 3300 1107 3354 describendum
1156 3301 1332 3355 addita

329 3395 480 3448 sunt,
509 3394 572 3434 nt
603 3379 1010 3447 deverticulum,
1037 3394 1090 3432 et
1115 3381 1334 3432 arundi-

332 3471 538 3527 netum,
560 3472 616 3514 et
631 3477 810 3532 specus
824 3469 1004 3531 eqesloe
1020 3475 1218 3528 arente,
1239 3477 1336 3530 pa-

333 3553 474 3592 ratus
497 3539 732 3610 denique
761 3537 1112 3592 clandestinus
1135 3539 1206 3590 ad
1236 3537 1338 3591 vil-

338 3615 444 3669 lam
487 3618 761 3685 introitus,
801 3617 1076 3683 fecerunt,
1119 3631 1179 3669 ut
1217 3636 1340 3670 cum

337 3695 539 3748 Wolfio
599 3697 889 3768 reciperem
953 3697 1341 3749 correctionem

343 3771 594 3826 Gronovii
619 3787 672 3827 et
693 3773 950 3825 Perizonii
968 3792 1218 3828 aver-sum.
1237 3777 1314 3826 lta
1328 3811 1344 3838 ‚

347 3873 406 3908 ex
433 3873 552 3909 mea
579 3856 869 3920 sententia,
896 3855 1056 3907 etiam
1083 3855 1208 3908 Caes.
1243 3855 1306 3908 82
1325 3891 1344 3920 ‚

349 3953 576 3988 amm
608 3935 847 3987 vulnerat
883 3933 1164 4004 legendum
1203 3949 1344 4002 erat,

351 4031 444 4082 pro
467 4015 754 4066 adversum.

419 4109 468 4161 7.
509 4090 832 4144 Concedent.
861 4093 1142 4144 Burmann.
1181 4111 1242 4144 ex
1271 4091 1348 4145 al-

353 4182 458 4222 tero
481 4170 618 4224 cod.
640 4169 789 4224 dedit
810 4191 860 4226 se
882 4173 1136 4226 conderet.

1476 2028 1524 2078 8.
1565 2028 1848 2099 Aquam...
1880 2047 2047 2081 manu
2074 2029 2276 2096 hausit,
2306 2044 2407 2083 ete.

1404 2101 1485 2171 Cf.
1507 2106 1711 2177 xiphil.
1740 2107 1775 2159 l.
1803 2127 1851 2160 c.
1876 2108 1969 2160 ubi
1995 2110 2314 2161 Reimarum.
2340 2140 2410 2149 —-

1405 2177 1625 2239 —¹³,Hoec
1642 2199 1770 2241 est...
1790 2188 2016 2242 Nemnis
2032 2188 2256 2241 decocta.
2278 2188 2412 2240 Vide

1408 2263 1663 2319 Hardnin.
1680 2267 1751 2318 ad
1772 2266 1902 2319 Plin.
1924 2270 2059 2320 nist.
2078 2270 2203 2321 Nat.
2219 2268 2413 2333 XXXI,

1410 2344 1442 2395 3
1464 2344 1623 2417 (23),
1657 2370 1679 2393 ι
1699 2348 1927 2399 Neronis
1945 2350 2203 2419 Principis
2226 2348 2415 2399 inven-

1406 2437 1519 2477 tum
1552 2440 1631 2479 est
1662 2426 1963 2498 decoquere
1996 2446 2220 2499 aquam,
2252 2429 2415 2481 vitro-

1409 2525 1514 2578 que
1527 2506 1808 2560 demissam
1819 2509 1875 2559 in
1885 2510 2029 2560 ni'ves
2041 2509 2367 2579 refrigerare.
2387 2531 2409 2553 n

1480 2603 1533 2655 9.
1564 2587 1825 2657 Traiectus
1844 2587 2075 2640 surculos
2097 2589 2235 2638 rasit.
2256 2585 2417 2638 Intel-

1409 2665 1516 2736 lige
1534 2664 1775 2718 surculos
1798 2683 1960 2737 super
1981 2666 2120 2717 viam
2140 2668 2416 2737 trajectos.,

1410 2743 1466 2796 h.
1489 2763 1535 2796 e.
1556 2757 1853 2800 transverse
1872 2745 1965 2796 viae
1984 2747 2287 2815 interjectos
2300 2783 2317 2811 ‚
2336 2743 2417 2794 vel

1415 2844 1477 2876 ex
1496 2825 1748 2896 proximis
1768 2823 2003 2877 sentibus
2024 2827 2096 2876 ita
2116 2824 2421 2896 prominen-

1415 2917 1522 2970 tes,
1554 2918 1613 2956 ut
1648 2923 1811 2975 super
1844 2907 1927 2956 via
1968 2923 2023 2956 se
2052 2904 2420 2976 implicarent,

1417 2999 1645 3054 corpore
1670 2984 1818 3050 rasit,
1847 2981 1900 3034 h.
1938 3001 1983 3035 e.
2020 2984 2226 3035 strinxit
2242 3021 2257 3048 ,
2293 3001 2424 3054 per-

1418 3065 1600 3134 repsit.
1630 3064 1783 3114 Hanc
1812 3063 1953 3114 enim
1982 3062 2426 3134 significationem

1418 3141 1567 3194 verbi
1592 3141 1768 3193 radere
1791 3140 1932 3193 malo
1956 3156 2079 3193 cum
2102 3142 2307 3193 Ernest.
2337 3141 2427 3192 ad·

1421 3223 1629 3274 mittere
1646 3257 1665 3286 ,
1704 3223 1941 3292 quamvis
1979 3222 2087 3274 fere
2123 3223 2391 3292 poeticam
2411 3259 2430 3288 ,

1424 3319 1583 3374 quam
1594 3302 1856 3372 corrigere
1867 3318 1987 3352 cum
1999 3301 2285 3352 Burmann.
2302 3321 2325 3346 ιι
2336 3316 2441 3371 per

1425 3383 1678 3452 trajectos
1704 3377 1944 3431 surculos
1966 3379 2172 3450 serpsit,
2194 3401 2217 3426 ι
2244 3375 2327 3428 vel
2350 3397 2431 3430 re-

1421 3459 1541 3531 psit.
1558 3457 1663 3512 Alii
1684 3461 1916 3528 trajectos
1926 3456 2157 3509 surculos
2173 3458 2435 3526 interpre-

1427 3550 1634 3604 tantur,
1673 3539 1766 3609 qni
1792 3539 2009 3606 trajecta
2036 3535 2247 3606 paenula
2273 3535 2437 3590 inhae-

1430 3629 1606 3670 serant
1625 3655 1643 3682 ‚
1683 3614 1765 3666 vel
1808 3631 1944 3684 quos
1988 3612 2283 3683 trajiciebat
2329 3615 2436 3664 sive

1430 3694 1709 3748 transibat.
1744 3695 1983 3746 Incertus
2016 3693 2174 3743 etiam
2208 3703 2288 3744 est
2319 3692 2439 3745 On*

1433 3773 1591 3828 dend.
1614 3772 1749 3826 Vide
1771 3771 1973 3844 Xiphil.

1512 3869 1589 3906 ιο.
1621 3853 1837 3906 Modica
1859 3850 2052 3904 culcita
2065 3889 2083 3917 ,
2108 3863 2207 3901 etc.
2236 3853 2312 3901 Ita
2330 3851 2443 3902 Au-

1435 3945 1576 4004 gust.
1608 3932 1702 3999 73,
1738 3941 1892 3983 toro..
1910 3970 1921 3982 .
1949 3927 2146 3981 humili
2171 3941 2221 3982 et
2242 3929 2445 3980 modice

1437 4015 1672 4065 instrato.
1686 4041 1758 4051 —-
1772 4011 1945 4064 Strato
1964 4012 2285 4063 instructum.
2310 4009 2447 4062 Nul-

1441 4090 1735 4145 lus-dubito
1748 4131 1765 4157 ,
1791 4093 1920 4163 quin
1942 4087 2225 4159 legendum
2244 4090 2309 4142 sit
2325 4099 2449 4141 stra-

1443 4183 1555 4223 tum
1592 4168 1926 4242 simpliciter,
1967 4167 2229 4221 vocabulo
2259 4171 2451 4222 instru-
