3050 5004
1021 469 1540 537 CALIGULA.
2248 478 2335 563 45

229 619 384 662 rum
403 595 693 665 alterum
709 651 728 681 ‚
747 614 823 664 ut
847 627 874 657 α
895 595 1150 666 nullius
1169 600 1453 689 ingenii,
1475 599 1907 693 minimaeque
1924 598 2279 688 doctrinae3
2300 637 2329 666 s

229 704 512 774 alterum
532 761 550 790 ,
597 725 680 776 ut
737 738 764 768 α
787 707 1151 776 verbosum
1201 711 1272 785 in
1318 707 1597 776 historia
1619 763 1637 792 ‚
1681 709 2270 808 negligentemque
2298 745 2329 804 ιιο

228 817 564 910 carpebat.
598 824 702 886 De
733 816 908 912 juris
937 842 1208 913 quoque
1253 817 1579 887 consultis
1598 873 1616 902 ,
1660 807 1853 914 quasi
1891 823 2187 890 scientiae
2223 848 2337 892 eo-

227 951 376 994 rum
399 953 676 997 omnem
697 953 901 997 usum
923 928 1298 996 aboliturus
1315 980 1334 1009 ‚
1361 951 1543 1020 saepe
1560 925 1869 1021 jactavit,
1902 959 1931 990 α
1952 953 2055 1014 se,
2078 931 2337 1022 meher-

227 1039 324 1106 cle
338 1092 356 1121 ,
379 1040 787 1108 effecturum
799 1094 820 1124 ‚
839 1065 926 1108 ne
945 1043 1063 1136 qui
1081 1039 1494 1132 respondere
1511 1043 1775 1132 possint
1792 1057 2039 1133 praeter
2055 1067 2213 1111 eum
2226 1045 2274 1110 ⁵.
2297 1075 2327 1107 s

311 1153 581 1219 XXXV.
633 1157 882 1219 Vetera
903 1150 1308 1219 familiarum
1329 1153 1619 1242 insignia
1641 1151 2057 1222 nobilissimo
2086 1157 2331 1250 cuique

225 1259 471 1330 ademit
501 1291 520 1331 ε
571 1269 925 1360 Torquato
977 1279 1289 1359 torquem
1308 1288 1326 1343 ;
1377 1264 1773 1332 Cincinnato
1824 1267 2082 1333 crinem
2100 1277 2115 1304 ¹
2139 1291 2157 1347 ;
2205 1271 2328 1336 Cn.

230 1377 544 1468 Pompeio
555 1385 582 1413 ²
602 1379 832 1470 stirpis
849 1379 1144 1470 antiquae
1157 1428 1174 1458 ,
1194 1377 1428 1467 Magni
1445 1399 1843 1468 cognomen.
1868 1376 2329 1462 Ptolemaeum,

287 1619 340 1672 5.
357 1621 446 1673 Ne
461 1623 559 1694 qui
575 1623 878 1694 respondere
888 1625 1091 1696 possint
1101 1638 1234 1697 proe·

225 1711 295 1750 ter
321 1719 463 1753 eum.
510 1704 696 1770 Quum
736 1704 1014 1758 manifeste
1051 1703 1230 1756 verbis

225 1779 340 1830 insit
365 1782 670 1846 sententia,
704 1800 820 1852 quie
848 1783 975 1835 Caes.
1013 1801 1078 1853 77
1095 1820 1112 1848 ,
1140 1782 1231 1834 de-

223 1858 331 1910 bere
360 1858 602 1913 homines
624 1863 742 1932 jam
773 1880 872 1934 pro
907 1861 1100 1935 legibus
1131 1862 1228 1914 ha-

223 1937 354 2002 bere,
373 1955 498 2009 quoe
515 1939 656 1992 dicat
669 1979 688 2005 ,
711 1939 858 2012 quod
877 1942 1154 1993 confirmat
1173 1944 1228 1994 in

222 2019 336 2088 Iaeg.
354 2019 422 2071 ad
435 2019 630 2072 Caium
644 2020 820 2088 Philo,
830 2020 1090 2074 edidimus
1106 2039 1230 2074 cum

226 2099 420 2150 Emest.
448 2113 505 2151 et
525 2097 778 2152 Oudend.
809 2119 876 2152 ne
898 2099 992 2173 qui
993 2139 1087 2153 .....
1110 2119 1226 2172 pos-
1262 2105 1282 2118 '

223 2176 342 2243 sint,
369 2193 472 2247 pro
497 2195 568 2227 ne
586 2177 740 2248 quid,
769 2191 870 2230 etc.
901 2177 1063 2245 Quod
1087 2181 1224 2231 enim

227 2255 330 2320 alii,
349 2276 416 2308 ne
429 2256 631 2328 quia...
651 2259 840 2329 possit,
859 2259 1046 2312 eodem
1065 2257 1226 2312 redit.

225 2334 316 2385 Pro
349 2334 589 2405 possint,
629 2333 701 2385 al.
742 2345 950 2406 possent
960 2357 980 2396 ;
1021 2335 1156 2387 illud
1195 2353 1228 2388 a

225 2415 456 2483 proximo
486 2412 800 2486 effecturum
816 2453 833 2481 ,
864 2414 968 2467 hoc
1003 2433 1036 2468 a
1061 2414 1226 2467 verbo

213 2495 429 2563 jactavit
455 2492 734 2565 penderet.
757 2496 874 2547 Jam
895 2506 1086 2568 proeter
1103 2514 1226 2547 eum

223 2570 414 2625 dictum
443 2592 549 2644 pro
571 2586 762 2645 prueter
779 2593 858 2640 se,
883 2576 940 2627 in
965 2594 1072 2647 quo
1101 2576 1228 2627 scri-

224 2666 426 2722 ptores,
455 2670 623 2723 quum
649 2652 876 2705 aliorum
899 2653 1060 2705 verba
1087 2655 1228 2707 refe·-

225 2744 368 2795 runt,
405 2728 559 2782 haud
587 2733 718 2784 satis
757 2734 994 2783 accurati
1035 2734 1226 2803 saepius

223 2807 692 2879 deprehenduntur
709 2846 727 2875 ,
783 2806 912 2860 dum
959 2828 1017 2862 se
1059 2811 1225 2881 magis

225 2902 520 2953 narrantes,
540 2906 702 2959 quam
719 2904 870 2951 eum,
890 2886 958 2940 de
979 2906 1086 2961 quo
1107 2905 1230 2938 nar-
1301 2918 1308 2925 ·

225 2969 688 3039 rant,respiciunt.
714 2968 797 3018 lta
810 2966 987 3019 Valer.
1007 2968 1225 3019 Maxim.

225 3048 294 3114 V,
323 3064 377 3114 1,
403 3047 471 3113 3,
497 3059 602 3098 ext.
639 3068 662 3092 ι
681 3046 1130 3117 percontabatur,
1157 3064 1227 3099 an

225 3145 312 3195 ea,
337 3146 458 3201 qnoe
479 3128 555 3180 ad
571 3146 720 3179 aures
739 3130 846 3198 ejus
863 3138 1227 3199 pervenerant,

225 3206 475 3260 dixissent
486 3248 504 3275 ,
525 3230 549 3253 ι
567 3205 661 3258 uhi
676 3220 865 3259 auctor
878 3224 1024 3280 aeque
1039 3226 1070 3258 a
1087 3224 1228 3277 quae-

223 3289 390 3341 stione
411 3288 582 3340 relata
605 3286 674 3338 ad
697 3304 849 3337 suam
870 3287 1228 3338 narrationem

225 3370 425 3421 transit.
472 3370 645 3441 AEqne
690 3368 1000 3420 Suetonium
1039 3365 1229 3419 fefellit

225 3448 510 3513 sententia,
534 3470 554 3493 ι
571 3448 870 3499 Effectums
889 3459 1030 3513 erat,
1048 3466 1120 3498 ne
1135 3447 1229 3518 qui

229 3524 551 3597 respondere
577 3538 799 3595 possent
824 3538 1010 3597 praeter
1039 3544 1178 3577 eum.
1200 3547 1223 3571 ι

226 3605 377 3657 Conf.
425 3603 494 3656 ad
530 3605 732 3655 Neron.
771 3604 837 3655 32
855 3641 873 3668 ,
918 3618 969 3656 et
1005 3604 1229 3675 Eutrop.

225 3684 346 3748 vn,
379 3700 404 3735 1
421 3701 438 3734 ι
455 3718 474 3747 ,
506 3703 529 3727 ι
551 3700 718 3753 quum
747 3684 880 3736 tanti
901 3702 954 3735 se
979 3701 1088 3734 non
1116 3701 1232 3735 esse

226 3762 436 3816 dixisset
449 3802 466 3831 ,
492 3774 556 3814 ut
577 3774 800 3834 propter
813 3782 931 3815 eum
953 3761 1100 3815 civile
1119 3760 1232 3814 bel-

227 3842 334 3895 lum
364 3855 808 3896 commoveretur.
830 3864 852 3890 s
891 3844 1064 3894 Tacit.
1097 3842 1230 3896 Hist.

229 3925 305 3988 11,
326 3922 396 3991 64
409 3962 428 3985 ,
459 3946 484 3969 ι
500 3920 748 3973 Vitellius
767 3958 784 3986 ,
817 3934 962 3973 metu
990 3934 1044 3973 et
1072 3920 1199 3973 odio
1215 3959 1234 3986 ,

231 4001 370 4073 quod
383 4003 718 4067 Petroniam,
733 4018 952 4053 uxorem
966 4004 1098 4073 ejus,
1113 4018 1238 4051 mox

233 4079 511 4133 Dolabella
527 4082 587 4133 in
605 4080 1000 4131 matrimonium
1019 4079 1240 4151 accepis-

233 4174 326 4229 set,
343 4186 366 4209 o
393 4161 492 4214 nbi
509 4161 583 4228 τῷ·
601 4161 874 4233 accepisset
890 4159 1242 4212 conveniebat

1319 1642 1466 1676 suam
1483 1661 1502 1688 ‚
1532 1635 1718 1676 contra
1742 1637 1862 1696 post
1886 1642 2099 1677 uxorem
2122 1625 2233 1696 q‘us
2254 1645 2333 1680 se·

1320 1703 1414 1772 qui
1439 1700 1674 1754 debebat
1689 1715 1957 1774 acceperat
1968 1723 1991 1762 ,-
2012 1701 2107 1755 sed
2124 1717 2331 1771 auctor,

1321 1798 1484 1852 quum
1512 1780 1767 1835 historice
1788 1780 1984 1833 addere
2008 1800 2119 1834 rem
2138 1784 2329 1854 coepis-

1318 1873 1430 1925 set,
1467 1859 1647 1912 subito
1682 1859 1751 1912 ad
1783 1859 1977 1912 Vitellii
2011 1863 2330 1914 sententiam

1319 1936 1549 1991 deflexit.
1588 1939 1897 1992 Graecorum
1932 1941 2191 1993 minorem
2226 1939 2329 1994 hac

1315 2017 1372 2068 in
1413 2035 1472 2068 re
1503 2017 1745 2086 ἀκρίβειαν
1778 2035 1924 2085 esse,
1960 2020 2085 2071 satis
2118 2032 2329 2074 notum.

1316 2094 1567 2146 Ceterum
1582 2096 1867 2150 innumerae
1881 2097 2031 2149 fuere
2047 2095 2204 2168 hujus
2222 2097 2330 2151 loci

1317 2174 1752 2243 emendationes,
1796 2189 1858 2228 ut
1891 2189 2083 2248 proeter
2120 2197 2329 2252 oequum

1316 2252 1685 2325 (praecedente
1709 2275 1777 2306 ne
1796 2255 1933 2328 quid
1944 2257 1965 2324 )
1978 2293 1997 2321 ,
2016 2267 2207 2328 prater
2221 2258 2330 2310 De-

1315 2349 1404 2382 um
1420 2369 1440 2398 ‚
1460 2343 1651 2402 proeter
1668 2352 1858 2405 equum
1880 2335 2199 2405 (incitatum
2224 2339 2329 2390 sci-

1315 2407 1438 2462 licet
1453 2411 1474 2481 )
1489 2447 1506 2476 ,
1528 2405 1775 2483 pra-terea
1792 2437 1812 2476 ,-
1836 2426 1989 2466 taceo
2014 2413 2169 2483 alias,
2195 2433 2328 2486 quas

1318 2491 1474 2542 unius
1501 2491 1820 2545 aestimemus
1851 2493 1982 2545 assis
2008 2514 2021 2544 ε
2052 2493 2121 2544 cf.
2148 2497 2323 2546 But-m.

1316 2582 1368 2621 et
1386 2568 1636 2623 Oudend.
1660 2571 1983 2641 Respondent
1999 2584 2179 2622 autem
2201 2590 2327 2643 pro-

1312 2646 1731 2779 1)ῗέἀέεὲἶὶῑέιῖ
1762 2650 1853 2740 qui
1883 2648 2106 2781 conge-lit
2117 2649 2325 2717 solent,

1313 2746 1350 2779 u
1429 2746 1458 2779 e
1712 2746 1973 2781 uruconsu
2020 2746 2081 2780 te
2238 2748 2327 2783 on-

1315 2826 1372 2861 sa
1385 2808 1544 2879 juris.
2126 2746 2235 2801 κερ

1385 2887 1601 2940 XXXV.
1656 2902 1700 2938 ι.
1742 2888 2055 2941 Cincinnato
2091 2890 2326 2954 crinem,-

1317 2982 1483 3039 quum
1512 2984 1545 3017 a
1576 2964 1835 3018 cincinnis
1864 2967 2166 3019 Cincinnati
2198 2965 2327 3021 dieti

1317 3042 1442 3096 sint.
1466 3042 1699 3109 Liv.111,
1734 3061 1813 3095 υ.

1391 3142 1440 3175 a.
1466 3126 1557 3175 Cn.
1580 3124 1837 3196 Pompeio
1850 3148 1872 3187 ,-
1892 3144 2051 3197 quem
2068 3144 2325 3196 generum

1317 3220 1508 3277 postea
1532 3203 1772 3270 Claudii,
1797 3220 1852 3257 et
1878 3206 1946 3258 ab
1972 3206 2161 3259 eodem
2184 3209 2329 3261 occi-

1317 3302 1434 3336 sum
1458 3324 1477 3353 ,
1527 3296 1708 3337 narrat
1760 3284 2044 3339 Suetonius
2069 3322 2086 3351 ,
2136 3286 2324 3340 Claud.

1319 3382 1436 3435 cap.
1483 3380 1548 3434 ²7
1594 3376 1649 3415 et
1692 3382 1776 3434 ²9·
1821 3364 2108 3416 Ademtum
2150 3378 2329 3416 autem

1321 3460 1623 3515 cognomen
1655 3444 1839 3514 Magni
1864 3461 1897 3494 a
1922 3442 2051 3494 Caio
2068 3480 2085 3509 ‚
2113 3444 2331 3495 restitu-

1318 3532 1433 3573 tum
1462 3540 1491 3573 a
1520 3520 1782 3588 Claudio,
1817 3520 1997 3592 prodit
2032 3520 2163 3586 Dio,
2201 3520 2331 3589 Lx,

1323 3601 1372 3654 5.
1401 3600 1579 3652 Verba
1605 3598 1777 3671 stirpis
1798 3602 2029 3672 antiquoe
2052 3597 2230 3651 addita
2250 3600 2331 3651 in-

1322 3692 1581 3751 terpretes
1618 3678 1837 3748 dicunt,
1876 3682 1998 3751 quia
2036 3678 2190 3731 multi
2223 3678 2327 3731 ob-

1323 3778 1484 3811 scuroe
1509 3762 1729 3832 originis
1746 3796 1763 3824 .‚
1789 3774 1848 3811 ut
1868 3778 1930 3813 ex
1954 3759 2155 3811 libertis
2178 3761 2329 3811 Pom-

1321 3842 1569 3912 peiorum
1606 3842 1747 3908 nati,
1786 3842 2097 3912 Pompeium
2133 3858 2331 3891 nornen

1324 3921 1601 3992 gerebant.
1628 3920 1882 3992 Equidem
1910 3918 2021 3973 haec
2048 3918 2159 3971 duo
2182 3936 2334 3971 voca·

1325 3998 1452 4052 bula
1489 3999 1721 4073 glossam
1755 4012 1889 4071 puto
1924 3999 2210 4051 verborum
2235 4017 2332 4051 no·

1329 4078 1575 4131 bilissimo
1616 4080 1805 4151 cuique
1825 4117 1845 4145 ,
1894 4074 2067 4130 alieno
2109 4074 2233 4129 loco
2277 4077 2333 4129 in

1329 4172 1535 4212 textum
1560 4170 1845 4231 receptam.
