3050 5004
745 448 828 527 44
1487 447 1562 509 c,
1614 445 2081 510 sussToNn

741 569 1106 653 videretur,
1140 586 1571 639 cunctantem
1610 570 1891 663 flagellis
1918 570 2183 639 discidit
2200 623 2217 652 ‚
2257 568 2649 637 collaudans
2682 568 2835 637 sub⁴

741 679 898 749 inde
924 704 1160 749 vocem
1195 678 1619 773 deprecantis
1638 734 1656 764 ,
1697 685 1889 776 quasi
1926 684 2128 749 etiam
2162 682 2233 748 in
2272 683 2523 773 gemitu
2548 678 2834 773 proedul-

740 815 912 861 cem.
950 796 1226 878 Quoties
1267 794 1498 859 uxoris
1535 790 1644 859 vel
1683 790 1991 859 amiculae
2029 789 2281 859 collum
2316 789 2832 869 exoscularetur,

739 900 1065 983 addebat,
1112 932 1140 961 α
1163 906 1334 969 Tam
1365 900 1550 968 bona
1574 904 1799 999 cervia
1820 954 1837 983 ,
1871 899 2077 968 simul
2108 924 2189 968 ac
2212 897 2479 993 jussero
2498 950 2517 981 ,
2548 898 2833 965 demete-

740 1026 851 1078 tur
868 1020 914 1078 ².
943 1043 970 1073 υ
1013 1014 1194 1099 Quin
1233 1029 1300 1079 et
1335 1011 1623 1080 subinde
1658 1008 1989 1104 jactabat,
2042 1042 2069 1071 α
2092 1012 2585 1104 exquisiturum
2621 1031 2693 1076 se
2728 1006 2831 1074 vel

736 1119 1024 1190 fidiculis
1047 1123 1132 1191 de
1157 1126 1460 1191 Caesonia
1489 1147 1611 1191 sua
1630 1174 1649 1205 ,
1678 1147 1803 1189 cur
1824 1147 1975 1191 eam
2002 1138 2189 1189 tanto
2218 1144 2423 1215 opere
2449 1118 2772 1211 diligeret.
2798 1150 2823 1178 υ

829 1238 1128 1302 XXXIV.
1181 1240 1318 1302 Nec
1352 1237 1613 1302 minore
1650 1232 1860 1301 livore
1890 1258 1974 1302 ac
2004 1232 2415 1325 malignitate
2432 1284 2453 1315 ,
2490 1255 2697 1325 quam
2732 1254 2831 1297 su-

735 1342 970 1435 perbia
1003 1347 1392 1439 saevitiaque
1411 1398 1428 1429 ,
1468 1369 1665 1438 paene
1703 1343 2031 1413 adversus
2068 1346 2285 1413 omnis
2324 1346 2450 1410 aevi
2485 1340 2829 1409 hominum

736 1477 948 1546 genus
969 1465 984 1492 ¹
1019 1472 1358 1546 grassatus
1387 1472 1506 1523 est.
1540 1458 1804 1524 Statuas
1835 1458 2139 1522 virorum
2170 1452 2533 1521 illustrium
2552 1504 2569 1533 ,
2598 1450 2686 1518 ab
2712 1456 2830 1517 Au·

733 1580 933 1657 gusto
977 1588 1061 1632 ex
1093 1564 1468 1656 Capitolina
1507 1590 1665 1634 area
1704 1582 1983 1659 propter
2024 1566 2365 1657 angustias
2406 1566 2475 1629 in
2512 1563 2827 1629 Martium

733 1698 1053 1767 campum
1079 1673 1353 1743 collatas
1376 1728 1393 1758 ,
1430 1678 1522 1743 ita
1555 1676 1885 1743 subvertit
1914 1693 2119 1771 atque
2145 1671 2407 1767 disjecit
2424 1726 2443 1755 ,
2472 1689 2549 1740 ut
2576 1672 2829 1739 restitui

733 1784 934 1853 salvis
953 1784 1164 1853 titulis
1187 1810 1325 1853 non
1347 1789 1731 1879 potuerint²
1752 1815 1767 1853 :
1790 1790 2137 1882 vetuitque
2161 1785 2443 1879 posthac
2464 1784 2829 1851 viventium

733 1900 1050 1991 cuiquam
1072 1919 1364 1990 usquam
1388 1912 1681 1964 statuam
1702 1912 1823 1965 aut
1842 1900 2206 1989 imaginem
2224 1950 2241 1979 ‚
2271 1898 2401 1964 nisi
2430 1919 2501 1962 se
2523 1892 2825 1962 consulto

733 2022 802 2073 et
821 2023 1128 2089 auctore,
1153 2004 1378 2098 poni-’2
1419 2010 1750 2099 Cogitavit
1780 2012 1981 2076 etiam
2003 2007 2089 2075 de
2114 2010 2389 2075 Homeri
2422 2004 2823 2074 carminibus

730 2115 1118 2199 ab'olendis;
1151 2147 1179 2176 α
1201 2120 1338 2184 Cur
1360 2120 1544 2185 enim
1568 2118 1693 2187 sibi
1718 2142 1858 2186 non
1878 2118 2115 2203 licere,
2139 2114 2411 2186 dicens4
2431 2169 2448 2198 ,
2480 2113 2665 2209 quod
2688 2114 2824 2183 Pla·

727 2230 874 2297 toni
888 2228 1222 2310 licuisset,
1249 2230 1368 2322 qui
1392 2252 1550 2297 eum
1569 2254 1608 2298 e
1626 2233 1891 2297 civitate
1912 2281 1930 2311 ,
1961 2254 2167 2325 quam
2190 2226 2668 2309 constituebat,
2693 2223 2823 2317 eje-

731 2340 932 2407 cerit?
951 2370 977 2399 n
1006 2337 1134 2405 Sed
1153 2354 1220 2405 et
1237 2340 1499 2431 Virgilii
1513 2364 1594 2407 ac
1612 2342 1745 2408 Titi
1766 2342 1932 2407 Livii
1952 2342 2198 2431 scripta
2216 2355 2283 2405 et
2300 2338 2623 2429 imagines
2640 2388 2658 2418 ,
2678 2358 2825 2428 pau-

728 2450 872 2520 lum
899 2448 1144 2532 abfuit,
1170 2452 1334 2545 quin
1359 2476 1442 2520 ex
1465 2451 1782 2520 omnibus
1806 2449 2222 2520 bibliothecis
2244 2466 2588 2519 amoveret
2614 2474 2631 2516 ι
2663 2470 2823 2543 quo·

725 2697 1086 2750 Ascalonitam
1101 2733 1118 2762 ‚
1141 2699 1304 2768 quiin
1323 2697 1529 2751 deliciis
1549 2701 1599 2750 ei
1618 2701 1733 2752 fue-

728 2791 826 2828 rat.
846 2777 1003 2828 Conf.
1023 2776 1126 2826 Dio
1139 2812 1156 2840 ‚
1175 2777 1292 2826 LIX
1307 2814 1325 2842 ,
1342 2779 1390 2830 5.
1413 2777 1629 2848 Apelles
1648 2777 1733 2830 hic

725 2867 838 2920 est,
867 2872 1026 2926 quem
1051 2867 1282 2905 veterem
1309 2854 1733 2908 Ascalonitarum

725 2951 849 3004 erga
862 2934 892 2984 J
899 2931 1077 2983 udaeos
1097 2930 1414 2984 simultatem
1437 2937 1735 2988 exercuisse

726 3011 856 3064 dicit
881 3009 1266 3063 infensissimus
1287 3008 1366 3062 illi
1393 3011 1542 3064 Philo
1559 3051 1576 3080 ,
1606 3015 1730 3084 Leg.

729 3089 800 3142 ad
822 3090 1026 3154 Caium.

800 3188 848 3222 2.
888 3169 1199 3220 Demetetur.
1230 3171 1308 3222 Ita
1333 3169 1567 3224 reddidit
1591 3173 1734 3225 Grae-

724 3250 842 3302 vius
860 3285 878 3313 ,
903 3267 1002 3318 pro
1031 3245 1172 3318 vulg.
1199 3249 1447 3302 demetur.

795 3327 1031 3378 XXXIV.
1081 3343 1124 3379 1.
1162 3326 1416 3381 Adversus
1442 3330 1611 3383 omnis
1636 3331 1736 3383 ωυί

726 3409 844 3460 hom
853 3408 1002 3460 inum
1011 3424 1194 3477 genus.
1213 3409 1294 3459 Ita
1313 3427 1376 3460 ex
1395 3409 1609 3462 Memm.
1631 3410 1735 3463 edi·

723 3488 799 3540 dit
817 3485 1168 3556 Oudendorp.
1190 3487 1424 3558 probans
1439 3490 1625 3541 Graevii
1640 3491 1735 3542 ele-

699 3563 704 3568 ’
723 3581 939 3640 gamem
975 3567 1335 3635 conjecturam
1357 3607 1374 3634 ‚
1421 3591 1444 3614 α
1475 3567 1731 3622 adven-sus

723 3663 876 3696 omne
895 3644 1067 3696 omnis
1085 3645 1183 3694 oevi
1201 3642 1479 3696 hominum
1496 3665 1682 3716 genus.
1701 3671 1723 3697 n

722 3725 809 3777 ΔΙ.
829 3724 1065 3777 adversus
1083 3740 1238 3776 unane
1251 3743 1417 3798 qenus
1437 3725 1733 3796 leontinum,

723 3803 817 3856 ubi
849 3805 1020 3858 omnis
1039 3801 1171 3868 oevt‘,
1202 3803 1351 3875 qnod
1373 3810 1731 3860 necessarium

723 3883 792 3935 ad
814 3884 1048 3936 auctoris
1075 3883 1393 3950 consilium,
1423 3883 1563 3936 male
1590 3884 1731 3938 ‹lesi-

723 3963 954 4014 deratur.
985 3965 1268 4015 Burmann.
1295 3977 1348 4016 et
1371 3965 1579 4017 Ernest.
1606 3965 1729 4018 red-

724 4039 974 4092 diderunt
1019 4040 1161 4114 vulg.
1217 4065 1238 4090 α
1265 4041 1514 4096 adversus
1559 4047 1729 4097 omnis

723 4119 817 4170 nvi
845 4118 1102 4172 homines.
1128 4145 1149 4170 n

1899 2719 1947 2753 2.
1978 2701 2103 2753 Non
2126 2700 2409 2771 potuerint.
2433 2697 2518 2748 Al.
2542 2695 2824 2758 valuerint,

1826 2778 1973 2851 quod
2006 2778 2075 2830 de
2109 2777 2327 2830 homine
2348 2815 2366 2844 ‚
2408 2787 2501 2828 ant
2534 2776 2601 2828 iis
2636 2773 2821 2836 rebus,

1826 2857 2019 2930 quibus
2056 2857 2249 2926 agendi
2282 2855 2365 2908 vel
2402 2852 2689 2927 praestandi
2729 2849 2823 2903 ali-

1826 2936 1955 3009 quid
1974 2937 2228 3002 facultas,
2251 2938 2408 2988 unice
2422 2935 2554 2999 dici,
2572 2936 2690 3003 jure
2709 2950 2825 2983 con·

1823 3016 2050 3070 tendunt
2074 3019 2356 3068 Burmann.
2385 3029 2435 3068 et
2460 3013 2705 3069 Oudend.
2730 3013 2825 3063 nisi

1825 3099 1944 3170 quis
1972 3114 2093 3148 cum
2122 3095 2347 3147 Mullero
2378 3093 2551 3164 legere
2578 3091 2723 3144 malit
2750 3109 2825 3141 re-

1822 3177 2029 3229 stituere
2068 3173 2331 3227 valuerint
2349 3214 2365 3240 ,
2409 3171 2522 3225 scil.
2565 3171 2820 3223 homines.

1824 3258 1997 3307 Antea
2013 3256 2116 3307 suis
2132 3273 2232 3326 pro
2254 3253 2408 3306 salvis
2427 3251 2563 3303 male
2584 3269 2822 3303 eorrexe-

1824 3351 1949 3388 runt
1971 3338 2218 3388 Torrent.
2246 3349 2299 3387 et
2324 3335 2549 3404 Lipsius.

1894 3417 1945 3468 3.
1990 3416 2349 3488 Vetuitque....
2366 3415 2516 3486 poni.
2542 3411 2824 3482 Comparat

1822 3493 2049 3546 Casaub.
2084 3491 2291 3546 Claudii
2314 3489 2383 3544 de
2415 3511 2473 3543 re
2504 3489 2691 3542 eadem
2713 3487 2823 3540 edi-

1822 3585 1999 3641 ctum,
2032 3571 2178 3646 quod
2212 3573 2371 3624 affert
2402 3571 2537 3634 Dio,
2572 3569 2665 3620 LX
2685 3607 2703 3634 ‚
2728 3569 2790 3620 25
2807 3607 2821 3633 ‚

1822 3653 1917 3706 ubi
1950 3653 2155 3706 Fabric.
2191 3651 2376 3704 laudat
2404 3648 2721 3719 Frigelium‚
2756 3646 2821 3699 de

1822 3731 2017 3784 Statuis
2036 3734 2425 3794 Romanorum,
2445 3747 2561 3799 cap.
2592 3747 2681 3794 ιο,
2699 3745 2821 3798 pag.

1825 3829 1888 3882 77
1920 3830 2030 3881 seq.
2069 3813 2171 3862 Pro
2199 3811 2365 3881 poni,
2400 3807 2609 3859 Muller.
2643 3807 2823 3859 suadet

1822 3889 2004 3961 reponi
2017 3927 2035 3954 ‚
2062 3889 2316 3960 absorpto
2342 3905 2393 3938 re
2416 3905 2446 3939 a
2470 3885 2695 3958 praeced.
2723 3905 2819 3936 au-

1820 3979 1975 4021 ctore.

1892 4050 1943 4116 4.
1974 4049 2179 4101 Dicens.
2206 4049 2283 4098 Ex
2310 4047 2539 4115 margine
2566 4045 2819 4098 intrusum

1819 4125 2047 4180 videtur.
2074 4129 2155 4180 lta
2180 4127 2339 4180 etiam
2360 4121 2607 4178 Oudend.
2630 4135 2683 4176 et
2701 4123 2822 4174 Ern.
