3050 5004
695 418 774 485 18
1219 410 1237 428 χ
1431 413 1504 477 C.
1556 412 2027 480 SUETONII

679 546 1046 629 festinavit,
1069 556 1467 635 tempestate
1485 539 1760 608 turbida
1774 592 1791 623 ,
1814 566 1952 636 quo
1964 544 2177 634 magis
2196 544 2412 635 pietas
2430 548 2789 615 emineret:

680 658 977 751 adiitque
1005 651 1524 723 venerabundus
1540 704 1557 735 ,
1591 675 1673 719 ac
1708 676 1833 744 per
1870 669 2085 721 semet
2110 654 2181 719 in
2218 678 2428 743 urnas
2464 655 2787 725 condidit.

679 774 820 839 Nec
835 771 1098 837 minore
1127 764 1367 834 scena-⁹⁸
1393 766 1687 847 Ostiam,
1717 762 1997 857 praefixo
2024 767 2096 832 in
2122 764 2397 835 biremis
2425 792 2657 861 puppe
2681 793 2795 837 ve-

555 934 564 942 .
673 878 838 949 xillo
857 932 876 963 ,
905 895 974 947 et
999 875 1158 946 inde
1185 880 1470 942 Romam
1493 874 1724 943 Tiberi
1750 875 2111 944 subvectos
2127 928 2144 957 ,
2174 900 2297 969 per
2325 876 2785 970 splendidissi-

671 1016 864 1059 mum
887 1010 1230 1085 quemque
1255 988 1585 1081 equestris
1609 983 1867 1055 ordinis
1882 1039 1900 1070 ,
1924 987 2151 1055 medio
2176 1011 2257 1055 ac
2278 988 2616 1084 frequenti
2638 988 2791 1057 4die

669 1098 940 1167 duobus
971 1094 1245 1165 ferculis
1285 1092 1639 1161 Mausoleo
1676 1093 1906 1161 intulit
1933 1120 1947 1160 z
1984 1094 2392 1191 inferiasque
2420 1096 2525 1165 his
2556 1124 2789 1167 annua

669 1210 992 1303 religione
1011 1205 1282 1300 publice
1301 1206 1629 1273 instituit:
1658 1220 1727 1272 et
1754 1228 1834 1273 eo
1862 1205 2156 1299 amplius
2180 1210 2379 1275 matri
2398 1212 2747 1279 Circenses
2764 1263 2783 1293 ,

667 1317 1238 1414 carpentumque⁵
1253 1370 1272 1399 ,
1293 1339 1434 1411 quo
1453 1318 1522 1385 in
1544 1338 1795 1409 pompa
1813 1314 2303 1385 traduceretur.
2325 1324 2411 1386 At
2430 1322 2503 1387 in
2522 1345 2787 1388 memo-

663 1436 834 1501 riam
863 1432 1075 1525 patris
1093 1426 1560 1521 Septembrem
1580 1450 1890 1494 mensem
1914 1428 2361 1495 Gemanicum
2388 1430 2779 1523 appellavit.

667 1550 826 1613 Post
847 1544 994 1612 haec
1013 1541 1318 1609 Antoniae
1341 1538 1553 1607 aviae⁶
1568 1588 1586 1620 ,
1608 1536 1930 1633 quicquid
1949 1562 2255 1633 unquam
2272 1542 2459 1609 Livia
2478 1548 2784 1634 Augusta

664 1657 1006 1725 honorum
1027 1654 1349 1745 cepisset,
1373 1674 1515 1718 uno
1540 1650 2138 1719 Senatusconsulto
2161 1655 2517 1744 congessit.
2552 1658 2785 1721 Patru-

663 1793 785 1838 um
811 1764 1172 1835 Claudium
1192 1816 1210 1847 ,
1239 1764 1557 1858 Equitem
1585 1768 1969 1831 Romanum
1998 1761 2085 1831 ad
2121 1761 2191 1831 id
2222 1781 2491 1859 tempus
2510 1818 2529 1849 ,
2570 1767 2780 1837 colle-

661 1905 818 1975 gam
845 1878 972 1947 sibi
1006 1879 1078 1943 in
1105 1873 1468 1945 consulatu
1497 1876 1877 1942 assumsit7.
1920 1881 2225 1943 Fratrem
2245 1876 2631 1945 Tiberium⁸
2664 1878 2782 1947 die

657 1990 868 2063 virilis
889 2008 1066 2081 togae
1087 1987 1437 2081 adoptavit
1454 2036 1473 2068 ,
1507 1986 2009 2082 appellavitque
2025 1991 2772 2083 principemy‘uventutp's.

657 2110 757 2175 De
782 2101 1163 2173 sororibus9
1186 2114 1424 2167 auctor
1440 2099 1572 2166 fuit
1589 2151 1607 2180 ,
1635 2113 1713 2165 ut
1729 2090 2502 2169 omnibus‘sacramentis
2524 2100 2776 2195 adjice-

655 2232 874 2298 retur,
895 2216 1194 2296 NEQUE
1217 2214 1348 2278 ME
1370 2210 1916 2297 LmERosQUE
1936 2213 2171 2280 Meos
2188 2214 2608 2281 CAR10RES
2626 2216 2776 2281 HA-

655 2464 845 2540 trisque
861 2461 1072 2515 eineres.
1101 2457 1186 2511 Cf.
1207 2455 1388 2509 Tiber.
1409 2454 1510 2524 543
1536 2456 1671 2522 Dio,
1760 2456 1832 2510 cf.
1856 2456 1998 2529 Lips.
2026 2455 2097 2512 ad
2114 2458 2286 2510 Tacit.
2312 2456 2507 2510 Annal.
2532 2458 2654 2526 xn,
2678 2458 2769 2526 42.

655 2543 804 2611 le,
831 2542 882 2595 3.
921 2538 1234 2593 Accuratior
1271 2538 1441 2592 Dione
1479 2536 1672 2588 Sueto-

653 2624 777 2676 nius
791 2617 1287 2690 matrisfratrisque,
1299 2613 1511 2685 nonfra
1518 2624 1673 2666 trum·

654 2719 781 2775 que,
810 2703 1016 2752 cineres
1038 2695 1195 2760 dicit,
1225 2712 1454 2765 quorum
1486 2691 1583 2744 illa
1613 2695 1669 2744 in

650 2776 828 2832 insula
864 2774 1215 2840 Pandateria,
1253 2771 1342 2823 hic
1377 2774 1430 2823 in
1472 2771 1667 2822 Pontia

650 2859 882 2932 perierat
911 2851 1163 2927 (mallem-
1193 2852 1335 2902 enim
1366 2848 1418 2900 h.
1455 2849 1489 2900 l.
1516 2850 1667 2903 Pon-

651 2940 783 2991 tiam
818 2953 942 2989 cum
975 2931 1258 2985 Torrentio
1296 2929 1527 2983 scribere
1546 2965 1564 2995 ‚
1604 2943 1667 2981 ut

649 3018 828 3072 Tiber-
847 3016 915 3083 54
926 3053 944 3083 ‚
957 3012 1103 3088 quod
1119 3011 1322 3084 duplici
1339 3011 1509 3062 forma
1523 3009 1666 3063 idem

651 3112 840 3152 auctor
883 3112 1014 3148 usus
1063 3111 1180 3145 esse
1225 3109 1338 3142 nou
1381 3089 1662 3161 videtur),

658 3195 818 3250 quum
839 3175 1046 3228 Drusus
1061 3171 1280 3225 Romae‘
1267 3188 1322 3221 m
1347 3168 1589 3220 Palatio'
1574 3188 1662 3222 m-

649 3257 903 3311 terfeetus
936 3254 1124 3306 fuisset
1141 3284 1159 3318 ,
1193 3267 1516 3343 quamquam
1546 3267 1663 3300 cre-

649 3338 814 3392 dibile
855 3349 975 3403 est,
1021 3334 1181 3404 hujus
1223 3333 1426 3383 eineres
1469 3330 1661 3383 eodem

648 3439 772 3473 eum
789 3418 894 3472 illis
911 3417 1118 3470 honore
1137 3413 1302 3464 fuisse
1317 3413 1656 3481 conjunctos.

720 3498 770 3550 3.
787 3499 900 3552 Nee
913 3495 1116 3546 minore
1128 3508 1278 3544 scena
1287 3491 1527 3560 ‚speeie,
1543 3508 1662 3561 spe-

645 3569 893 3628 ctaculoz
926 3569 1114 3644 quod'
1101 3587 1276 3640 ipsum
1305 3565 1530 3620 dicimus
1558 3587 1658 3622 nos

642 3648 1164 3729 doalaqe,appaoei1.

715 3733 769 3802 4.
803 3732 883 3785 Ae
893 3728 1167 3802 frequenti
1188 3725 1290 3778 die.
1315 3724 1520 3778 Inutilis
1544 3744 1653 3780 mu·

640 3805 772 3867 tatio
793 3826 873 3866 est
896 3809 1062 3882 Lipsii
1086 3821 1138 3860 et
1157 3807 1423 3859 Torrentii
1435 3805 1655 3876 ferven-

637 3895 704 3959 ti,
729 3890 1080 3963 tautologiam
1103 3889 1262 3940 etism
1286 3887 1494 3937 auctori
1519 3886 1650 3938 infe·

633 3989 756 4027 reus
779 3991 880 4044 pro
903 3971 1166 4024 sententia
1193 3967 1317 4018 satis
1339 3963 1642 4016 commoda.

704 4051 755 4105 5.
785 4053 1236 4125 ᾱφοηωωᾳιιε,·
1261 4057 1482 4097 tensam.
1509 4043 1645 4097 Vide

630 4135 759 4188 Ces.
791 4132 876 4203 76.
911 4131 1147 4184 Omnino
1171 4125 1240 4180 de
1269 4143 1369 4178 usu
1399 4125 1641 4195 carpenti

1830 2537 1883 2590 6.
1922 2539 2051 2590 Post
2070 2535 2179 2588 hoec
2202 2537 2446 2590 Antonioe
2468 2539 2601 2590 wioe
2616 2577 2633 2604 ,
2663 2552 2769 2592 ete.

1757 2616 1891 2683 Dio,
1915 2618 2031 2669 le
2046 2654 2064 2684 ,
2087 2617 2150 2684 3,
2174 2615 2267 2668 ubi
2290 2614 2409 2668 vide
2433 2615 2638 2668 Fabric.
2664 2637 2775 2670 nu-

1756 2715 1873 2749 mos
1896 2710 2296 2768 comparantem
2310 2733 2327 2764 ,
2349 2697 2405 2746 in
2432 2695 2629 2767 quibus
2652 2699 2771 2751 Διι-

1758 2777 1907 2828 tonia
1934 2776 2181 2828 Sacerdos
2208 2777 2433 2846 Anqusti
2460 2775 2684 2844 dicitur,
2712 2793 2772 2832 et

1754 2854 2161 2925 Inscriptionem
2186 2851 2331 2924 apud
2356 2854 2644 2916 Gruterum
2659 2892 2676 2921 ‚
2706 2875 2767 2928 p.

1755 2929 2065 2982 ccxxxvl
2079 2969 2097 2994 ,
2118 2947 2171 2998 9.

1828 3025 1877 3079 7.
1918 3011 2177 3062 Patr-uum
2200 3009 2539 3065 Claudium...
2565 3031 2770 3066 assum—

1753 3087 1849 3148 sit3
1878 3106 2002 3140 ann.
2029 3107 2153 3160 790·
2180 3081 2470 3143 Confi'Dio
2489 3127 2505 3158 ,
2530 3093 2678 3160 ux,
2708 3095 2763 3148 6.

1752 3165 1815 3216 ln
1834 3167 2069 3238 equestri
2088 3163 2278 3219 ordine
2296 3183 2621 3222 remanserat
2640 3171 2769 3226 huc-

1752 3261 1921 3316 usque
1941 3283 1958 3311 ,
1994 3243 2241 3316 legitimis
2287 3244 2620 3314 honoribus,
2670 3254 2766 3322 qui

1752 3322 1956 3376 aditum
1982 3325 2038 3375 in
2062 3325 2277 3376 Curiam
2300 3323 2518 3392 darent,
2546 3345 2581 3379 a
2602 3327 2765 3381 Tibe-

1750 3405 1831 3456 rio
1858 3403 2119 3458 exclusus.
2149 3402 2283 3458 Vide
2308 3405 2498 3459 Claud.
2530 3408 2580 3462 5.

1820 3487 1871 3540 8.
1912 3487 2141 3538 Fratrem
2166 3485 2471 3555 Tiberium,
2500 3503 2600 3543 ete.
2627 3490 2760 3558 Dio,

1744 3564 1896 3630 LIX,
1921 3565 1971 3618 8.
1996 3566 2228 3616 Fratrem
2250 3565 2379 3619 dicit
2404 3567 2719 3638 patruelem.

1816 3663 1869 3716 9.
1906 3645 1987 3696 De
2014 3643 2293 3712 sororibus,
2320 3659 2425 3700 etc.
2452 3649 2586 3716 Dio,
2608 3649 2759 3718 LIX,

1744 3724 1795 3776 3.
1816 3726 1977 3777 Recte
1996 3723 2225 3777 casaub.
2252 3743 2317 3777 ex
2340 3725 2530 3780 eodem
2552 3729 2759 3798 Dione,

1744 3823 1861 3875 cap.
1901 3822 1967 3874 9,
2012 3803 2295 3858 lectionem
2331 3809 2553 3873 asserit,
2592 3827 2757 3880 quam

1737 3883 1902 3936 habet
1924 3886 2306 3954 Meminimus,
2332 3903 2553 3954 niuem,
2582 3901 2753 3958 quum

1738 3963 1825 4016 alii
1846 3963 1976 4018 dent
1996 3981 2176 4016 uasto,
2204 3967 2309 4017 Dio
2330 3967 2473 4019 enim
2488 4005 2505 4033 ,
2528 3985 2754 4036 τροτιμι-

1736 4063 1907 4098 eormv.
1922 4047 2099 4117 Atque
2118 4046 2193 4097 ita
2210 4059 2451 4097 suaserat
2462 4049 2577 4117 jam
2598 4049 2747 4118 Lips.

1734 4122 1801 4175 ad
1820 4125 1989 4178 Tacit.
2015 4121 2205 4177 Annal.
2232 4125 2343 4188 XV,
2368 4123 2455 4194 67.
