<?xml version="1.0" encoding="UTF-8"?>
<!DOCTYPE html PUBLIC "-//W3C//DTD XHTML 1.0 Transitional//EN"
    "http://www.w3.org/TR/xhtml1/DTD/xhtml1-transitional.dtd">
<html xmlns="http://www.w3.org/1999/xhtml" xml:lang="en" lang="en">
 <head>
  <title>
</title>
<meta http-equiv="Content-Type" content="text/html;charset=utf-8" />
  <meta name='ocr-system' content='tesseract 3.04.00' />
  <meta name='ocr-capabilities' content='ocr_page ocr_carea ocr_par ocr_line ocrx_word'/>
</head>
<body>
  <div class='ocr_page' id='page_1' title='image "./csuetoniitranqu09suetgoog_0061.png"; bbox 0 0 3050 5004; ppageno 0'>
   <div class='ocr_carea' id='block_1_1' title="bbox 1439 426 2030 497">
    <p class='ocr_par' dir='ltr' id='par_1_1' title="bbox 1439 426 2030 497">
     <span class='ocr_line' id='line_1_1' title="bbox 1439 426 2030 497; baseline 0.002 -4"><span class='ocrx_word' id='word_1_1' title='bbox 1439 430 1512 494; x_wconf 91' lang='lat' dir='ltr'><strong>C.</strong></span> <span class='ocrx_word' id='word_1_2' title='bbox 1564 426 2030 497; x_wconf 87' lang='lat' dir='ltr'><strong>SUETONll</strong></span> 
     </span>
    </p>
   </div>
   <div class='ocr_carea' id='block_1_2' title="bbox 689 550 2807 2309">
    <p class='ocr_par' dir='ltr' id='par_1_2' title="bbox 689 550 2807 2309">
     <span class='ocr_line' id='line_1_2' title="bbox 785 550 2797 646; baseline 0 -25"><span class='ocrx_word' id='word_1_3' title='bbox 785 557 1114 622; x_wconf 86' lang='lat' dir='ltr'>XXXVII.</span> <span class='ocrx_word' id='word_1_4' title='bbox 1166 555 1536 645; x_wconf 81' lang='lat' dir='ltr'><strong>Nepotatus</strong></span> <span class='ocrx_word' id='word_1_5' title='bbox 1556 562 1570 589; x_wconf 89' lang='lat'><strong>¹</strong></span> <span class='ocrx_word' id='word_1_6' title='bbox 1622 550 1957 621; x_wconf 84' lang='lat' dir='ltr'>sumtibus</span> <span class='ocrx_word' id='word_1_7' title='bbox 2001 554 2305 621; x_wconf 90' lang='lat' dir='ltr'><strong>omnium</strong></span> <span class='ocrx_word' id='word_1_8' title='bbox 2348 550 2797 646; x_wconf 77' lang='lat' dir='ltr'><strong>prodigorum</strong></span> 
     </span>
     <span class='ocr_line' id='line_1_3' title="bbox 693 664 2793 759; baseline -0 -25"><span class='ocrx_word' id='word_1_9' title='bbox 693 669 960 759; x_wconf 85' lang='lat' dir='ltr'><strong>ingenia</strong></span> <span class='ocrx_word' id='word_1_10' title='bbox 987 667 1329 756; x_wconf 87' lang='lat' dir='ltr'><strong>superavit</strong></span> <span class='ocrx_word' id='word_1_11' title='bbox 1347 715 1365 747; x_wconf 90' lang='lat'><strong>,</strong></span> <span class='ocrx_word' id='word_1_12' title='bbox 1395 680 1819 731; x_wconf 90' lang='lat' dir='ltr'><strong>commentus</strong></span> <span class='ocrx_word' id='word_1_13' title='bbox 1846 688 2102 733; x_wconf 86' lang='lat' dir='ltr'><strong>novum</strong></span> <span class='ocrx_word' id='word_1_14' title='bbox 2128 664 2528 733; x_wconf 89' lang='lat' dir='ltr'><strong>balnearum</strong></span> <span class='ocrx_word' id='word_1_15' title='bbox 2547 684 2753 733; x_wconf 85' lang='lat' dir='ltr'><strong>usum</strong></span> <span class='ocrx_word' id='word_1_16' title='bbox 2772 718 2793 748; x_wconf 86' lang='lat'>‚</span> 
     </span>
     <span class='ocr_line' id='line_1_4' title="bbox 691 773 2800 871; baseline -0.001 -27"><span class='ocrx_word' id='word_1_17' title='bbox 691 777 1266 871; x_wconf 75' lang='lat' dir='ltr'><strong>portentosissima</strong></span> <span class='ocrx_word' id='word_1_18' title='bbox 1293 798 1539 867; x_wconf 87' lang='lat' dir='ltr'><strong>genera</strong></span> <span class='ocrx_word' id='word_1_19' title='bbox 1562 774 1869 843; x_wconf 88' lang='lat' dir='ltr'><strong>ciborum</strong></span> <span class='ocrx_word' id='word_1_20' title='bbox 1899 792 2103 871; x_wconf 89' lang='lat' dir='ltr'><strong>atque</strong></span> <span class='ocrx_word' id='word_1_21' title='bbox 2130 798 2507 843; x_wconf 85' lang='lat' dir='ltr'><strong>coenarum:</strong></span> <span class='ocrx_word' id='word_1_22' title='bbox 2538 791 2618 843; x_wconf 87' lang='lat' dir='ltr'><strong>ut</strong></span> <span class='ocrx_word' id='word_1_23' title='bbox 2638 773 2800 841; x_wconf 87' lang='lat' dir='ltr'><strong>cali-</strong></span> 
     </span>
     <span class='ocr_line' id='line_1_5' title="bbox 693 882 2798 980; baseline -0 -26"><span class='ocrx_word' id='word_1_24' title='bbox 693 885 796 956; x_wconf 89' lang='lat' dir='ltr'><strong>dis</strong></span> <span class='ocrx_word' id='word_1_25' title='bbox 833 885 1225 980; x_wconf 78' lang='lat' dir='ltr'><strong>frigidisque</strong></span> <span class='ocrx_word' id='word_1_26' title='bbox 1260 886 1625 975; x_wconf 84' lang='lat' dir='ltr'><strong>unguentis</strong></span> <span class='ocrx_word' id='word_1_27' title='bbox 1661 882 2025 968; x_wconf 85' lang='lat' dir='ltr'><strong>lavaretur,</strong></span> <span class='ocrx_word' id='word_1_28' title='bbox 2068 887 2581 979; x_wconf 84' lang='lat' dir='ltr'><strong>pretiosissimas</strong></span> <span class='ocrx_word' id='word_1_29' title='bbox 2618 910 2798 953; x_wconf 89' lang='lat' dir='ltr'><strong>mar-</strong></span> 
     </span>
     <span class='ocr_line' id='line_1_6' title="bbox 693 993 2794 1094; baseline 0 -31"><span class='ocrx_word' id='word_1_30' title='bbox 693 1000 938 1090; x_wconf 84' lang='lat' dir='ltr'><strong>garitas</strong></span> <span class='ocrx_word' id='word_1_31' title='bbox 961 1010 1152 1063; x_wconf 87' lang='lat' dir='ltr'><strong>aceto</strong></span> <span class='ocrx_word' id='word_1_32' title='bbox 1175 994 1564 1090; x_wconf 78' lang='lat' dir='ltr'><strong>liquefactas</strong></span> <span class='ocrx_word' id='word_1_33' title='bbox 1591 993 1893 1094; x_wconf 83' lang='lat' dir='ltr'><strong>sorberet</strong></span> <span class='ocrx_word' id='word_1_34' title='bbox 1911 1048 1929 1077; x_wconf 91' lang='lat'>‚</span> <span class='ocrx_word' id='word_1_35' title='bbox 1958 997 2257 1065; x_wconf 88' lang='lat' dir='ltr'><strong>convivis</strong></span> <span class='ocrx_word' id='word_1_36' title='bbox 2282 1019 2365 1063; x_wconf 88' lang='lat' dir='ltr'><strong>ex</strong></span> <span class='ocrx_word' id='word_1_37' title='bbox 2386 1018 2553 1063; x_wconf 91' lang='lat' dir='ltr'><strong>auro</strong></span> <span class='ocrx_word' id='word_1_38' title='bbox 2576 1018 2794 1087; x_wconf 88' lang='lat' dir='ltr'><strong>panes</strong></span> 
     </span>
     <span class='ocr_line' id='line_1_7' title="bbox 693 1104 2796 1201; baseline -0.002 -25"><span class='ocrx_word' id='word_1_39' title='bbox 693 1130 762 1176; x_wconf 89' lang='lat' dir='ltr'><strong>et</strong></span> <span class='ocrx_word' id='word_1_40' title='bbox 801 1108 1084 1201; x_wconf 89' lang='lat' dir='ltr'><strong>opsonia</strong></span> <span class='ocrx_word' id='word_1_41' title='bbox 1123 1119 1492 1198; x_wconf 87' lang='lat' dir='ltr'><strong>apponeret</strong></span> <span class='ocrx_word' id='word_1_42' title='bbox 1510 1155 1529 1186; x_wconf 83' lang='lat'>‚</span> <span class='ocrx_word' id='word_1_43' title='bbox 1580 1134 1609 1163; x_wconf 74' lang='grc' dir='ltr'><strong><em>α</em></strong></span> <span class='ocrx_word' id='word_1_44' title='bbox 1634 1119 1755 1171; x_wconf 89' lang='lat' dir='ltr'><strong>aut</strong></span> <span class='ocrx_word' id='word_1_45' title='bbox 1798 1104 1974 1195; x_wconf 82' lang='lat' dir='ltr'><strong>frugi</strong></span> <span class='ocrx_word' id='word_1_46' title='bbox 2016 1104 2362 1173; x_wconf 90' lang='lat' dir='ltr'><strong>hominem</strong></span> <span class='ocrx_word' id='word_1_47' title='bbox 2400 1128 2549 1173; x_wconf 88' lang='lat' dir='ltr'><strong>esse</strong></span> <span class='ocrx_word' id='word_1_48' title='bbox 2590 1129 2796 1199; x_wconf 90' lang='lat' dir='ltr'><strong>opor-</strong></span> 
     </span>
     <span class='ocr_line' id='line_1_8' title="bbox 692 1215 2803 1302; baseline -0.001 -16"><span class='ocrx_word' id='word_1_49' title='bbox 692 1235 867 1300; x_wconf 87' lang='lat' dir='ltr'><strong>tere,</strong></span> <span class='ocrx_word' id='word_1_50' title='bbox 891 1215 1202 1284; x_wconf 79' lang='lat' dir='ltr'><strong>dictitans</strong></span> <span class='ocrx_word' id='word_1_51' title='bbox 1222 1267 1239 1299; x_wconf 90' lang='lat'><strong>,</strong></span> <span class='ocrx_word' id='word_1_52' title='bbox 1265 1230 1384 1283; x_wconf 91' lang='lat' dir='ltr'><strong>aut</strong></span> <span class='ocrx_word' id='word_1_53' title='bbox 1407 1218 1766 1282; x_wconf 84' lang='lat' dir='ltr'><strong>Caesarem.</strong></span> <span class='ocrx_word' id='word_1_54' title='bbox 1792 1246 1823 1279; x_wconf 70' lang='grc' dir='ltr'><strong>υ</strong></span> <span class='ocrx_word' id='word_1_55' title='bbox 1854 1218 2033 1302; x_wconf 88' lang='lat' dir='ltr'><strong>Quin</strong></span> <span class='ocrx_word' id='word_1_56' title='bbox 2062 1230 2131 1285; x_wconf 91' lang='lat' dir='ltr'><strong>et</strong></span> <span class='ocrx_word' id='word_1_57' title='bbox 2155 1240 2471 1284; x_wconf 89' lang='lat' dir='ltr'><strong>nummos</strong></span> <span class='ocrx_word' id='word_1_58' title='bbox 2497 1240 2637 1284; x_wconf 92' lang='lat' dir='ltr'><strong>non</strong></span> <span class='ocrx_word' id='word_1_59' title='bbox 2658 1240 2803 1285; x_wconf 85' lang='lat' dir='ltr'><strong>me-</strong></span> 
     </span>
     <span class='ocr_line' id='line_1_9' title="bbox 691 1322 2799 1421; baseline -0 -26"><span class='ocrx_word' id='word_1_60' title='bbox 691 1327 938 1395; x_wconf 88' lang='lat' dir='ltr'><strong>diocris</strong></span> <span class='ocrx_word' id='word_1_61' title='bbox 975 1348 1258 1393; x_wconf 85' lang='lat' dir='ltr'><strong>summae</strong></span> <span class='ocrx_word' id='word_1_62' title='bbox 1287 1348 1324 1391; x_wconf 90' lang='lat' dir='ltr'><strong>e</strong></span> <span class='ocrx_word' id='word_1_63' title='bbox 1351 1324 1617 1417; x_wconf 79' lang='lat' dir='ltr'><strong>fastigio</strong></span> <span class='ocrx_word' id='word_1_64' title='bbox 1648 1322 1943 1393; x_wconf 84' lang='lat' dir='ltr'><strong>basilicae</strong></span> <span class='ocrx_word' id='word_1_65' title='bbox 1975 1323 2171 1393; x_wconf 83' lang='lat' dir='ltr'><strong>Juliae</strong></span> <span class='ocrx_word' id='word_1_66' title='bbox 2206 1350 2331 1419; x_wconf 91' lang='lat' dir='ltr'><strong>per</strong></span> <span class='ocrx_word' id='word_1_67' title='bbox 2363 1326 2623 1421; x_wconf 84' lang='lat' dir='ltr'><strong>aliquot</strong></span> <span class='ocrx_word' id='word_1_68' title='bbox 2646 1325 2799 1394; x_wconf 91' lang='lat' dir='ltr'><strong>dies</strong></span> 
     </span>
     <span class='ocr_line' id='line_1_10' title="bbox 695 1432 2799 1531; baseline -0.001 -24"><span class='ocrx_word' id='word_1_69' title='bbox 695 1439 940 1531; x_wconf 82' lang='lat' dir='ltr'><strong>sparsit</strong></span> <span class='ocrx_word' id='word_1_70' title='bbox 981 1440 1053 1502; x_wconf 91' lang='lat' dir='ltr'><strong>in</strong></span> <span class='ocrx_word' id='word_1_71' title='bbox 1093 1432 1427 1529; x_wconf 79' lang='lat' dir='ltr'><strong>plebem2.</strong></span> <span class='ocrx_word' id='word_1_72' title='bbox 1473 1433 1853 1503; x_wconf 86' lang='lat' dir='ltr'><strong>Fabricavit</strong></span> <span class='ocrx_word' id='word_1_73' title='bbox 1892 1452 1960 1502; x_wconf 91' lang='lat' dir='ltr'><strong>et</strong></span> <span class='ocrx_word' id='word_1_74' title='bbox 1998 1434 2313 1505; x_wconf 80' lang='lat' dir='ltr'><strong>deceres³</strong></span> <span class='ocrx_word' id='word_1_75' title='bbox 2358 1438 2753 1505; x_wconf 59' lang='lat' dir='ltr'><strong>Liburnicas</strong></span> <span class='ocrx_word' id='word_1_76' title='bbox 2776 1490 2799 1523; x_wconf 88' lang='lat'><strong>,</strong></span> 
     </span>
     <span class='ocr_line' id='line_1_11' title="bbox 691 1543 2799 1643; baseline 0.001 -28"><span class='ocrx_word' id='word_1_77' title='bbox 691 1549 1043 1643; x_wconf 84' lang='lat' dir='ltr'><strong>gemmatis</strong></span> <span class='ocrx_word' id='word_1_78' title='bbox 1083 1543 1426 1639; x_wconf 88' lang='lat' dir='ltr'><strong>puppibus</strong></span> <span class='ocrx_word' id='word_1_79' title='bbox 1447 1598 1467 1627; x_wconf 93' lang='lat'>‚</span> <span class='ocrx_word' id='word_1_80' title='bbox 1507 1545 2027 1615; x_wconf 85' lang='lat' dir='ltr'><strong>versicoloribus</strong></span> <span class='ocrx_word' id='word_1_81' title='bbox 2067 1547 2269 1632; x_wconf 75' lang='lat' dir='ltr'><strong>veli5‚</strong></span> <span class='ocrx_word' id='word_1_82' title='bbox 2316 1572 2564 1641; x_wconf 88' lang='lat' dir='ltr'><strong>magna</strong></span> <span class='ocrx_word' id='word_1_83' title='bbox 2606 1548 2799 1617; x_wconf 86' lang='lat' dir='ltr'><strong>ther-</strong></span> 
     </span>
     <span class='ocr_line' id='line_1_12' title="bbox 691 1657 2807 1755; baseline 0 -26"><span class='ocrx_word' id='word_1_84' title='bbox 691 1684 961 1729; x_wconf 88' lang='lat' dir='ltr'><strong>marum</strong></span> <span class='ocrx_word' id='word_1_85' title='bbox 989 1674 1057 1725; x_wconf 85' lang='lat' dir='ltr'><strong>et</strong></span> <span class='ocrx_word' id='word_1_86' title='bbox 1083 1660 1472 1751; x_wconf 86' lang='lat' dir='ltr'><strong>porticuum</strong></span> <span class='ocrx_word' id='word_1_87' title='bbox 1505 1673 1574 1725; x_wconf 88' lang='lat' dir='ltr'><strong>et</strong></span> <span class='ocrx_word' id='word_1_88' title='bbox 1597 1657 2045 1727; x_wconf 86' lang='lat' dir='ltr'><strong>tricliniorum</strong></span> <span class='ocrx_word' id='word_1_89' title='bbox 2080 1659 2349 1729; x_wconf 78' lang='lat' dir='ltr'><strong>laxitate</strong></span> <span class='ocrx_word' id='word_1_90' title='bbox 2366 1714 2385 1744; x_wconf 83' lang='lat'>‚</span> <span class='ocrx_word' id='word_1_91' title='bbox 2413 1682 2807 1755; x_wconf 87' lang='lat' dir='ltr'><strong>magnaque</strong></span> 
     </span>
     <span class='ocr_line' id='line_1_13' title="bbox 692 1768 2801 1867; baseline 0 -28"><span class='ocrx_word' id='word_1_92' title='bbox 692 1775 894 1839; x_wconf 88' lang='lat' dir='ltr'><strong>etiam</strong></span> <span class='ocrx_word' id='word_1_93' title='bbox 916 1772 1154 1837; x_wconf 79' lang='lat' dir='ltr'><strong>vitium</strong></span> <span class='ocrx_word' id='word_1_94' title='bbox 1189 1784 1258 1835; x_wconf 90' lang='lat' dir='ltr'><strong>et</strong></span> <span class='ocrx_word' id='word_1_95' title='bbox 1292 1768 1781 1861; x_wconf 85' lang='lat' dir='ltr'><strong>pomiferarum</strong></span> <span class='ocrx_word' id='word_1_96' title='bbox 1812 1770 2133 1839; x_wconf 88' lang='lat' dir='ltr'><strong>arborum</strong></span> <span class='ocrx_word' id='word_1_97' title='bbox 2164 1775 2519 1839; x_wconf 85' lang='lat' dir='ltr'><strong>varietate:</strong></span> <span class='ocrx_word' id='word_1_98' title='bbox 2544 1770 2801 1867; x_wconf 81' lang='lat' dir='ltr'><strong>quibus</strong></span> 
     </span>
     <span class='ocr_line' id='line_1_14' title="bbox 691 1877 2805 1976; baseline 0 -26"><span class='ocrx_word' id='word_1_99' title='bbox 691 1880 1121 1950; x_wconf 87' lang='lat' dir='ltr'><strong>discumbens</strong></span> <span class='ocrx_word' id='word_1_100' title='bbox 1158 1877 1245 1946; x_wconf 91' lang='lat' dir='ltr'><strong>de</strong></span> <span class='ocrx_word' id='word_1_101' title='bbox 1283 1878 1394 1946; x_wconf 88' lang='lat' dir='ltr'><strong>die</strong></span> <span class='ocrx_word' id='word_1_102' title='bbox 1408 1878 1438 1930; x_wconf 83' lang='lat'>4</span> <span class='ocrx_word' id='word_1_103' title='bbox 1474 1882 1651 1947; x_wconf 85' lang='lat' dir='ltr'><strong>inter</strong></span> <span class='ocrx_word' id='word_1_104' title='bbox 1686 1880 1933 1949; x_wconf 88' lang='lat' dir='ltr'><strong>choros</strong></span> <span class='ocrx_word' id='word_1_105' title='bbox 1969 1906 2049 1949; x_wconf 92' lang='lat' dir='ltr'><strong>ac</strong></span> <span class='ocrx_word' id='word_1_106' title='bbox 2084 1883 2521 1976; x_wconf 74' lang='lat' dir='ltr'><strong>symphonias</strong></span> <span class='ocrx_word' id='word_1_107' title='bbox 2541 1935 2558 1967; x_wconf 90' lang='lat'><strong>,</strong></span> <span class='ocrx_word' id='word_1_108' title='bbox 2594 1882 2805 1951; x_wconf 85' lang='lat' dir='ltr'><strong>litora</strong></span> 
     </span>
     <span class='ocr_line' id='line_1_15' title="bbox 691 1994 2801 2087; baseline 0 -24"><span class='ocrx_word' id='word_1_109' title='bbox 691 1994 1072 2085; x_wconf 76' lang='lat' dir='ltr'><strong>Campaniae</strong></span> <span class='ocrx_word' id='word_1_110' title='bbox 1117 2007 1533 2085; x_wconf 79' lang='lat' dir='ltr'><strong>peragraret.</strong></span> <span class='ocrx_word' id='word_1_111' title='bbox 1584 1997 1664 2059; x_wconf 93' lang='lat' dir='ltr'><strong>In</strong></span> <span class='ocrx_word' id='word_1_112' title='bbox 1710 1995 2275 2063; x_wconf 70' lang='lat' dir='ltr'><strong>exsmctionibus</strong></span> <span class='ocrx_word' id='word_1_113' title='bbox 2320 1997 2801 2087; x_wconf 80' lang='lat' dir='ltr'><strong>praetoriorum</strong></span> 
     </span>
     <span class='ocr_line' id='line_1_16' title="bbox 689 2098 2801 2199; baseline -0.001 -26"><span class='ocrx_word' id='word_1_114' title='bbox 689 2121 894 2199; x_wconf 85' lang='lat' dir='ltr'><strong>atque</strong></span> <span class='ocrx_word' id='word_1_115' title='bbox 913 2098 1274 2169; x_wconf 80' lang='lat' dir='ltr'><strong>villarum⁵</strong></span> <span class='ocrx_word' id='word_1_116' title='bbox 1294 2154 1311 2186; x_wconf 89' lang='lat'><strong>,</strong></span> <span class='ocrx_word' id='word_1_117' title='bbox 1344 2104 1533 2168; x_wconf 90' lang='lat' dir='ltr'><strong>omni</strong></span> <span class='ocrx_word' id='word_1_118' title='bbox 1561 2104 1818 2170; x_wconf 86' lang='lat' dir='ltr'><strong>ratione</strong></span> <span class='ocrx_word' id='word_1_119' title='bbox 1842 2103 2227 2197; x_wconf 85' lang='lat' dir='ltr'><strong>posthabita</strong></span> <span class='ocrx_word' id='word_1_120' title='bbox 2246 2158 2263 2189; x_wconf 89' lang='lat'><strong>,</strong></span> <span class='ocrx_word' id='word_1_121' title='bbox 2291 2104 2460 2173; x_wconf 89' lang='lat' dir='ltr'><strong>nihil</strong></span> <span class='ocrx_word' id='word_1_122' title='bbox 2483 2120 2620 2172; x_wconf 89' lang='lat' dir='ltr'><strong>tam</strong></span> <span class='ocrx_word' id='word_1_123' title='bbox 2644 2104 2801 2171; x_wconf 88' lang='lat' dir='ltr'><strong>effi-</strong></span> 
     </span>
     <span class='ocr_line' id='line_1_17' title="bbox 690 2211 2790 2309; baseline -0.001 -27"><span class='ocrx_word' id='word_1_124' title='bbox 690 2237 841 2282; x_wconf 90' lang='lat' dir='ltr'><strong>cere</strong></span> <span class='ocrx_word' id='word_1_125' title='bbox 877 2211 1432 2305; x_wconf 83' lang='lat' dir='ltr'><strong>concupiscebat,</strong></span> <span class='ocrx_word' id='word_1_126' title='bbox 1479 2236 1686 2309; x_wconf 86' lang='lat' dir='ltr'><strong>quam</strong></span> <span class='ocrx_word' id='word_1_127' title='bbox 1728 2212 1917 2309; x_wconf 80' lang='lat' dir='ltr'><strong>quod</strong></span> <span class='ocrx_word' id='word_1_128' title='bbox 1949 2237 2151 2309; x_wconf 87' lang='lat' dir='ltr'><strong>posse</strong></span> <span class='ocrx_word' id='word_1_129' title='bbox 2188 2213 2361 2283; x_wconf 86' lang='lat' dir='ltr'><strong>effici</strong></span> <span class='ocrx_word' id='word_1_130' title='bbox 2400 2230 2790 2308; x_wconf 78' lang='lat' dir='ltr'><strong>negaretur.</strong></span> 
     </span>
    </p>
   </div>
   <div class='ocr_carea' id='block_1_3' title="bbox 695 432 780 515">
    <p class='ocr_par' dir='ltr' id='par_1_3' title="bbox 695 432 780 515">
     <span class='ocr_line' id='line_1_18' title="bbox 695 432 780 515; baseline 0 -18"><span class='ocrx_word' id='word_1_131' title='bbox 695 432 780 515; x_wconf 77' lang='lat'><strong>48</strong></span> 
     </span>
    </p>
   </div>
   <div class='ocr_carea' id='block_1_4' title="bbox 679 2452 1695 3878">
    <p class='ocr_par' dir='ltr' id='par_1_4' title="bbox 680 2452 1695 2988">
     <span class='ocr_line' id='line_1_19' title="bbox 687 2452 1695 2528; baseline -0.001 -18"><span class='ocrx_word' id='word_1_132' title='bbox 687 2458 760 2510; x_wconf 79' lang='lat' dir='ltr'><strong>tia</strong></span> <span class='ocrx_word' id='word_1_133' title='bbox 782 2452 968 2510; x_wconf 83' lang='lat' dir='ltr'><strong>referri</strong></span> <span class='ocrx_word' id='word_1_134' title='bbox 990 2452 1254 2508; x_wconf 83' lang='lat' dir='ltr'><strong>solebant.</strong></span> <span class='ocrx_word' id='word_1_135' title='bbox 1274 2452 1411 2508; x_wconf 76' lang='lat' dir='ltr'><strong>Vide</strong></span> <span class='ocrx_word' id='word_1_136' title='bbox 1428 2455 1572 2528; x_wconf 80' lang='lat' dir='ltr'><strong>Lips-</strong></span> <span class='ocrx_word' id='word_1_137' title='bbox 1590 2452 1695 2509; x_wconf 84' lang='lat' dir='ltr'><strong>Ex-</strong></span> 
     </span>
     <span class='ocr_line' id='line_1_20' title="bbox 686 2535 1692 2605; baseline -0.003 -14"><span class='ocrx_word' id='word_1_138' title='bbox 686 2556 826 2591; x_wconf 83' lang='lat' dir='ltr'><strong>curs.</strong></span> <span class='ocrx_word' id='word_1_139' title='bbox 855 2535 924 2589; x_wconf 84' lang='lat' dir='ltr'><strong>ad</strong></span> <span class='ocrx_word' id='word_1_140' title='bbox 949 2536 1118 2588; x_wconf 84' lang='lat' dir='ltr'><strong>Tacit.</strong></span> <span class='ocrx_word' id='word_1_141' title='bbox 1145 2535 1340 2588; x_wconf 85' lang='lat' dir='ltr'><strong>Annal.</strong></span> <span class='ocrx_word' id='word_1_142' title='bbox 1360 2537 1436 2604; x_wconf 82' lang='lat' dir='ltr'><strong>V,</strong></span> <span class='ocrx_word' id='word_1_143' title='bbox 1466 2537 1518 2605; x_wconf 71' lang='grc'><strong>4.</strong></span> <span class='ocrx_word' id='word_1_144' title='bbox 1546 2536 1692 2588; x_wconf 88' lang='lat' dir='ltr'><strong>Cali-</strong></span> 
     </span>
     <span class='ocr_line' id='line_1_21' title="bbox 685 2616 1691 2690; baseline 0.002 -22"><span class='ocrx_word' id='word_1_145' title='bbox 685 2617 810 2690; x_wconf 79' lang='lat' dir='ltr'><strong>gula</strong></span> <span class='ocrx_word' id='word_1_146' title='bbox 839 2629 1014 2668; x_wconf 82' lang='lat' dir='ltr'><strong>autem</strong></span> <span class='ocrx_word' id='word_1_147' title='bbox 1043 2616 1150 2683; x_wconf 79' lang='lat' dir='ltr'><strong>ita,</strong></span> <span class='ocrx_word' id='word_1_148' title='bbox 1177 2633 1372 2687; x_wconf 87' lang='lat' dir='ltr'><strong>nempe</strong></span> <span class='ocrx_word' id='word_1_149' title='bbox 1399 2616 1691 2672; x_wconf 78' lang='lat' dir='ltr'><strong>absentium</strong></span> 
     </span>
     <span class='ocr_line' id='line_1_22' title="bbox 683 2693 1693 2766; baseline -0.002 -20"><span class='ocrx_word' id='word_1_150' title='bbox 683 2695 990 2747; x_wconf 78' lang='lat' dir='ltr'><strong>maritorum</strong></span> <span class='ocrx_word' id='word_1_151' title='bbox 1005 2693 1218 2745; x_wconf 76' lang='lat' dir='ltr'><strong>nomine</strong></span> <span class='ocrx_word' id='word_1_152' title='bbox 1233 2713 1284 2747; x_wconf 80' lang='lat' dir='ltr'><strong>se</strong></span> <span class='ocrx_word' id='word_1_153' title='bbox 1305 2694 1577 2766; x_wconf 76' lang='lat' dir='ltr'><strong>repudium</strong></span> <span class='ocrx_word' id='word_1_154' title='bbox 1596 2693 1693 2745; x_wconf 78' lang='lat' dir='ltr'><strong>mi-</strong></span> 
     </span>
     <span class='ocr_line' id='line_1_23' title="bbox 680 2774 1690 2844; baseline 0 -18"><span class='ocrx_word' id='word_1_155' title='bbox 680 2778 821 2840; x_wconf 78' lang='lat' dir='ltr'><strong>sisse,</strong></span> <span class='ocrx_word' id='word_1_156' title='bbox 848 2776 902 2826; x_wconf 88' lang='lat' dir='ltr'><strong>in</strong></span> <span class='ocrx_word' id='word_1_157' title='bbox 921 2787 1042 2826; x_wconf 85' lang='lat' dir='ltr'><strong>acta</strong></span> <span class='ocrx_word' id='word_1_158' title='bbox 1059 2774 1242 2824; x_wconf 82' lang='lat' dir='ltr'><strong>referri</strong></span> <span class='ocrx_word' id='word_1_159' title='bbox 1253 2775 1413 2844; x_wconf 82' lang='lat' dir='ltr'><strong>jussit</strong></span> <span class='ocrx_word' id='word_1_160' title='bbox 1428 2811 1444 2837; x_wconf 88' lang='lat'><strong>‚</strong></span> <span class='ocrx_word' id='word_1_161' title='bbox 1465 2787 1527 2824; x_wconf 86' lang='lat' dir='ltr'><strong>ut</strong></span> <span class='ocrx_word' id='word_1_162' title='bbox 1546 2786 1690 2826; x_wconf 83' lang='lat' dir='ltr'><strong>recte</strong></span> 
     </span>
     <span class='ocr_line' id='line_1_24' title="bbox 683 2850 1689 2923; baseline -0.003 -17"><span class='ocrx_word' id='word_1_163' title='bbox 683 2855 888 2906; x_wconf 89' lang='lat' dir='ltr'><strong>monuit</strong></span> <span class='ocrx_word' id='word_1_164' title='bbox 909 2850 1260 2923; x_wconf 80' lang='lat' dir='ltr'><strong>Oudendorp.</strong></span> <span class='ocrx_word' id='word_1_165' title='bbox 1295 2851 1363 2904; x_wconf 82' lang='lat' dir='ltr'><strong>ad</strong></span> <span class='ocrx_word' id='word_1_166' title='bbox 1389 2851 1444 2903; x_wconf 88' lang='lat' dir='ltr'><strong>h.</strong></span> <span class='ocrx_word' id='word_1_167' title='bbox 1475 2851 1511 2904; x_wconf 94' lang='lat' dir='ltr'><strong>l.</strong></span> <span class='ocrx_word' id='word_1_168' title='bbox 1542 2854 1689 2905; x_wconf 82' lang='lat' dir='ltr'><strong>resti·</strong></span> 
     </span>
     <span class='ocr_line' id='line_1_25' title="bbox 683 2933 1123 2988; baseline -0.002 -6"><span class='ocrx_word' id='word_1_169' title='bbox 683 2934 786 2988; x_wconf 77' lang='lat' dir='ltr'><strong>tuti</strong></span> <span class='ocrx_word' id='word_1_170' title='bbox 815 2933 890 2983; x_wconf 77' lang='lat' dir='ltr'><strong>ita</strong></span> <span class='ocrx_word' id='word_1_171' title='bbox 917 2943 1123 2982; x_wconf 82' lang='lat' dir='ltr'><strong>auctor.</strong></span> 
     </span>
    </p>

    <p class='ocr_par' dir='ltr' id='par_1_5' title="bbox 679 3011 1691 3878">
     <span class='ocr_line' id='line_1_26' title="bbox 743 3011 1684 3081; baseline -0.003 -17"><span class='ocrx_word' id='word_1_172' title='bbox 743 3012 1003 3064; x_wconf 81' lang='lat' dir='ltr'><strong>xxxvn.</strong></span> <span class='ocrx_word' id='word_1_173' title='bbox 1021 3027 1041 3062; x_wconf 82' lang='grc' dir='ltr'><strong>ι</strong></span> <span class='ocrx_word' id='word_1_174' title='bbox 1053 3047 1068 3062; x_wconf 93' lang='grc'><strong>.</strong></span> <span class='ocrx_word' id='word_1_175' title='bbox 1083 3011 1391 3081; x_wconf 75' lang='lat' dir='ltr'><strong>Nepotatus.</strong></span> <span class='ocrx_word' id='word_1_176' title='bbox 1405 3011 1484 3062; x_wconf 83' lang='lat' dir='ltr'><strong>Ita</strong></span> <span class='ocrx_word' id='word_1_177' title='bbox 1497 3029 1527 3062; x_wconf 89' lang='lat' dir='ltr'><strong>e</strong></span> <span class='ocrx_word' id='word_1_178' title='bbox 1542 3011 1684 3065; x_wconf 81' lang='lat' dir='ltr'><strong>MSS.</strong></span> 
     </span>
     <span class='ocr_line' id='line_1_27' title="bbox 683 3079 1686 3161; baseline -0.002 -19"><span class='ocrx_word' id='word_1_179' title='bbox 683 3079 962 3142; x_wconf 83' lang='lat' dir='ltr'><strong>ediderunt</strong></span> <span class='ocrx_word' id='word_1_180' title='bbox 983 3091 1094 3159; x_wconf 85' lang='lat' dir='ltr'><strong>jam</strong></span> <span class='ocrx_word' id='word_1_181' title='bbox 1121 3086 1367 3161; x_wconf 28' lang='lat' dir='ltr'><strong>Oudendu.</strong></span> <span class='ocrx_word' id='word_1_182' title='bbox 1397 3101 1452 3140; x_wconf 90' lang='lat' dir='ltr'><strong>et</strong></span> <span class='ocrx_word' id='word_1_183' title='bbox 1477 3089 1686 3142; x_wconf 72' lang='lat' dir='ltr'><strong>Ernest.</strong></span> 
     </span>
     <span class='ocr_line' id='line_1_28' title="bbox 681 3165 1691 3243; baseline -0.001 -22"><span class='ocrx_word' id='word_1_184' title='bbox 681 3189 784 3243; x_wconf 86' lang='lat' dir='ltr'><strong>pro</strong></span> <span class='ocrx_word' id='word_1_185' title='bbox 816 3166 1112 3241; x_wconf 78' lang='lat' dir='ltr'><strong>Nepotinis.</strong></span> <span class='ocrx_word' id='word_1_186' title='bbox 1143 3166 1222 3218; x_wconf 90' lang='lat' dir='ltr'><strong>De</strong></span> <span class='ocrx_word' id='word_1_187' title='bbox 1255 3185 1312 3219; x_wconf 87' lang='lat' dir='ltr'><strong>re</strong></span> <span class='ocrx_word' id='word_1_188' title='bbox 1345 3165 1530 3220; x_wconf 88' lang='lat' dir='ltr'><strong>Senec.</strong></span> <span class='ocrx_word' id='word_1_189' title='bbox 1556 3169 1691 3220; x_wconf 83' lang='lat' dir='ltr'><strong>con-</strong></span> 
     </span>
     <span class='ocr_line' id='line_1_29' title="bbox 683 3245 1689 3320; baseline -0.002 -18"><span class='ocrx_word' id='word_1_190' title='bbox 683 3249 780 3303; x_wconf 82' lang='lat' dir='ltr'><strong>sol.</strong></span> <span class='ocrx_word' id='word_1_191' title='bbox 800 3249 869 3301; x_wconf 87' lang='lat' dir='ltr'><strong>ad</strong></span> <span class='ocrx_word' id='word_1_192' title='bbox 883 3245 1030 3300; x_wconf 77' lang='lat' dir='ltr'><strong>Helv.</strong></span> <span class='ocrx_word' id='word_1_193' title='bbox 1047 3265 1092 3298; x_wconf 85' lang='lat' dir='ltr'><strong>c.</strong></span> <span class='ocrx_word' id='word_1_194' title='bbox 1110 3265 1174 3318; x_wconf 86' lang='lat'><strong>9:</strong></span> <span class='ocrx_word' id='word_1_195' title='bbox 1201 3269 1224 3293; x_wconf 73' lang='grc' dir='ltr'><strong>α</strong></span> <span class='ocrx_word' id='word_1_196' title='bbox 1245 3249 1306 3301; x_wconf 90' lang='lat' dir='ltr'><strong>C.</strong></span> <span class='ocrx_word' id='word_1_197' title='bbox 1323 3249 1514 3314; x_wconf 83' lang='lat' dir='ltr'><strong>Caesar,</strong></span> <span class='ocrx_word' id='word_1_198' title='bbox 1531 3266 1689 3320; x_wconf 88' lang='lat' dir='ltr'><strong>quem</strong></span> 
     </span>
     <span class='ocr_line' id='line_1_30' title="bbox 681 3326 1691 3382; baseline 0 0"><span class='ocrx_word' id='word_1_199' title='bbox 681 3327 812 3382; x_wconf 81' lang='lat' dir='ltr'><strong>mihi</strong></span> <span class='ocrx_word' id='word_1_200' title='bbox 837 3326 1046 3382; x_wconf 77' lang='lat' dir='ltr'><strong>videtur</strong></span> <span class='ocrx_word' id='word_1_201' title='bbox 1069 3347 1244 3380; x_wconf 84' lang='lat' dir='ltr'><strong>rerum</strong></span> <span class='ocrx_word' id='word_1_202' title='bbox 1272 3339 1462 3380; x_wconf 83' lang='lat' dir='ltr'><strong>natura</strong></span> <span class='ocrx_word' id='word_1_203' title='bbox 1494 3329 1691 3382; x_wconf 80' lang='lat' dir='ltr'><strong>edidis-</strong></span> 
     </span>
     <span class='ocr_line' id='line_1_31' title="bbox 681 3406 1689 3479; baseline -0.002 -17"><span class='ocrx_word' id='word_1_204' title='bbox 681 3429 768 3474; x_wconf 78' lang='lat' dir='ltr'><strong>se,</strong></span> <span class='ocrx_word' id='word_1_205' title='bbox 791 3421 851 3461; x_wconf 85' lang='lat' dir='ltr'><strong>ut</strong></span> <span class='ocrx_word' id='word_1_206' title='bbox 875 3406 1206 3474; x_wconf 83' lang='lat' dir='ltr'><strong>ostenderet,</strong></span> <span class='ocrx_word' id='word_1_207' title='bbox 1231 3406 1362 3479; x_wconf 86' lang='lat' dir='ltr'><strong>quid</strong></span> <span class='ocrx_word' id='word_1_208' title='bbox 1383 3427 1591 3461; x_wconf 85' lang='lat' dir='ltr'><strong>summa</strong></span> <span class='ocrx_word' id='word_1_209' title='bbox 1613 3410 1689 3460; x_wconf 85' lang='lat' dir='ltr'><strong>vi-</strong></span> 
     </span>
     <span class='ocr_line' id='line_1_32' title="bbox 679 3486 1689 3560; baseline -0.002 -19"><span class='ocrx_word' id='word_1_210' title='bbox 679 3490 755 3541; x_wconf 83' lang='lat' dir='ltr'><strong>tia</strong></span> <span class='ocrx_word' id='word_1_211' title='bbox 773 3491 830 3542; x_wconf 91' lang='lat' dir='ltr'><strong>in</strong></span> <span class='ocrx_word' id='word_1_212' title='bbox 843 3506 1049 3542; x_wconf 84' lang='lat' dir='ltr'><strong>summa</strong></span> <span class='ocrx_word' id='word_1_213' title='bbox 1069 3486 1283 3541; x_wconf 83' lang='lat' dir='ltr'><strong>fortuna</strong></span> <span class='ocrx_word' id='word_1_214' title='bbox 1301 3501 1522 3560; x_wconf 82' lang='lat' dir='ltr'><strong>possent</strong></span> <span class='ocrx_word' id='word_1_215' title='bbox 1534 3527 1551 3557; x_wconf 87' lang='lat'><strong>‚</strong></span> <span class='ocrx_word' id='word_1_216' title='bbox 1570 3507 1689 3541; x_wconf 87' lang='lat' dir='ltr'><strong>cen-</strong></span> 
     </span>
     <span class='ocr_line' id='line_1_33' title="bbox 681 3567 1687 3630; baseline -0.002 -9"><span class='ocrx_word' id='word_1_217' title='bbox 681 3570 781 3622; x_wconf 80' lang='lat' dir='ltr'><strong>ties</strong></span> <span class='ocrx_word' id='word_1_218' title='bbox 812 3567 1061 3621; x_wconf 75' lang='lat' dir='ltr'><strong>Sestertio</strong></span> <span class='ocrx_word' id='word_1_219' title='bbox 1093 3568 1320 3619; x_wconf 82' lang='lat' dir='ltr'><strong>coenavit</strong></span> <span class='ocrx_word' id='word_1_220' title='bbox 1350 3586 1459 3620; x_wconf 86' lang='lat' dir='ltr'><strong>nno</strong></span> <span class='ocrx_word' id='word_1_221' title='bbox 1487 3567 1603 3630; x_wconf 83' lang='lat' dir='ltr'><strong>die;</strong></span> <span class='ocrx_word' id='word_1_222' title='bbox 1634 3579 1687 3620; x_wconf 83' lang='lat' dir='ltr'><strong>et</strong></span> 
     </span>
     <span class='ocr_line' id='line_1_34' title="bbox 682 3644 1684 3717; baseline -0.001 -19"><span class='ocrx_word' id='word_1_223' title='bbox 682 3649 735 3698; x_wconf 89' lang='lat' dir='ltr'><strong>iu</strong></span> <span class='ocrx_word' id='word_1_224' title='bbox 773 3644 880 3698; x_wconf 87' lang='lat' dir='ltr'><strong>hoc</strong></span> <span class='ocrx_word' id='word_1_225' title='bbox 917 3647 1156 3698; x_wconf 87' lang='lat' dir='ltr'><strong>omnium</strong></span> <span class='ocrx_word' id='word_1_226' title='bbox 1191 3644 1402 3715; x_wconf 84' lang='lat' dir='ltr'><strong>adjutus</strong></span> <span class='ocrx_word' id='word_1_227' title='bbox 1432 3648 1647 3717; x_wconf 81' lang='lat' dir='ltr'><strong>ingenio</strong></span> <span class='ocrx_word' id='word_1_228' title='bbox 1667 3684 1684 3712; x_wconf 86' lang='lat'>‚</span> 
     </span>
     <span class='ocr_line' id='line_1_35' title="bbox 679 3723 1684 3795; baseline -0.001 -17"><span class='ocrx_word' id='word_1_229' title='bbox 679 3727 767 3778; x_wconf 75' lang='lat' dir='ltr'><strong>vix</strong></span> <span class='ocrx_word' id='word_1_230' title='bbox 786 3739 964 3777; x_wconf 87' lang='lat' dir='ltr'><strong>tamen</strong></span> <span class='ocrx_word' id='word_1_231' title='bbox 983 3723 1180 3777; x_wconf 79' lang='lat' dir='ltr'><strong>invenit</strong></span> <span class='ocrx_word' id='word_1_232' title='bbox 1193 3762 1209 3788; x_wconf 94' lang='lat'>,</span> <span class='ocrx_word' id='word_1_233' title='bbox 1231 3725 1504 3795; x_wconf 88' lang='lat' dir='ltr'><strong>quomodo</strong></span> <span class='ocrx_word' id='word_1_234' title='bbox 1524 3728 1684 3777; x_wconf 86' lang='lat' dir='ltr'><strong>trium</strong></span> 
     </span>
     <span class='ocr_line' id='line_1_36' title="bbox 681 3803 1683 3878; baseline -0.001 -21"><span class='ocrx_word' id='word_1_235' title='bbox 681 3806 1076 3878; x_wconf 82' lang='lat' dir='ltr'><strong>provinciarum</strong></span> <span class='ocrx_word' id='word_1_236' title='bbox 1112 3803 1368 3856; x_wconf 82' lang='lat' dir='ltr'><strong>tributum</strong></span> <span class='ocrx_word' id='word_1_237' title='bbox 1397 3823 1504 3857; x_wconf 84' lang='lat' dir='ltr'><strong>una</strong></span> <span class='ocrx_word' id='word_1_238' title='bbox 1532 3823 1683 3858; x_wconf 86' lang='lat' dir='ltr'><strong>coena</strong></span> 
     </span>
    </p>
   </div>
   <div class='ocr_carea' id='block_1_5' title="bbox 586 3883 886 3938">
    <p class='ocr_par' dir='ltr' id='par_1_6' title="bbox 586 3883 886 3938">
     <span class='ocr_line' id='line_1_37' title="bbox 586 3883 886 3938; baseline 0.007 -1"><span class='ocrx_word' id='word_1_239' title='bbox 586 3929 594 3937; x_wconf 83' lang='grc'><strong><em>,</em></strong></span> <span class='ocrx_word' id='word_1_240' title='bbox 679 3883 844 3938; x_wconf 80' lang='lat' dir='ltr'><strong>fieret.</strong></span> <span class='ocrx_word' id='word_1_241' title='bbox 863 3907 886 3932; x_wconf 71' lang='lat' dir='ltr'><strong>n</strong></span> 
     </span>
    </p>
   </div>
   <div class='ocr_carea' id='block_1_6' title="bbox 679 3962 1687 4191">
    <p class='ocr_par' dir='ltr' id='par_1_7' title="bbox 679 3962 1687 4191">
     <span class='ocr_line' id='line_1_38' title="bbox 757 3962 1685 4035; baseline 0 -21"><span class='ocrx_word' id='word_1_242' title='bbox 757 3980 804 4014; x_wconf 80' lang='lat'><strong>2.</strong></span> <span class='ocrx_word' id='word_1_243' title='bbox 847 3962 989 4034; x_wconf 76' lang='lat' dir='ltr'><strong>Quin</strong></span> <span class='ocrx_word' id='word_1_244' title='bbox 1016 3974 1067 4014; x_wconf 82' lang='lat' dir='ltr'><strong>et</strong></span> <span class='ocrx_word' id='word_1_245' title='bbox 1089 3980 1402 4014; x_wconf 57' lang='lat' dir='ltr'><strong>autumna...</strong></span> <span class='ocrx_word' id='word_1_246' title='bbox 1426 3963 1610 4035; x_wconf 79' lang='lat' dir='ltr'><strong>sparsit</strong></span> <span class='ocrx_word' id='word_1_247' title='bbox 1628 3964 1685 4014; x_wconf 78' lang='lat' dir='ltr'><strong>in</strong></span> 
     </span>
     <span class='ocr_line' id='line_1_39' title="bbox 679 4035 1687 4112; baseline 0 -21"><span class='ocrx_word' id='word_1_248' title='bbox 679 4039 903 4112; x_wconf 81' lang='lat' dir='ltr'><strong>plebem.</strong></span> <span class='ocrx_word' id='word_1_249' title='bbox 941 4041 1096 4093; x_wconf 85' lang='lat' dir='ltr'><strong>Conf.</strong></span> <span class='ocrx_word' id='word_1_250' title='bbox 1127 4041 1256 4104; x_wconf 86' lang='lat' dir='ltr'><strong>Dio,</strong></span> <span class='ocrx_word' id='word_1_251' title='bbox 1287 4035 1434 4105; x_wconf 76' lang='lat' dir='ltr'><strong>mx,</strong></span> <span class='ocrx_word' id='word_1_252' title='bbox 1461 4039 1560 4100; x_wconf 76' lang='lat'><strong>253</strong></span> <span class='ocrx_word' id='word_1_253' title='bbox 1592 4041 1687 4091; x_wconf 91' lang='lat' dir='ltr'><strong>Jo-</strong></span> 
     </span>
     <span class='ocr_line' id='line_1_40' title="bbox 681 4115 1685 4191; baseline 0.001 -21"><span class='ocrx_word' id='word_1_254' title='bbox 681 4116 832 4191; x_wconf 73' lang='lat' dir='ltr'><strong>aeph.</strong></span> <span class='ocrx_word' id='word_1_255' title='bbox 848 4119 968 4170; x_wconf 80' lang='lat' dir='ltr'><strong>XIX</strong></span> <span class='ocrx_word' id='word_1_256' title='bbox 983 4158 1000 4188; x_wconf 85' lang='lat'><strong>‚</strong></span> <span class='ocrx_word' id='word_1_257' title='bbox 1021 4138 1040 4173; x_wconf 89' lang='lat'>1</span> <span class='ocrx_word' id='word_1_258' title='bbox 1055 4161 1065 4172; x_wconf 93' lang='lat'><strong>.</strong></span> <span class='ocrx_word' id='word_1_259' title='bbox 1081 4121 1161 4173; x_wconf 89' lang='lat' dir='ltr'><strong>De</strong></span> <span class='ocrx_word' id='word_1_260' title='bbox 1175 4116 1384 4172; x_wconf 72' lang='lat' dir='ltr'><strong>basilica</strong></span> <span class='ocrx_word' id='word_1_261' title='bbox 1397 4115 1546 4170; x_wconf 79' lang='lat' dir='ltr'><strong>Julia</strong></span> <span class='ocrx_word' id='word_1_262' title='bbox 1563 4119 1685 4172; x_wconf 79' lang='lat' dir='ltr'><strong>vide</strong></span> 
     </span>
    </p>
   </div>
   <div class='ocr_carea' id='block_1_7' title="bbox 1781 2452 2799 2764">
    <p class='ocr_par' dir='ltr' id='par_1_8' title="bbox 1781 2452 2799 2670">
     <span class='ocr_line' id='line_1_41' title="bbox 1781 2452 2797 2531; baseline 0.001 -21"><span class='ocrx_word' id='word_1_263' title='bbox 1781 2458 1979 2510; x_wconf 87' lang='lat' dir='ltr'><strong>Donat.</strong></span> <span class='ocrx_word' id='word_1_264' title='bbox 1999 2454 2068 2510; x_wconf 84' lang='lat' dir='ltr'><strong>de</strong></span> <span class='ocrx_word' id='word_1_265' title='bbox 2090 2452 2236 2511; x_wconf 84' lang='lat' dir='ltr'><strong>Urbe</strong></span> <span class='ocrx_word' id='word_1_266' title='bbox 2254 2454 2424 2510; x_wconf 80' lang='lat' dir='ltr'><strong>Roma</strong></span> <span class='ocrx_word' id='word_1_267' title='bbox 2438 2495 2455 2526; x_wconf 89' lang='lat'><strong>‚</strong></span> <span class='ocrx_word' id='word_1_268' title='bbox 2477 2456 2557 2526; x_wconf 84' lang='lat'><strong>11,</strong></span> <span class='ocrx_word' id='word_1_269' title='bbox 2582 2474 2673 2529; x_wconf 80' lang='lat'><strong>¹7,</strong></span> <span class='ocrx_word' id='word_1_270' title='bbox 2693 2460 2797 2531; x_wconf 85' lang='lat' dir='ltr'><strong>qui</strong></span> 
     </span>
     <span class='ocr_line' id='line_1_42' title="bbox 1782 2535 2799 2608; baseline 0.002 -18"><span class='ocrx_word' id='word_1_271' title='bbox 1782 2537 1907 2590; x_wconf 89' lang='lat' dir='ltr'><strong>colli</strong></span> <span class='ocrx_word' id='word_1_272' title='bbox 1942 2535 2181 2590; x_wconf 82' lang='lat' dir='ltr'><strong>Palatino</strong></span> <span class='ocrx_word' id='word_1_273' title='bbox 2208 2537 2439 2590; x_wconf 80' lang='lat' dir='ltr'><strong>vicinam</strong></span> <span class='ocrx_word' id='word_1_274' title='bbox 2472 2557 2589 2591; x_wconf 80' lang='lat' dir='ltr'><strong>eam</strong></span> <span class='ocrx_word' id='word_1_275' title='bbox 2622 2539 2799 2608; x_wconf 57' lang='lat' dir='ltr'><strong>{uisse</strong></span> 
     </span>
     <span class='ocr_line' id='line_1_43' title="bbox 1782 2617 2062 2670; baseline -0.004 0"><span class='ocrx_word' id='word_1_276' title='bbox 1782 2617 2062 2670; x_wconf 82' lang='lat' dir='ltr'><strong>existimat.</strong></span> 
     </span>
    </p>

    <p class='ocr_par' dir='ltr' id='par_1_9' title="bbox 1850 2693 2799 2764">
     <span class='ocr_line' id='line_1_44' title="bbox 1850 2693 2799 2764; baseline -0.004 -15"><span class='ocrx_word' id='word_1_277' title='bbox 1850 2696 1902 2749; x_wconf 88' lang='grc'><strong>3.</strong></span> <span class='ocrx_word' id='word_1_278' title='bbox 1939 2697 2185 2757; x_wconf 50' lang='lat' dir='ltr'><strong>Decem&amp;</strong></span> <span class='ocrx_word' id='word_1_279' title='bbox 2213 2693 2430 2764; x_wconf 59' lang='lat' dir='ltr'><strong>sinciput.</strong></span> <span class='ocrx_word' id='word_1_280' title='bbox 2468 2695 2620 2746; x_wconf 86' lang='lat' dir='ltr'><strong>Hanc</strong></span> <span class='ocrx_word' id='word_1_281' title='bbox 2650 2694 2799 2746; x_wconf 82' lang='lat' dir='ltr'><strong>Tur—</strong></span> 
     </span>
    </p>
   </div>
   <div class='ocr_carea' id='block_1_8' title="bbox 1769 2773 2831 4116">
    <p class='ocr_par' dir='ltr' id='par_1_10' title="bbox 1776 2773 2831 3082">
     <span class='ocr_line' id='line_1_45' title="bbox 1778 2773 2797 2844; baseline -0.001 -18"><span class='ocrx_word' id='word_1_282' title='bbox 1778 2773 1905 2826; x_wconf 86' lang='lat' dir='ltr'><strong>nebi</strong></span> <span class='ocrx_word' id='word_1_283' title='bbox 1927 2773 1949 2844; x_wconf 93' lang='lat'>(</span> <span class='ocrx_word' id='word_1_284' title='bbox 1962 2773 2174 2826; x_wconf 77' lang='lat' dir='ltr'><strong>Advers.</strong></span> <span class='ocrx_word' id='word_1_285' title='bbox 2190 2774 2335 2826; x_wconf 86' lang='lat' dir='ltr'>XXII</span> <span class='ocrx_word' id='word_1_286' title='bbox 2346 2814 2367 2842; x_wconf 90' lang='lat'>‚</span> <span class='ocrx_word' id='word_1_287' title='bbox 2382 2773 2485 2844; x_wconf 84' lang='lat'><strong>30)</strong></span> <span class='ocrx_word' id='word_1_288' title='bbox 2498 2775 2797 2826; x_wconf 77' lang='lat' dir='ltr'><strong>correctio-</strong></span> 
     </span>
     <span class='ocr_line' id='line_1_46' title="bbox 1776 2854 2831 2928; baseline 0.002 -22"><span class='ocrx_word' id='word_1_289' title='bbox 1776 2873 1901 2907; x_wconf 86' lang='lat' dir='ltr'><strong>nem</strong></span> <span class='ocrx_word' id='word_1_290' title='bbox 1917 2893 1933 2922; x_wconf 84' lang='lat'>,</span> <span class='ocrx_word' id='word_1_291' title='bbox 1961 2857 2183 2928; x_wconf 81' lang='lat' dir='ltr'><strong>petitam</strong></span> <span class='ocrx_word' id='word_1_292' title='bbox 2207 2874 2235 2907; x_wconf 92' lang='lat' dir='ltr'><strong>e</strong></span> <span class='ocrx_word' id='word_1_293' title='bbox 2257 2859 2473 2908; x_wconf 85' lang='lat' dir='ltr'><strong>Memm.</strong></span> <span class='ocrx_word' id='word_1_294' title='bbox 2498 2857 2589 2927; x_wconf 87' lang='lat' dir='ltr'><strong>qui</strong></span> <span class='ocrx_word' id='word_1_295' title='bbox 2612 2854 2703 2906; x_wconf 83' lang='lat' dir='ltr'><strong>dat</strong></span> <span class='ocrx_word' id='word_1_296' title='bbox 2722 2857 2796 2908; x_wconf 79' lang='lat' dir='ltr'><strong>de</strong></span> <span class='ocrx_word' id='word_1_297' title='bbox 2822 2904 2831 2914; x_wconf 85' lang='grc'><em>,</em></span> 
     </span>
     <span class='ocr_line' id='line_1_47' title="bbox 1777 2933 2790 3005; baseline 0 -21"><span class='ocrx_word' id='word_1_298' title='bbox 1777 2933 1927 2998; x_wconf 77' lang='lat' dir='ltr'><strong>ceris,</strong></span> <span class='ocrx_word' id='word_1_299' title='bbox 1949 2951 2196 3004; x_wconf 87' lang='lat' dir='ltr'><strong>recepere</strong></span> <span class='ocrx_word' id='word_1_300' title='bbox 2215 2952 2314 3005; x_wconf 85' lang='lat' dir='ltr'><strong>pro</strong></span> <span class='ocrx_word' id='word_1_301' title='bbox 2328 2934 2393 2985; x_wconf 80' lang='lat' dir='ltr'><strong>de</strong></span> <span class='ocrx_word' id='word_1_302' title='bbox 2408 2934 2568 2988; x_wconf 77' lang='lat' dir='ltr'><strong>cedris</strong></span> <span class='ocrx_word' id='word_1_303' title='bbox 2578 2935 2790 2988; x_wconf 84' lang='lat' dir='ltr'><strong>Ernest.</strong></span> 
     </span>
     <span class='ocr_line' id='line_1_48' title="bbox 1779 3011 2205 3082; baseline 0.002 -21"><span class='ocrx_word' id='word_1_304' title='bbox 1779 3023 1832 3066; x_wconf 84' lang='lat' dir='ltr'><strong>et</strong></span> <span class='ocrx_word' id='word_1_305' title='bbox 1855 3011 2205 3082; x_wconf 81' lang='lat' dir='ltr'><strong>Oudendorp.</strong></span> 
     </span>
    </p>

    <p class='ocr_par' dir='ltr' id='par_1_11' title="bbox 1774 3089 2797 3481">
     <span class='ocr_line' id='line_1_49' title="bbox 1848 3089 2795 3162; baseline 0.002 -20"><span class='ocrx_word' id='word_1_306' title='bbox 1848 3089 1901 3156; x_wconf 72' lang='grc'><strong>4.</strong></span> <span class='ocrx_word' id='word_1_307' title='bbox 1929 3092 2121 3162; x_wconf 76' lang='lat' dir='ltr'><strong>Quibus</strong></span> <span class='ocrx_word' id='word_1_308' title='bbox 2138 3091 2455 3146; x_wconf 70' lang='lat' dir='ltr'><strong>discumbens</strong></span> <span class='ocrx_word' id='word_1_309' title='bbox 2470 3093 2533 3144; x_wconf 82' lang='lat' dir='ltr'><strong>de</strong></span> <span class='ocrx_word' id='word_1_310' title='bbox 2550 3089 2660 3154; x_wconf 63' lang='lat' dir='ltr'><strong>dte,-</strong></span> <span class='ocrx_word' id='word_1_311' title='bbox 2677 3109 2795 3144; x_wconf 79' lang='lat' dir='ltr'><strong>me-</strong></span> 
     </span>
     <span class='ocr_line' id='line_1_50' title="bbox 1783 3168 2797 3244; baseline 0.004 -23"><span class='ocrx_word' id='word_1_312' title='bbox 1783 3168 1873 3222; x_wconf 90' lang='lat' dir='ltr'><strong>dio</strong></span> <span class='ocrx_word' id='word_1_313' title='bbox 1889 3170 1976 3223; x_wconf 88' lang='lat' dir='ltr'><strong>die</strong></span> <span class='ocrx_word' id='word_1_314' title='bbox 1987 3211 2003 3239; x_wconf 87' lang='lat'>,</span> <span class='ocrx_word' id='word_1_315' title='bbox 2014 3185 2136 3224; x_wconf 83' lang='lat' dir='ltr'><strong>ante</strong></span> <span class='ocrx_word' id='word_1_316' title='bbox 2145 3175 2347 3243; x_wconf 82' lang='lat' dir='ltr'><strong>justum</strong></span> <span class='ocrx_word' id='word_1_317' title='bbox 2367 3191 2529 3224; x_wconf 79' lang='lat' dir='ltr'><strong>coenae</strong></span> <span class='ocrx_word' id='word_1_318' title='bbox 2543 3185 2756 3244; x_wconf 79' lang='lat' dir='ltr'><strong>tempus</strong></span> <span class='ocrx_word' id='word_1_319' title='bbox 2768 3210 2797 3239; x_wconf 81' lang='lat'>‚</span> 
     </span>
     <span class='ocr_line' id='line_1_51' title="bbox 1778 3250 2795 3306; baseline 0.005 -6"><span class='ocrx_word' id='word_1_320' title='bbox 1778 3267 1977 3302; x_wconf 85' lang='lat' dir='ltr'><strong>nonam</strong></span> <span class='ocrx_word' id='word_1_321' title='bbox 2018 3250 2220 3303; x_wconf 87' lang='lat' dir='ltr'><strong>scilicet</strong></span> <span class='ocrx_word' id='word_1_322' title='bbox 2252 3250 2337 3303; x_wconf 84' lang='lat' dir='ltr'><strong>vel</strong></span> <span class='ocrx_word' id='word_1_323' title='bbox 2378 3250 2637 3303; x_wconf 84' lang='lat' dir='ltr'><strong>decimam</strong></span> <span class='ocrx_word' id='word_1_324' title='bbox 2676 3251 2795 3306; x_wconf 83' lang='lat' dir='ltr'><strong>diei</strong></span> 
     </span>
     <span class='ocr_line' id='line_1_52' title="bbox 1776 3327 2792 3402; baseline 0.005 -22"><span class='ocrx_word' id='word_1_325' title='bbox 1776 3327 1982 3382; x_wconf 87' lang='lat' dir='ltr'><strong>horam.</strong></span> <span class='ocrx_word' id='word_1_326' title='bbox 2007 3331 2087 3382; x_wconf 89' lang='lat' dir='ltr'><strong>De</strong></span> <span class='ocrx_word' id='word_1_327' title='bbox 2102 3331 2365 3402; x_wconf 84' lang='lat' dir='ltr'><strong>ejusmodi</strong></span> <span class='ocrx_word' id='word_1_328' title='bbox 2384 3333 2637 3385; x_wconf 80' lang='lat' dir='ltr'><strong>conviviis</strong></span> <span class='ocrx_word' id='word_1_329' title='bbox 2654 3344 2792 3385; x_wconf 79' lang='lat' dir='ltr'><strong>tem-</strong></span> 
     </span>
     <span class='ocr_line' id='line_1_53' title="bbox 1774 3409 2627 3481; baseline 0.002 -21"><span class='ocrx_word' id='word_1_330' title='bbox 1774 3410 1983 3479; x_wconf 77' lang='lat' dir='ltr'><strong>pestivis</strong></span> <span class='ocrx_word' id='word_1_331' title='bbox 2002 3409 2119 3462; x_wconf 84' lang='lat' dir='ltr'><strong>vide</strong></span> <span class='ocrx_word' id='word_1_332' title='bbox 2142 3412 2281 3464; x_wconf 84' lang='lat' dir='ltr'><strong>infra</strong></span> <span class='ocrx_word' id='word_1_333' title='bbox 2308 3411 2375 3462; x_wconf 85' lang='lat' dir='ltr'><strong>ad</strong></span> <span class='ocrx_word' id='word_1_334' title='bbox 2396 3429 2515 3481; x_wconf 85' lang='lat' dir='ltr'><strong>cap.</strong></span> <span class='ocrx_word' id='word_1_335' title='bbox 2539 3409 2627 3477; x_wconf 72' lang='grc'><strong>45.</strong></span> 
     </span>
    </p>

    <p class='ocr_par' dir='ltr' id='par_1_12' title="bbox 1769 3487 2795 4116">
     <span class='ocr_line' id='line_1_54' title="bbox 1852 3487 2788 3564; baseline 0.002 -24"><span class='ocrx_word' id='word_1_336' title='bbox 1852 3487 1902 3540; x_wconf 85' lang='grc'><strong>5.</strong></span> <span class='ocrx_word' id='word_1_337' title='bbox 1936 3489 2303 3543; x_wconf 78' lang='lat' dir='ltr'><strong>Proeton’omm</strong></span> <span class='ocrx_word' id='word_1_338' title='bbox 2324 3502 2484 3564; x_wconf 79' lang='lat' dir='ltr'><strong>atque</strong></span> <span class='ocrx_word' id='word_1_339' title='bbox 2510 3489 2788 3542; x_wconf 77' lang='lat' dir='ltr'><strong>villarum.</strong></span> 
     </span>
     <span class='ocr_line' id='line_1_55' title="bbox 1775 3565 2795 3640; baseline 0.007 -25"><span class='ocrx_word' id='word_1_340' title='bbox 1775 3565 1877 3619; x_wconf 85' lang='lat' dir='ltr'><strong>Vel</strong></span> <span class='ocrx_word' id='word_1_341' title='bbox 1903 3567 2185 3638; x_wconf 81' lang='lat' dir='ltr'><strong>splendore</strong></span> <span class='ocrx_word' id='word_1_342' title='bbox 2210 3583 2368 3640; x_wconf 82' lang='lat' dir='ltr'><strong>atque</strong></span> <span class='ocrx_word' id='word_1_343' title='bbox 2390 3567 2795 3640; x_wconf 78' lang='lat' dir='ltr'><strong>magnificentia</strong></span> 
     </span>
     <span class='ocr_line' id='line_1_56' title="bbox 1770 3647 2791 3718; baseline 0.001 -18"><span class='ocrx_word' id='word_1_344' title='bbox 1770 3647 2019 3718; x_wconf 79' lang='lat' dir='ltr'><strong>proeton&#39;a</strong></span> <span class='ocrx_word' id='word_1_345' title='bbox 2042 3647 2299 3700; x_wconf 80' lang='lat' dir='ltr'><strong>differunt</strong></span> <span class='ocrx_word' id='word_1_346' title='bbox 2320 3647 2373 3700; x_wconf 90' lang='lat' dir='ltr'><strong>h.</strong></span> <span class='ocrx_word' id='word_1_347' title='bbox 2394 3649 2430 3701; x_wconf 90' lang='lat' dir='ltr'><strong>l.</strong></span> <span class='ocrx_word' id='word_1_348' title='bbox 2453 3668 2483 3702; x_wconf 88' lang='lat' dir='ltr'><strong>a</strong></span> <span class='ocrx_word' id='word_1_349' title='bbox 2505 3647 2674 3715; x_wconf 75' lang='lat' dir='ltr'><strong>villis,</strong></span> <span class='ocrx_word' id='word_1_350' title='bbox 2696 3648 2791 3701; x_wconf 61' lang='lat' dir='ltr'><strong>rel</strong></span> 
     </span>
     <span class='ocr_line' id='line_1_57' title="bbox 1769 3725 2795 3801; baseline 0.005 -22"><span class='ocrx_word' id='word_1_351' title='bbox 1769 3729 2015 3800; x_wconf 77' lang='lat' dir='ltr'><strong>proetoria</strong></span> <span class='ocrx_word' id='word_1_352' title='bbox 2029 3725 2243 3781; x_wconf 75' lang='lat' dir='ltr'><strong>aedificia</strong></span> <span class='ocrx_word' id='word_1_353' title='bbox 2264 3743 2387 3781; x_wconf 87' lang='lat' dir='ltr'><strong>sunt</strong></span> <span class='ocrx_word' id='word_1_354' title='bbox 2404 3732 2506 3801; x_wconf 89' lang='lat' dir='ltr'><strong>ipsi</strong></span> <span class='ocrx_word' id='word_1_355' title='bbox 2524 3731 2795 3800; x_wconf 70' lang='lat' dir='ltr'><strong>Principis</strong></span> 
     </span>
     <span class='ocr_line' id='line_1_58' title="bbox 1775 3805 2791 3878; baseline 0.003 -21"><span class='ocrx_word' id='word_1_356' title='bbox 1775 3805 2090 3859; x_wconf 80' lang='lat' dir='ltr'><strong>habitationi</strong></span> <span class='ocrx_word' id='word_1_357' title='bbox 2113 3806 2401 3872; x_wconf 81' lang='lat' dir='ltr'><strong>destinata,</strong></span> <span class='ocrx_word' id='word_1_358' title='bbox 2424 3808 2569 3878; x_wconf 58' lang='lat' dir='ltr'><strong>vileq-</strong></span> <span class='ocrx_word' id='word_1_359' title='bbox 2589 3811 2665 3861; x_wconf 78' lang='lat' dir='ltr'><strong>rei</strong></span> <span class='ocrx_word' id='word_1_360' title='bbox 2690 3827 2791 3860; x_wconf 82' lang='lat' dir='ltr'><strong>ru-</strong></span> 
     </span>
     <span class='ocr_line' id='line_1_59' title="bbox 1774 3885 2794 3940; baseline 0.001 -2"><span class='ocrx_word' id='word_1_361' title='bbox 1774 3887 1916 3938; x_wconf 79' lang='lat' dir='ltr'><strong>sticae</strong></span> <span class='ocrx_word' id='word_1_362' title='bbox 1934 3887 2289 3940; x_wconf 82' lang='lat' dir='ltr'><strong>inservientia.</strong></span> <span class='ocrx_word' id='word_1_363' title='bbox 2310 3885 2583 3940; x_wconf 77' lang='lat' dir='ltr'><strong>Urbanum</strong></span> <span class='ocrx_word' id='word_1_364' title='bbox 2609 3889 2665 3939; x_wconf 88' lang='lat' dir='ltr'><strong>in</strong></span> <span class='ocrx_word' id='word_1_365' title='bbox 2682 3887 2794 3939; x_wconf 79' lang='lat' dir='ltr'><strong>vi!-</strong></span> 
     </span>
     <span class='ocr_line' id='line_1_60' title="bbox 1773 3963 2787 4038; baseline 0.006 -24"><span class='ocrx_word' id='word_1_366' title='bbox 1773 3963 1839 4014; x_wconf 87' lang='lat' dir='ltr'><strong>lis</strong></span> <span class='ocrx_word' id='word_1_367' title='bbox 1872 3964 2148 4018; x_wconf 78' lang='lat' dir='ltr'><strong>aedificium</strong></span> <span class='ocrx_word' id='word_1_368' title='bbox 2186 3968 2559 4038; x_wconf 80' lang='lat' dir='ltr'><strong>interpretatur</strong></span> <span class='ocrx_word' id='word_1_369' title='bbox 2593 3981 2787 4021; x_wconf 84' lang='lat' dir='ltr'><strong>nostro</strong></span> 
     </span>
     <span class='ocr_line' id='line_1_61' title="bbox 1773 4042 2791 4116; baseline 0.004 -23"><span class='ocrx_word' id='word_1_370' title='bbox 1773 4042 1894 4094; x_wconf 89' lang='lat' dir='ltr'><strong>loco</strong></span> <span class='ocrx_word' id='word_1_371' title='bbox 1904 4045 2209 4116; x_wconf 76' lang='lat' dir='ltr'><strong>proetorium</strong></span> <span class='ocrx_word' id='word_1_372' title='bbox 2226 4045 2639 4098; x_wconf 81' lang='lat' dir='ltr'><strong>etiamHeinecc.</strong></span> <span class='ocrx_word' id='word_1_373' title='bbox 2653 4047 2791 4098; x_wconf 82' lang='lat' dir='ltr'><strong>Ant.</strong></span> 
     </span>
    </p>
   </div>
   <div class='ocr_carea' id='block_1_9' title="bbox 1774 4122 2351 4192">
    <p class='ocr_par' dir='ltr' id='par_1_13' title="bbox 1774 4122 2351 4192">
     <span class='ocr_line' id='line_1_62' title="bbox 1774 4122 2351 4192; baseline 0.002 -19"><span class='ocrx_word' id='word_1_374' title='bbox 1774 4122 1925 4174; x_wconf 84' lang='lat' dir='ltr'><strong>Rom.</strong></span> <span class='ocrx_word' id='word_1_375' title='bbox 1952 4123 2030 4189; x_wconf 89' lang='lat'><strong>11,</strong></span> <span class='ocrx_word' id='word_1_376' title='bbox 2059 4126 2137 4175; x_wconf 83' lang='lat' dir='ltr'><strong>tit.</strong></span> <span class='ocrx_word' id='word_1_377' title='bbox 2164 4123 2227 4190; x_wconf 84' lang='lat'><strong>3,</strong></span> <span class='ocrx_word' id='word_1_378' title='bbox 2251 4125 2283 4192; x_wconf 71' lang='lat' dir='ltr'>S</span> <span class='ocrx_word' id='word_1_379' title='bbox 2308 4140 2351 4174; x_wconf 79' lang='lat' dir='ltr'><strong>t.</strong></span> 
     </span>
    </p>
   </div>
  </div>
 </body>
</html>
