3050 5004
584 489 708 552 DE
761 487 1201 565 ILLUSTR.
1255 487 1634 551 GRAMM.
1687 488 1998 552 LIBER.
2219 491 2348 571 433

244 639 429 698 rum,
456 631 535 682 ut
558 637 649 683 ne
676 638 885 710 quem
910 613 1204 708 amplius
1231 613 1515 707 posthac
1543 612 1956 707 discipulum
1985 617 2346 709 reciperet:

240 727 603 820 docuitque
630 711 703 793 in
726 728 898 794 atrio
918 724 1223 792 Catilinae
1246 724 1491 792 domus
1508 775 1527 806 ,
1558 747 1712 819 quae
1740 745 1898 817 pars
1923 725 2159 795 Palatii
2186 743 2352 795 tunc

240 854 415 920 erat,
444 854 517 907 et
542 840 849 906 sestertia
876 852 1159 906 centena
1182 837 1251 904 in
1277 859 1538 904 annum
1560 839 1849 928 accepit:
1874 839 2176 906 Decessit
2197 855 2350 907 aeta-

237 951 323 1016 tis
356 965 609 1018 exactae
625 1001 642 1031 ,
676 948 804 1016 sub
840 947 1134 1016 Tiberio.
1169 950 1470 1016 Statuam
1500 945 1708 1015 habet
1737 949 2076 1016 Praeneste
2094 1000 2113 1031 ,
2145 951 2218 1016 in
2253 952 2350 1017 in·

240 1059 487 1127 feriore
514 1060 669 1126 Fori
695 1075 887 1152 parte
903 1111 922 1140 ,
950 1072 1189 1126 contra
1216 1054 1733 1150 hemicyclium:
1771 1059 1842 1124 in
1871 1081 2010 1152 quo
2035 1058 2244 1128 fastos
2263 1113 2280 1143 ‚
2310 1085 2351 1127 a

240 1193 313 1238 se
342 1169 687 1237 ordinatos
705 1222 722 1252 ,
750 1185 821 1236 et
842 1191 1225 1236 marmoreo
1251 1169 1491 1261 parieti
1512 1169 1760 1234 incisos
1781 1177 1826 1249 ¹,
1853 1167 2252 1262 publicarat.

332 1285 579 1348 XVIII.
611 1283 687 1347 L.
712 1284 1113 1363 Cnassi'rmS,
1141 1303 1385 1370 genere
1406 1279 1850 1362 Tarentinus,
1875 1279 2133 1348 ordinis
2156 1280 2352 1350 liber·-

240 1393 402 1473 tini,
427 1393 826 1482 cognomine
843 1395 1149 1458 PAschsss
1168 1441 1187 1471 ,
1208 1413 1368 1456 mox
1387 1393 1654 1456 Pausa(
1679 1413 1752 1456 se
1773 1393 2351 1459 transnominavit.

236 1506 369 1572 Hic
404 1505 598 1572 initio
628 1505 807 1571 circa
838 1526 1111 1572 scenam
1140 1518 1451 1573 versatus
1482 1517 1616 1585 est,
1651 1500 1818 1568 dum
1849 1504 2353 1597 mimographos

236 1611 549 1706 adjuvat:
590 1613 834 1682 deinde
862 1617 935 1681 in
968 1611 1283 1707 pergula¹
1322 1610 1588 1696 docuit,
1624 1612 1841 1681 donec
1868 1618 2354 1700 commentario

238 1727 549 1820 Smyrnae
572 1724 791 1793 edito²
813 1722 986 1792 adeo
1004 1723 1323 1792 inclaruit
1341 1775 1359 1806 ,
1383 1739 1461 1790 ut
1481 1721 1631 1791 haec
1652 1722 1739 1791 de
1759 1747 1840 1792 eo
1863 1724 2355 1793 scriberentur=

493 1895 614 1956 Uni
642 1896 934 1959 Crassitio
961 1918 1023 1957 se
1050 1897 1292 1958 credere
1315 1898 1578 1980 Smyrna
1605 1893 1928 1978 probavit:

563 1993 867 2068 Desinite,
894 1991 1154 2068 indocti,
1184 1991 1479 2076 conjugio
1509 1989 1675 2053 hanc
1704 2006 1927 2074 petere.

484 2087 613 2149 Soli
646 2087 936 2149 Crassitio
966 2109 1027 2149 se
1053 2089 1208 2149 dixit
1237 2089 1473 2150 nubere
1499 2087 1688 2148 velle:

566 2186 795 2247 lntima
828 2186 932 2247 cui
961 2185 1081 2248 soli
1112 2195 1266 2247 nota
1294 2207 1403 2248 sua
1430 2187 1787 2247 exstiterint.

236 2349 373 2419 Sed
408 2374 626 2444 quum
654 2345 967 2418 edoceret
990 2346 1134 2443 jam
1163 2343 1415 2416 multos
1440 2372 1521 2416 ac
1549 2341 1844 2432 nobiles,
1871 2350 1944 2417 in
1971 2341 2076 2419 his
2101 2352 2360 2421 Julium

238 2461 655 2545 Antonium,
692 2458 1061 2529 Triumviri
1101 2457 1351 2541 filium,
1399 2475 1477 2525 ut
1524 2461 1764 2527 Verrio
1811 2483 2085 2557 quoque
2127 2462 2363 2533 Flacco

236 2588 793 2668 compararetur,
849 2568 1129 2637 dimissa
1178 2585 1457 2662 repente
1510 2568 1774 2651 schola,
1827 2574 2093 2639 transiit
2140 2572 2228 2641 ad
2277 2579 2360 2659 Q.

236 2686 451 2755 Sextii
478 2680 866 2778 philosophi
898 2698 1174 2761 sectam.

324 2792 519 2865 XIX.
573 2799 957 2864 Scmnomms
990 2801 1451 2877 Apnnomsms,
1482 2786 1726 2861 Orbilii
1761 2816 1998 2863 servus
2031 2812 2237 2891 atque
2263 2792 2368 2866 di-‘

236 2902 587 3003 scipulus,
625 2932 783 2975 mox
814 2932 855 2973 a
886 2902 1230 2974 Scribonia
1250 2958 1268 2989 ‚
1301 2904 1580 2973 Libonis
1613 2905 1784 2989 filia,
1821 2931 1977 3004 quae
2013 2910 2200 3002 prior
2233 2916 2367 2978 Au-

235 3022 431 3115 gusti
454 3044 627 3089 uxor
652 3016 873 3087 fuerat
891 3071 909 3102 ‚
938 3017 1283 3101 redemtus
1309 3034 1378 3107 et
1402 3020 1862 3087 manumissus
1883 3073 1902 3103 ‚
1927 3019 2192 3105 docuit,
2227 3047 2365 3117 quo

142 3210 153 3220 .
234 3132 529 3202 Verrius
546 3182 563 3215 ‚
596 3127 934 3223 tempore,
970 3121 1165 3221 cujus
1198 3131 1399 3196 etiam
1426 3127 1618 3197 libris
1650 3130 1725 3195 de
1757 3130 2228 3225 Orthoqraphia
2261 3157 2368 3200 re-

234 3240 545 3333 scripsit,
568 3262 708 3307 non
728 3238 874 3305 sine
892 3238 1333 3305 insectatione
1354 3236 1740 3305 studiorum
1762 3262 2168 3335 morumque
2191 3238 2360 3333 ejus.

336 3350 489 3419 XX.
541 3354 615 3417 C.
649 3354 882 3433 ,Inuus
919 3354 1245 3433 limium,
1279 3352 1565 3441 Augusti
1592 3348 1876 3417 libertus
1897 3403 1916 3433 ,
1945 3353 2219 3419 natione
2253 3354 2368 3420 Hi-

234 3487 507 3559 spanus
538 3463 695 3551 (etsi
730 3456 1040 3529 nonnulli
1071 3450 1604 3528 Alexandrinum
1632 3478 1910 3554 putant,
1943 3478 2010 3529 et
2037 3487 2078 3529 a
2103 3466 2366 3531 Caesare

314 3722 490 3779 xvn.
520 3739 573 3793 J.
612 3722 681 3775 In
714 3720 967 3793 inferiore
992 3720 1115 3771 Fon·
1141 3736 1266 3789 par·
1428 3718 1612 3770 XVIII.
1643 3734 1686 3768 ι.
1712 3717 1782 3768 In
1799 3716 2040 3789 pergula.
2062 3716 2144 3769 cf.
2165 3716 2237 3769 nd
2257 3718 2369 3772 Au—

232 3818 309 3859 te.
325 3843 371 3857 ..
394 3844 405 3855 .
440 3801 641 3856 incisos.
666 3803 991 3873 Fogginius‘,
1022 3800 1114 3874 qui
1140 3798 1265 3851 illu·
1355 3809 1494 3867 gust.
1520 3814 1640 3868 cap.
1668 3795 1755 3867 94.

233 3884 441 3937 stravit
472 3880 659 3933 Fastos
687 3880 1062 3943 Proenestinos,
1091 3895 1153 3928 ex
1180 3878 1267 3929 tri·
1430 3893 1479 3927 α.
1518 3876 1699 3927 Donec
1725 3876 2102 3927 commentario
2129 3877 2368 3949 Smyrna·

232 3966 349 4017 bus
376 3958 556 4015 codd.
592 3961 759 4012 Vatic.
790 3959 931 4012 hanc
956 3958 1263 4009 varietatem
1354 3955 1525 4021 edito,
1564 3964 1666 4007 etc.
1696 3952 1800 4005 hoc
1825 3966 1935 4017 est,
1969 3952 2272 4021 ὖπομνίμασι
2299 3954 2368 4008 de

232 4039 473 4097 attulit:
520 4062 545 4087 ιι
566 4040 621 4091 iu
662 4038 919 4111 superiore
954 4036 1079 4089 Fori
1114 4048 1266 4107 parte
1356 4032 1491 4084 urbe
1524 4034 1748 4105 Smyrna
1774 4030 2038 4103 rebusque
2074 4032 2368 4107 Smyrnaeo—

230 4124 391 4177 eirca
420 4118 793 4192 hemicyclium
824 4116 1074 4171 marmori
1102 4117 1269 4187 perite
1358 4130 1508 4178 rum,
1547 4110 1694 4184 quod
1721 4124 1867 4183 patet
1897 4128 1960 4161 ex
1992 4109 2182 4163 ultimo
2215 4130 2368 4164 versu

232 4205 471 4256 incisos.
496 4224 521 4248 ιι
550 4200 665 4251 Hoc
692 4196 889 4271 probat
912 4192 1161 4250 wolfius.
1358 4194 1631 4264 poematii.

452 4292 543 4355 η.
1324 4362 1343 4377 ,
2001 4283 2082 4346 28
