<?xml version="1.0" encoding="UTF-8"?>
<!DOCTYPE html PUBLIC "-//W3C//DTD XHTML 1.0 Transitional//EN"
    "http://www.w3.org/TR/xhtml1/DTD/xhtml1-transitional.dtd">
<html xmlns="http://www.w3.org/1999/xhtml" xml:lang="en" lang="en">
 <head>
  <title>
</title>
<meta http-equiv="Content-Type" content="text/html;charset=utf-8" />
  <meta name='ocr-system' content='tesseract 3.04.00' />
  <meta name='ocr-capabilities' content='ocr_page ocr_carea ocr_par ocr_line ocrx_word'/>
</head>
<body>
  <div class='ocr_page' id='page_1' title='image "./csuetoniitranqu09suetgoog_0133.png"; bbox 0 0 3050 5004; ppageno 0'>
   <div class='ocr_carea' id='block_1_1' title="bbox 651 463 1978 535">
    <p class='ocr_par' dir='ltr' id='par_1_1' title="bbox 651 463 1978 535">
     <span class='ocr_line' id='line_1_1' title="bbox 651 463 1978 535; baseline -0.004 0"><span class='ocrx_word' id='word_1_1' title='bbox 651 463 774 535; x_wconf 76' lang='grc' dir='ltr'><strong>ι16</strong></span> <span class='ocrx_word' id='word_1_2' title='bbox 1391 464 1462 527; x_wconf 86' lang='lat' dir='ltr'>C.</span> <span class='ocrx_word' id='word_1_3' title='bbox 1516 464 1978 531; x_wconf 79' lang='lat' dir='ltr'>SUETONn</span> 
     </span>
    </p>
   </div>
   <div class='ocr_carea' id='block_1_2' title="bbox 617 587 2729 2237">
    <p class='ocr_par' dir='ltr' id='par_1_2' title="bbox 625 587 2729 1234">
     <span class='ocr_line' id='line_1_2' title="bbox 638 587 2729 689; baseline 0.003 -34"><span class='ocrx_word' id='word_1_4' title='bbox 638 587 956 655; x_wconf 84' lang='lat' dir='ltr'>stratibus</span> <span class='ocrx_word' id='word_1_5' title='bbox 971 587 1330 679; x_wconf 79' lang='lat' dir='ltr'>provincioe</span> <span class='ocrx_word' id='word_1_6' title='bbox 1349 588 1933 672; x_wconf 84' lang='lat' dir='ltr'>interdicerentur,</span> <span class='ocrx_word' id='word_1_7' title='bbox 1956 590 2139 659; x_wconf 88' lang='lat' dir='ltr'>Urbe</span> <span class='ocrx_word' id='word_1_8' title='bbox 2162 616 2433 689; x_wconf 86' lang='lat' dir='ltr'>quoque</span> <span class='ocrx_word' id='word_1_9' title='bbox 2452 610 2521 663; x_wconf 90' lang='lat' dir='ltr'>et</span> <span class='ocrx_word' id='word_1_10' title='bbox 2544 594 2729 663; x_wconf 74' lang='lat' dir='ltr'>ltalia</span> 
     </span>
     <span class='ocr_line' id='line_1_3' title="bbox 635 696 2729 798; baseline 0.003 -33"><span class='ocrx_word' id='word_1_11' title='bbox 635 712 1244 766; x_wconf 83' lang='lat' dir='ltr'>summoverentur.</span> <span class='ocrx_word' id='word_1_12' title='bbox 1281 701 1435 790; x_wconf 91' lang='lat' dir='ltr'>Ipse</span> <span class='ocrx_word' id='word_1_13' title='bbox 1467 696 1801 792; x_wconf 82' lang='lat' dir='ltr'>quosdam</span> <span class='ocrx_word' id='word_1_14' title='bbox 1826 722 2003 767; x_wconf 90' lang='lat' dir='ltr'>novo</span> <span class='ocrx_word' id='word_1_15' title='bbox 2034 702 2343 795; x_wconf 81' lang='lat' dir='ltr'>exemplo</span> <span class='ocrx_word' id='word_1_16' title='bbox 2370 704 2729 798; x_wconf 77' lang='lat' dir='ltr'>relegavit,</span> 
     </span>
     <span class='ocr_line' id='line_1_4' title="bbox 633 805 2729 904; baseline 0.003 -28"><span class='ocrx_word' id='word_1_17' title='bbox 633 826 711 877; x_wconf 87' lang='lat' dir='ltr'>ut</span> <span class='ocrx_word' id='word_1_18' title='bbox 732 808 910 875; x_wconf 87' lang='lat' dir='ltr'>ultra</span> <span class='ocrx_word' id='word_1_19' title='bbox 932 805 1226 899; x_wconf 87' lang='lat' dir='ltr'>lapidem</span> <span class='ocrx_word' id='word_1_20' title='bbox 1259 811 1530 877; x_wconf 84' lang='lat' dir='ltr'>tertium</span> <span class='ocrx_word' id='word_1_21' title='bbox 1553 825 1810 878; x_wconf 81' lang='lat' dir='ltr'>vetaret</span> <span class='ocrx_word' id='word_1_22' title='bbox 1841 812 2068 904; x_wconf 80' lang='lat' dir='ltr'>egredi</span> <span class='ocrx_word' id='word_1_23' title='bbox 2100 812 2187 879; x_wconf 76' lang='lat' dir='ltr'>ab</span> <span class='ocrx_word' id='word_1_24' title='bbox 2214 814 2419 883; x_wconf 87' lang='lat' dir='ltr'>Urbe.</span> <span class='ocrx_word' id='word_1_25' title='bbox 2456 821 2556 884; x_wconf 94' lang='lat' dir='ltr'>De</span> <span class='ocrx_word' id='word_1_26' title='bbox 2586 841 2729 883; x_wconf 84' lang='lat' dir='ltr'>ma—</span> 
     </span>
     <span class='ocr_line' id='line_1_5' title="bbox 625 919 2727 1012; baseline 0.004 -25"><span class='ocrx_word' id='word_1_27' title='bbox 625 919 774 1012; x_wconf 88' lang='lat' dir='ltr'>jore</span> <span class='ocrx_word' id='word_1_28' title='bbox 813 921 1080 1011; x_wconf 78' lang='lat' dir='ltr'>negotio</span> <span class='ocrx_word' id='word_1_29' title='bbox 1119 934 1394 987; x_wconf 86' lang='lat' dir='ltr'>acturus</span> <span class='ocrx_word' id='word_1_30' title='bbox 1435 923 1506 986; x_wconf 92' lang='lat' dir='ltr'>in</span> <span class='ocrx_word' id='word_1_31' title='bbox 1552 924 1750 989; x_wconf 77' lang='lat' dir='ltr'>Curia</span> <span class='ocrx_word' id='word_1_32' title='bbox 1774 975 1794 1005; x_wconf 90' lang='lat'>,</span> <span class='ocrx_word' id='word_1_33' title='bbox 1836 921 2099 991; x_wconf 87' lang='lat' dir='ltr'>medius</span> <span class='ocrx_word' id='word_1_34' title='bbox 2138 927 2315 992; x_wconf 87' lang='lat' dir='ltr'>inter</span> <span class='ocrx_word' id='word_1_35' title='bbox 2350 926 2727 995; x_wconf 82' lang='lat' dir='ltr'>Consulum</span> 
     </span>
     <span class='ocr_line' id='line_1_6' title="bbox 631 1029 2727 1120; baseline 0.003 -21"><span class='ocrx_word' id='word_1_36' title='bbox 631 1032 860 1113; x_wconf 79' lang='lat' dir='ltr'>sellaS,</span> <span class='ocrx_word' id='word_1_37' title='bbox 902 1030 1256 1098; x_wconf 90' lang='lat' dir='ltr'>tribunicio</span> <span class='ocrx_word' id='word_1_38' title='bbox 1299 1029 1621 1099; x_wconf 85' lang='lat' dir='ltr'>subsellio</span> <span class='ocrx_word' id='word_1_39' title='bbox 1663 1030 1994 1101; x_wconf 81' lang='lat' dir='ltr'>sedebat⁵.</span> <span class='ocrx_word' id='word_1_40' title='bbox 2040 1038 2467 1105; x_wconf 82' lang='lat' dir='ltr'>Commeatus</span> <span class='ocrx_word' id='word_1_41' title='bbox 2485 1090 2505 1120; x_wconf 90' lang='lat'>,</span> <span class='ocrx_word' id='word_1_42' title='bbox 2542 1062 2584 1104; x_wconf 82' lang='lat' dir='ltr'><strong>a</strong></span> <span class='ocrx_word' id='word_1_43' title='bbox 2610 1041 2727 1106; x_wconf 89' lang='lat' dir='ltr'>Se-</span> 
     </span>
     <span class='ocr_line' id='line_1_7' title="bbox 627 1139 1939 1234; baseline -0.004 -20"><span class='ocrx_word' id='word_1_44' title='bbox 627 1160 791 1214; x_wconf 82' lang='lat' dir='ltr'>natu</span> <span class='ocrx_word' id='word_1_45' title='bbox 814 1144 952 1234; x_wconf 91' lang='lat' dir='ltr'>peti</span> <span class='ocrx_word' id='word_1_46' title='bbox 975 1140 1204 1208; x_wconf 84' lang='lat' dir='ltr'>solitos</span> <span class='ocrx_word' id='word_1_47' title='bbox 1220 1192 1237 1222; x_wconf 90' lang='lat'>,</span> <span class='ocrx_word' id='word_1_48' title='bbox 1264 1139 1573 1209; x_wconf 82' lang='lat' dir='ltr'>beneficii</span> <span class='ocrx_word' id='word_1_49' title='bbox 1598 1145 1701 1209; x_wconf 89' lang='lat' dir='ltr'>sui</span> <span class='ocrx_word' id='word_1_50' title='bbox 1730 1143 1939 1211; x_wconf 75' lang='lat' dir='ltr'>fecit6.</span> 
     </span>
    </p>

    <p class='ocr_par' dir='ltr' id='par_1_3' title="bbox 617 1250 2725 2237">
     <span class='ocr_line' id='line_1_8' title="bbox 720 1250 2725 1350; baseline 0.004 -31"><span class='ocrx_word' id='word_1_51' title='bbox 720 1256 957 1319; x_wconf 88' lang='lat' dir='ltr'>XXIV.</span> <span class='ocrx_word' id='word_1_52' title='bbox 1022 1253 1435 1318; x_wconf 79' lang='lat' dir='ltr'>ornamenta</span> <span class='ocrx_word' id='word_1_53' title='bbox 1486 1250 1867 1319; x_wconf 84' lang='lat' dir='ltr'>consularia</span> <span class='ocrx_word' id='word_1_54' title='bbox 1918 1256 2117 1321; x_wconf 85' lang='lat' dir='ltr'>etiam</span> <span class='ocrx_word' id='word_1_55' title='bbox 2171 1257 2725 1350; x_wconf 82' lang='lat' dir='ltr'>procuratoribus</span> 
     </span>
     <span class='ocr_line' id='line_1_9' title="bbox 624 1358 2724 1456; baseline 0.004 -26"><span class='ocrx_word' id='word_1_56' title='bbox 624 1362 1033 1430; x_wconf 75' lang='lat' dir='ltr'>ducenariis¹</span> <span class='ocrx_word' id='word_1_57' title='bbox 1091 1358 1391 1428; x_wconf 90' lang='lat' dir='ltr'>indulsit.</span> <span class='ocrx_word' id='word_1_58' title='bbox 1451 1365 1867 1431; x_wconf 69' lang='lat' dir='ltr'>Senatorium</span> <span class='ocrx_word' id='word_1_59' title='bbox 1912 1364 2301 1456; x_wconf 78' lang='lat' dir='ltr'>dignitatem</span> <span class='ocrx_word' id='word_1_60' title='bbox 2351 1375 2724 1438; x_wconf 77' lang='lat' dir='ltr'>recusanti-</span> 
     </span>
     <span class='ocr_line' id='line_1_10' title="bbox 623 1470 2723 1573; baseline 0.004 -32"><span class='ocrx_word' id='word_1_61' title='bbox 623 1474 781 1555; x_wconf 79' lang='lat' dir='ltr'>bu5‚</span> <span class='ocrx_word' id='word_1_62' title='bbox 807 1488 1190 1566; x_wconf 87' lang='lat' dir='ltr'>equestrem</span> <span class='ocrx_word' id='word_1_63' title='bbox 1217 1494 1487 1566; x_wconf 90' lang='lat' dir='ltr'>quoque</span> <span class='ocrx_word' id='word_1_64' title='bbox 1514 1470 1787 1539; x_wconf 84' lang='lat' dir='ltr'>ademit.</span> <span class='ocrx_word' id='word_1_65' title='bbox 1814 1479 2057 1543; x_wconf 86' lang='lat' dir='ltr'>Latum</span> <span class='ocrx_word' id='word_1_66' title='bbox 2080 1476 2380 1562; x_wconf 85' lang='lat' dir='ltr'>clavum,</span> <span class='ocrx_word' id='word_1_67' title='bbox 2411 1484 2723 1573; x_wconf 81' lang='lat' dir='ltr'>quamvis</span> 
     </span>
     <span class='ocr_line' id='line_1_11' title="bbox 620 1584 2723 1673; baseline 0.004 -20"><span class='ocrx_word' id='word_1_68' title='bbox 620 1589 808 1655; x_wconf 83' lang='lat' dir='ltr'>initio</span> <span class='ocrx_word' id='word_1_69' title='bbox 833 1585 1235 1653; x_wconf 85' lang='lat' dir='ltr'>affirmasset</span> <span class='ocrx_word' id='word_1_70' title='bbox 1251 1638 1270 1667; x_wconf 89' lang='lat'>‚</span> <span class='ocrx_word' id='word_1_71' title='bbox 1295 1608 1434 1651; x_wconf 91' lang='lat' dir='ltr'>non</span> <span class='ocrx_word' id='word_1_72' title='bbox 1458 1584 1790 1655; x_wconf 87' lang='lat' dir='ltr'>lecturum</span> <span class='ocrx_word' id='word_1_73' title='bbox 1817 1597 1925 1656; x_wconf 87' lang='lat' dir='ltr'>se²</span> <span class='ocrx_word' id='word_1_74' title='bbox 1955 1592 2377 1673; x_wconf 84' lang='lat' dir='ltr'>Senatorem,</span> <span class='ocrx_word' id='word_1_75' title='bbox 2406 1596 2534 1661; x_wconf 89' lang='lat' dir='ltr'>nisi</span> <span class='ocrx_word' id='word_1_76' title='bbox 2556 1597 2723 1662; x_wconf 82' lang='lat' dir='ltr'>civis</span> 
     </span>
     <span class='ocr_line' id='line_1_12' title="bbox 621 1693 2721 1787; baseline 0.005 -24"><span class='ocrx_word' id='word_1_77' title='bbox 621 1696 908 1764; x_wconf 83' lang='lat' dir='ltr'>Romani</span> <span class='ocrx_word' id='word_1_78' title='bbox 935 1693 1339 1787; x_wconf 79' lang='lat' dir='ltr'>abnepotem</span> <span class='ocrx_word' id='word_1_79' title='bbox 1361 1748 1378 1777; x_wconf 92' lang='lat'>,</span> <span class='ocrx_word' id='word_1_80' title='bbox 1414 1698 1613 1761; x_wconf 83' lang='lat' dir='ltr'>etiam</span> <span class='ocrx_word' id='word_1_81' title='bbox 1644 1694 1935 1765; x_wconf 86' lang='lat' dir='ltr'>libertini</span> <span class='ocrx_word' id='word_1_82' title='bbox 1963 1698 2101 1767; x_wconf 88' lang='lat' dir='ltr'>filio</span> <span class='ocrx_word' id='word_1_83' title='bbox 2134 1700 2396 1785; x_wconf 81' lang='lat' dir='ltr'>tribuit3</span> <span class='ocrx_word' id='word_1_84' title='bbox 2438 1703 2557 1771; x_wconf 89' lang='lat' dir='ltr'>sed</span> <span class='ocrx_word' id='word_1_85' title='bbox 2588 1704 2721 1773; x_wconf 87' lang='lat' dir='ltr'>sub</span> 
     </span>
     <span class='ocr_line' id='line_1_13' title="bbox 619 1803 2714 1904; baseline 0.004 -31"><span class='ocrx_word' id='word_1_86' title='bbox 619 1803 1033 1886; x_wconf 87' lang='lat' dir='ltr'>conditione,</span> <span class='ocrx_word' id='word_1_87' title='bbox 1063 1808 1119 1872; x_wconf 83' lang='lat' dir='ltr'>si</span> <span class='ocrx_word' id='word_1_88' title='bbox 1158 1806 1344 1896; x_wconf 91' lang='lat' dir='ltr'>prius</span> <span class='ocrx_word' id='word_1_89' title='bbox 1385 1803 1470 1870; x_wconf 80' lang='lat' dir='ltr'>ab</span> <span class='ocrx_word' id='word_1_90' title='bbox 1511 1810 1753 1900; x_wconf 86' lang='lat' dir='ltr'>Equite</span> <span class='ocrx_word' id='word_1_91' title='bbox 1790 1814 2093 1878; x_wconf 81' lang='lat' dir='ltr'>Romano</span> <span class='ocrx_word' id='word_1_92' title='bbox 2120 1811 2481 1904; x_wconf 80' lang='lat' dir='ltr'>adoptatus</span> <span class='ocrx_word' id='word_1_93' title='bbox 2516 1833 2714 1883; x_wconf 80' lang='lat' dir='ltr'>esset.</span> 
     </span>
     <span class='ocr_line' id='line_1_14' title="bbox 619 1916 2717 2017; baseline 0.004 -32"><span class='ocrx_word' id='word_1_94' title='bbox 619 1924 712 1985; x_wconf 83' lang='lat' dir='ltr'>Ac</span> <span class='ocrx_word' id='word_1_95' title='bbox 759 1920 854 1984; x_wconf 88' lang='lat' dir='ltr'>sic</span> <span class='ocrx_word' id='word_1_96' title='bbox 899 1940 1170 2010; x_wconf 90' lang='lat' dir='ltr'>quoque</span> <span class='ocrx_word' id='word_1_97' title='bbox 1216 1916 1813 2009; x_wconf 87' lang='lat' dir='ltr'>reprehensionem</span> <span class='ocrx_word' id='word_1_98' title='bbox 1857 1944 2132 2005; x_wconf 90' lang='lat' dir='ltr'>verens,</span> <span class='ocrx_word' id='word_1_99' title='bbox 2181 1925 2383 1990; x_wconf 89' lang='lat' dir='ltr'>etiam</span> <span class='ocrx_word' id='word_1_100' title='bbox 2426 1925 2717 2017; x_wconf 83' lang='lat' dir='ltr'>Appium</span> 
     </span>
     <span class='ocr_line' id='line_1_15' title="bbox 617 2029 2719 2123; baseline 0.006 -30"><span class='ocrx_word' id='word_1_101' title='bbox 617 2032 886 2095; x_wconf 86' lang='lat' dir='ltr'>Caecum</span> <span class='ocrx_word' id='word_1_102' title='bbox 906 2031 1266 2093; x_wconf 85' lang='lat' dir='ltr'>Censorem</span> <span class='ocrx_word' id='word_1_103' title='bbox 1284 2079 1300 2108; x_wconf 92' lang='lat'>,</span> <span class='ocrx_word' id='word_1_104' title='bbox 1323 2029 1585 2117; x_wconf 79' lang='lat' dir='ltr'>generis</span> <span class='ocrx_word' id='word_1_105' title='bbox 1607 2033 1711 2095; x_wconf 90' lang='lat' dir='ltr'>sui</span> <span class='ocrx_word' id='word_1_106' title='bbox 1730 2048 2229 2123; x_wconf 75' lang='lat' dir='ltr'>proauctorem,</span> <span class='ocrx_word' id='word_1_107' title='bbox 2250 2032 2719 2104; x_wconf 87' lang='lat' dir='ltr'>libertinorum</span> 
     </span>
     <span class='ocr_line' id='line_1_16' title="bbox 618 2136 2716 2237; baseline 0.004 -33"><span class='ocrx_word' id='word_1_108' title='bbox 618 2137 792 2204; x_wconf 88' lang='lat' dir='ltr'>filios</span> <span class='ocrx_word' id='word_1_109' title='bbox 817 2140 887 2203; x_wconf 88' lang='lat' dir='ltr'>in</span> <span class='ocrx_word' id='word_1_110' title='bbox 925 2140 1244 2205; x_wconf 84' lang='lat' dir='ltr'>Senatum</span> <span class='ocrx_word' id='word_1_111' title='bbox 1281 2136 1588 2228; x_wconf 80' lang='lat' dir='ltr'>allegisse</span> <span class='ocrx_word' id='word_1_112' title='bbox 1619 2138 1915 2223; x_wconf 84' lang='lat' dir='ltr'>docuit³;</span> <span class='ocrx_word' id='word_1_113' title='bbox 1951 2144 2225 2235; x_wconf 77' lang='lat' dir='ltr'>ignarus</span> <span class='ocrx_word' id='word_1_114' title='bbox 2246 2195 2263 2224; x_wconf 88' lang='lat'>‚</span> <span class='ocrx_word' id='word_1_115' title='bbox 2296 2146 2716 2237; x_wconf 90' lang='lat' dir='ltr'>temporibus</span> 
     </span>
    </p>
   </div>
   <div class='ocr_carea' id='block_1_3' title="bbox 613 2331 1628 3824">
    <p class='ocr_par' dir='ltr' id='par_1_4' title="bbox 617 2331 1628 3352">
     <span class='ocr_line' id='line_1_17' title="bbox 622 2331 1627 2404; baseline 0.002 -20"><span class='ocrx_word' id='word_1_116' title='bbox 622 2352 811 2385; x_wconf 86' lang='lat' dir='ltr'>norum</span> <span class='ocrx_word' id='word_1_117' title='bbox 831 2331 1031 2404; x_wconf 81' lang='lat' dir='ltr'>plebis,</span> <span class='ocrx_word' id='word_1_118' title='bbox 1054 2332 1318 2386; x_wconf 78' lang='lat' dir='ltr'>sancitum</span> <span class='ocrx_word' id='word_1_119' title='bbox 1339 2346 1496 2385; x_wconf 84' lang='lat' dir='ltr'>antea</span> <span class='ocrx_word' id='word_1_120' title='bbox 1517 2335 1627 2386; x_wconf 81' lang='lat' dir='ltr'>fue-</span> 
     </span>
     <span class='ocr_line' id='line_1_18' title="bbox 619 2410 1627 2487; baseline -0.001 -20"><span class='ocrx_word' id='word_1_121' title='bbox 619 2428 701 2467; x_wconf 81' lang='lat' dir='ltr'>rat</span> <span class='ocrx_word' id='word_1_122' title='bbox 739 2414 850 2487; x_wconf 78' lang='lat' dir='ltr'>leqe</span> <span class='ocrx_word' id='word_1_123' title='bbox 872 2410 1066 2478; x_wconf 81' lang='lat' dir='ltr'>Atilia,</span> <span class='ocrx_word' id='word_1_124' title='bbox 1096 2410 1253 2483; x_wconf 85' lang='lat' dir='ltr'>idque</span> <span class='ocrx_word' id='word_1_125' title='bbox 1276 2414 1364 2482; x_wconf 82' lang='lat' dir='ltr'>jus</span> <span class='ocrx_word' id='word_1_126' title='bbox 1383 2450 1399 2479; x_wconf 87' lang='lat'>,</span> <span class='ocrx_word' id='word_1_127' title='bbox 1424 2415 1627 2466; x_wconf 79' lang='lat' dir='ltr'>tutores</span> 
     </span>
     <span class='ocr_line' id='line_1_19' title="bbox 621 2490 1623 2556; baseline -0.005 -8"><span class='ocrx_word' id='word_1_128' title='bbox 621 2490 1453 2556; x_wconf 76' lang='lat' dir='ltr'>constituendi,communicatum</span> <span class='ocrx_word' id='word_1_129' title='bbox 1465 2491 1623 2544; x_wconf 80' lang='lat' dir='ltr'>etiam</span> 
     </span>
     <span class='ocr_line' id='line_1_20' title="bbox 623 2571 1627 2644; baseline -0.003 -17"><span class='ocrx_word' id='word_1_130' title='bbox 623 2595 744 2627; x_wconf 89' lang='lat' dir='ltr'>cum</span> <span class='ocrx_word' id='word_1_131' title='bbox 767 2575 1162 2644; x_wconf 82' lang='lat' dir='ltr'>provinciarum</span> <span class='ocrx_word' id='word_1_132' title='bbox 1182 2571 1494 2642; x_wconf 75' lang='lat' dir='ltr'>praesidibus</span> <span class='ocrx_word' id='word_1_133' title='bbox 1516 2572 1627 2644; x_wconf 68' lang='lat' dir='ltr'>lege</span> 
     </span>
     <span class='ocr_line' id='line_1_21' title="bbox 617 2647 1627 2721; baseline -0.004 -14"><span class='ocrx_word' id='word_1_134' title='bbox 617 2647 769 2707; x_wconf 62' lang='lat' dir='ltr'>italia</span> <span class='ocrx_word' id='word_1_135' title='bbox 791 2664 844 2704; x_wconf 83' lang='lat' dir='ltr'>et</span> <span class='ocrx_word' id='word_1_136' title='bbox 868 2653 1034 2720; x_wconf 84' lang='lat' dir='ltr'>Titia,</span> <span class='ocrx_word' id='word_1_137' title='bbox 1065 2671 1188 2702; x_wconf 79' lang='lat' dir='ltr'>ann.</span> <span class='ocrx_word' id='word_1_138' title='bbox 1217 2669 1335 2721; x_wconf 80' lang='lat'><em>722.</em></span> <span class='ocrx_word' id='word_1_139' title='bbox 1365 2653 1520 2703; x_wconf 85' lang='lat' dir='ltr'>Nunc</span> <span class='ocrx_word' id='word_1_140' title='bbox 1547 2671 1627 2705; x_wconf 86' lang='lat' dir='ltr'>se·</span> 
     </span>
     <span class='ocr_line' id='line_1_22' title="bbox 620 2727 1628 2786; baseline -0.004 -1"><span class='ocrx_word' id='word_1_141' title='bbox 620 2730 1026 2786; x_wconf 82' lang='lat' dir='ltr'>natusconsulto</span> <span class='ocrx_word' id='word_1_142' title='bbox 1067 2729 1363 2782; x_wconf 76' lang='lat' dir='ltr'>Claudiano</span> <span class='ocrx_word' id='word_1_143' title='bbox 1407 2727 1628 2783; x_wconf 83' lang='lat' dir='ltr'>deman-</span> 
     </span>
     <span class='ocr_line' id='line_1_23' title="bbox 623 2809 1627 2865; baseline -0.004 0"><span class='ocrx_word' id='word_1_144' title='bbox 623 2814 748 2865; x_wconf 80' lang='lat' dir='ltr'>data</span> <span class='ocrx_word' id='word_1_145' title='bbox 778 2831 840 2864; x_wconf 86' lang='lat' dir='ltr'>ea</span> <span class='ocrx_word' id='word_1_146' title='bbox 870 2829 953 2862; x_wconf 80' lang='lat' dir='ltr'>res</span> <span class='ocrx_word' id='word_1_147' title='bbox 981 2820 1124 2861; x_wconf 74' lang='lat' dir='ltr'>extra</span> <span class='ocrx_word' id='word_1_148' title='bbox 1154 2811 1386 2861; x_wconf 75' lang='lat' dir='ltr'>ordinem</span> <span class='ocrx_word' id='word_1_149' title='bbox 1417 2809 1627 2861; x_wconf 87' lang='lat' dir='ltr'>Consu·</span> 
     </span>
     <span class='ocr_line' id='line_1_24' title="bbox 619 2887 1625 2962; baseline -0.005 -17"><span class='ocrx_word' id='word_1_150' title='bbox 619 2893 759 2945; x_wconf 87' lang='lat' dir='ltr'>libus</span> <span class='ocrx_word' id='word_1_151' title='bbox 775 2931 791 2958; x_wconf 86' lang='lat'>,</span> <span class='ocrx_word' id='word_1_152' title='bbox 818 2888 964 2962; x_wconf 87' lang='lat' dir='ltr'>quod</span> <span class='ocrx_word' id='word_1_153' title='bbox 987 2888 1204 2959; x_wconf 58' lang='grc' dir='ltr'><strong>Τπ-8311111</strong></span> <span class='ocrx_word' id='word_1_154' title='bbox 1225 2887 1398 2940; x_wconf 77' lang='lat' dir='ltr'>adhuc</span> <span class='ocrx_word' id='word_1_155' title='bbox 1424 2902 1625 2959; x_wconf 89' lang='lat' dir='ltr'>tempo-</span> 
     </span>
     <span class='ocr_line' id='line_1_25' title="bbox 620 2967 1625 3038; baseline -0.006 -14"><span class='ocrx_word' id='word_1_156' title='bbox 620 2973 770 3024; x_wconf 80' lang='lat' dir='ltr'>ribus</span> <span class='ocrx_word' id='word_1_157' title='bbox 791 2968 1016 3021; x_wconf 79' lang='lat' dir='ltr'>valuisse</span> <span class='ocrx_word' id='word_1_158' title='bbox 1043 2980 1190 3038; x_wconf 83' lang='lat' dir='ltr'>patet</span> <span class='ocrx_word' id='word_1_159' title='bbox 1215 2987 1277 3018; x_wconf 85' lang='lat' dir='ltr'>ex</span> <span class='ocrx_word' id='word_1_160' title='bbox 1299 2967 1431 3018; x_wconf 87' lang='lat' dir='ltr'>Plin.</span> <span class='ocrx_word' id='word_1_161' title='bbox 1457 2969 1625 3038; x_wconf 82' lang='lat' dir='ltr'>Epist.</span> 
     </span>
     <span class='ocr_line' id='line_1_26' title="bbox 621 3047 1627 3117; baseline -0.004 -15"><span class='ocrx_word' id='word_1_162' title='bbox 621 3053 723 3117; x_wconf 81' lang='lat' dir='ltr'>IX,</span> <span class='ocrx_word' id='word_1_163' title='bbox 761 3050 843 3101; x_wconf 85' lang='grc'><strong>13.</strong></span> <span class='ocrx_word' id='word_1_164' title='bbox 877 3049 1004 3100; x_wconf 80' lang='lat' dir='ltr'>Mox</span> <span class='ocrx_word' id='word_1_165' title='bbox 1041 3065 1072 3098; x_wconf 78' lang='lat' dir='ltr'><strong>a</strong></span> <span class='ocrx_word' id='word_1_166' title='bbox 1109 3047 1180 3096; x_wconf 88' lang='lat' dir='ltr'>M.</span> <span class='ocrx_word' id='word_1_167' title='bbox 1213 3047 1482 3097; x_wconf 78' lang='lat' dir='ltr'>Antonino</span> <span class='ocrx_word' id='word_1_168' title='bbox 1517 3050 1627 3098; x_wconf 77' lang='lat' dir='ltr'>sin-</span> 
     </span>
     <span class='ocr_line' id='line_1_27' title="bbox 618 3126 1623 3203; baseline -0.009 -19"><span class='ocrx_word' id='word_1_169' title='bbox 618 3132 817 3203; x_wconf 75' lang='lat' dir='ltr'>gularis</span> <span class='ocrx_word' id='word_1_170' title='bbox 845 3129 1117 3181; x_wconf 78' lang='lat' dir='ltr'>institutus</span> <span class='ocrx_word' id='word_1_171' title='bbox 1155 3137 1232 3177; x_wconf 82' lang='lat' dir='ltr'>est</span> <span class='ocrx_word' id='word_1_172' title='bbox 1264 3126 1465 3178; x_wconf 82' lang='lat' dir='ltr'>Proetor</span> <span class='ocrx_word' id='word_1_173' title='bbox 1490 3135 1623 3176; x_wconf 83' lang='lat' dir='ltr'>tute-</span> 
     </span>
     <span class='ocr_line' id='line_1_28' title="bbox 618 3203 1619 3280; baseline -0.009 -15"><span class='ocrx_word' id='word_1_174' title='bbox 618 3212 743 3264; x_wconf 80' lang='lat' dir='ltr'>laris</span> <span class='ocrx_word' id='word_1_175' title='bbox 761 3208 844 3261; x_wconf 83' lang='lat' dir='ltr'>vel</span> <span class='ocrx_word' id='word_1_176' title='bbox 865 3204 1164 3280; x_wconf 76' lang='lat' dir='ltr'>pupillaris.</span> <span class='ocrx_word' id='word_1_177' title='bbox 1191 3203 1344 3256; x_wconf 87' lang='lat' dir='ltr'>Conf.</span> <span class='ocrx_word' id='word_1_178' title='bbox 1371 3205 1619 3256; x_wconf 87' lang='lat' dir='ltr'>Heinecc.</span> 
     </span>
     <span class='ocr_line' id='line_1_29' title="bbox 621 3284 1489 3352; baseline -0.009 -12"><span class='ocrx_word' id='word_1_179' title='bbox 621 3293 743 3341; x_wconf 85' lang='lat' dir='ltr'>Ant.</span> <span class='ocrx_word' id='word_1_180' title='bbox 775 3291 926 3339; x_wconf 81' lang='lat' dir='ltr'>Rom.</span> <span class='ocrx_word' id='word_1_181' title='bbox 949 3287 1002 3348; x_wconf 89' lang='lat'>1,</span> <span class='ocrx_word' id='word_1_182' title='bbox 1032 3285 1110 3334; x_wconf 88' lang='lat' dir='ltr'>tit.</span> <span class='ocrx_word' id='word_1_183' title='bbox 1140 3301 1236 3347; x_wconf 65' lang='grc' dir='ltr'>πο,</span> <span class='ocrx_word' id='word_1_184' title='bbox 1261 3284 1292 3350; x_wconf 74' lang='lat' dir='ltr'>S</span> <span class='ocrx_word' id='word_1_185' title='bbox 1317 3301 1350 3350; x_wconf 89' lang='lat'>9</span> <span class='ocrx_word' id='word_1_186' title='bbox 1379 3301 1489 3352; x_wconf 87' lang='lat' dir='ltr'>seq.</span> 
     </span>
    </p>

    <p class='ocr_par' dir='ltr' id='par_1_5' title="bbox 613 3361 1625 3824">
     <span class='ocr_line' id='line_1_30' title="bbox 691 3361 1625 3430; baseline -0.006 -12"><span class='ocrx_word' id='word_1_187' title='bbox 691 3369 740 3422; x_wconf 85' lang='lat'>5.</span> <span class='ocrx_word' id='word_1_188' title='bbox 779 3365 1043 3418; x_wconf 82' lang='lat' dir='ltr'>Medius...</span> <span class='ocrx_word' id='word_1_189' title='bbox 1069 3361 1284 3414; x_wconf 72' lang='lat' dir='ltr'>sedebat.</span> <span class='ocrx_word' id='word_1_190' title='bbox 1307 3361 1463 3415; x_wconf 87' lang='lat' dir='ltr'>Conf.</span> <span class='ocrx_word' id='word_1_191' title='bbox 1489 3364 1592 3416; x_wconf 82' lang='lat' dir='ltr'>Dio</span> <span class='ocrx_word' id='word_1_192' title='bbox 1609 3402 1625 3430; x_wconf 88' lang='lat'>.‚</span> 
     </span>
     <span class='ocr_line' id='line_1_31' title="bbox 617 3439 1625 3512; baseline -0.008 -13"><span class='ocrx_word' id='word_1_193' title='bbox 617 3447 741 3512; x_wconf 75' lang='lat' dir='ltr'>Lx,</span> <span class='ocrx_word' id='word_1_194' title='bbox 778 3443 873 3508; x_wconf 86' lang='grc'><strong>16,</strong></span> <span class='ocrx_word' id='word_1_195' title='bbox 903 3440 992 3492; x_wconf 89' lang='lat' dir='ltr'>ubi</span> <span class='ocrx_word' id='word_1_196' title='bbox 1031 3440 1338 3491; x_wconf 74' lang='lat' dir='ltr'>relationem</span> <span class='ocrx_word' id='word_1_197' title='bbox 1369 3439 1434 3490; x_wconf 77' lang='lat' dir='ltr'>ad</span> <span class='ocrx_word' id='word_1_198' title='bbox 1462 3441 1625 3492; x_wconf 81' lang='lat' dir='ltr'>Sena-</span> 
     </span>
     <span class='ocr_line' id='line_1_32' title="bbox 617 3517 1617 3576; baseline -0.006 0"><span class='ocrx_word' id='word_1_199' title='bbox 617 3540 728 3576; x_wconf 86' lang='lat' dir='ltr'>tum</span> <span class='ocrx_word' id='word_1_200' title='bbox 771 3531 1032 3572; x_wconf 83' lang='lat' dir='ltr'>memorat</span> <span class='ocrx_word' id='word_1_201' title='bbox 1071 3517 1138 3569; x_wconf 86' lang='lat' dir='ltr'>de</span> <span class='ocrx_word' id='word_1_202' title='bbox 1180 3517 1440 3570; x_wconf 84' lang='lat' dir='ltr'>seditione</span> <span class='ocrx_word' id='word_1_203' title='bbox 1481 3521 1617 3572; x_wconf 87' lang='lat' dir='ltr'>Scri-</span> 
     </span>
     <span class='ocr_line' id='line_1_33' title="bbox 613 3596 1620 3664; baseline -0.006 -12"><span class='ocrx_word' id='word_1_204' title='bbox 613 3601 853 3652; x_wconf 80' lang='lat' dir='ltr'>boniani.</span> <span class='ocrx_word' id='word_1_205' title='bbox 893 3596 1096 3650; x_wconf 84' lang='lat' dir='ltr'>Eodem</span> <span class='ocrx_word' id='word_1_206' title='bbox 1134 3611 1384 3662; x_wconf 79' lang='lat' dir='ltr'>auctore,</span> <span class='ocrx_word' id='word_1_207' title='bbox 1431 3597 1620 3664; x_wconf 78' lang='lat' dir='ltr'>XLIV,</span> 
     </span>
     <span class='ocr_line' id='line_1_34' title="bbox 614 3677 1621 3750; baseline -0.003 -16"><span class='ocrx_word' id='word_1_208' title='bbox 614 3683 677 3750; x_wconf 75' lang='grc'>4,</span> <span class='ocrx_word' id='word_1_209' title='bbox 705 3680 896 3734; x_wconf 84' lang='lat' dir='ltr'>Caesari</span> <span class='ocrx_word' id='word_1_210' title='bbox 933 3696 1032 3749; x_wconf 86' lang='lat' dir='ltr'>pro</span> <span class='ocrx_word' id='word_1_211' title='bbox 1060 3696 1266 3729; x_wconf 81' lang='lat' dir='ltr'>summo</span> <span class='ocrx_word' id='word_1_212' title='bbox 1293 3677 1498 3730; x_wconf 86' lang='lat' dir='ltr'>honore</span> <span class='ocrx_word' id='word_1_213' title='bbox 1528 3679 1621 3731; x_wconf 84' lang='lat' dir='ltr'>de-</span> 
     </span>
     <span class='ocr_line' id='line_1_35' title="bbox 613 3759 1619 3824; baseline -0.016 -7"><span class='ocrx_word' id='word_1_214' title='bbox 613 3779 813 3816; x_wconf 88' lang='lat' dir='ltr'>cretum</span> <span class='ocrx_word' id='word_1_215' title='bbox 838 3780 865 3811; x_wconf 83' lang='lat' dir='ltr'>a</span> <span class='ocrx_word' id='word_1_216' title='bbox 895 3772 1082 3810; x_wconf 81' lang='lat' dir='ltr'>senatu</span> <span class='ocrx_word' id='word_1_217' title='bbox 1119 3759 1217 3809; x_wconf 85' lang='lat' dir='ltr'>fuit</span> <span class='ocrx_word' id='word_1_218' title='bbox 1235 3795 1251 3824; x_wconf 86' lang='lat'>,</span> <span class='ocrx_word' id='word_1_219' title='bbox 1279 3771 1338 3810; x_wconf 91' lang='lat' dir='ltr'>ut</span> <span class='ocrx_word' id='word_1_220' title='bbox 1367 3761 1420 3812; x_wconf 86' lang='lat' dir='ltr'>in</span> <span class='ocrx_word' id='word_1_221' title='bbox 1447 3759 1619 3811; x_wconf 80' lang='lat' dir='ltr'>tribu-</span> 
     </span>
    </p>
   </div>
   <div class='ocr_carea' id='block_1_4' title="bbox 1710 2336 2725 3831">
    <p class='ocr_par' dir='ltr' id='par_1_6' title="bbox 1714 2336 2723 2875">
     <span class='ocr_line' id='line_1_36' title="bbox 1714 2336 2721 2403; baseline 0.005 -16"><span class='ocrx_word' id='word_1_222' title='bbox 1714 2336 1804 2388; x_wconf 80' lang='lat' dir='ltr'>cit.</span> <span class='ocrx_word' id='word_1_223' title='bbox 1830 2336 1913 2389; x_wconf 82' lang='lat' dir='ltr'>Cf.</span> <span class='ocrx_word' id='word_1_224' title='bbox 1934 2338 2064 2399; x_wconf 82' lang='lat' dir='ltr'>Dio..</span> <span class='ocrx_word' id='word_1_225' title='bbox 2090 2338 2208 2403; x_wconf 86' lang='lat' dir='ltr'>Lx,</span> <span class='ocrx_word' id='word_1_226' title='bbox 2236 2336 2319 2390; x_wconf 63' lang='grc' dir='ltr'>αδ.</span> <span class='ocrx_word' id='word_1_227' title='bbox 2346 2338 2605 2391; x_wconf 81' lang='lat' dir='ltr'>Nimirum</span> <span class='ocrx_word' id='word_1_228' title='bbox 2626 2358 2721 2392; x_wconf 81' lang='lat' dir='ltr'>an—</span> 
     </span>
     <span class='ocr_line' id='line_1_37' title="bbox 1717 2410 2719 2471; baseline 0.005 -6"><span class='ocrx_word' id='word_1_229' title='bbox 1717 2428 1803 2467; x_wconf 83' lang='lat' dir='ltr'>tea</span> <span class='ocrx_word' id='word_1_230' title='bbox 1832 2410 2177 2468; x_wconf 80' lang='lat' dir='ltr'>Senatoribus</span> <span class='ocrx_word' id='word_1_231' title='bbox 2206 2430 2532 2468; x_wconf 80' lang='lat' dir='ltr'>commeatus</span> <span class='ocrx_word' id='word_1_232' title='bbox 2564 2416 2719 2471; x_wconf 72' lang='lat' dir='ltr'>datus</span> 
     </span>
     <span class='ocr_line' id='line_1_38' title="bbox 1716 2493 2721 2568; baseline 0.002 -22"><span class='ocrx_word' id='word_1_233' title='bbox 1716 2509 1827 2548; x_wconf 80' lang='lat' dir='ltr'>erat</span> <span class='ocrx_word' id='word_1_234' title='bbox 1872 2515 1901 2548; x_wconf 77' lang='lat' dir='ltr'>a</span> <span class='ocrx_word' id='word_1_235' title='bbox 1948 2493 2237 2548; x_wconf 67' lang='lat' dir='ltr'>Caesaribus</span> <span class='ocrx_word' id='word_1_236' title='bbox 2288 2515 2384 2568; x_wconf 84' lang='lat' dir='ltr'>per</span> <span class='ocrx_word' id='word_1_237' title='bbox 2430 2498 2681 2550; x_wconf 73' lang='lat' dir='ltr'>Senatum</span> <span class='ocrx_word' id='word_1_238' title='bbox 2702 2521 2721 2562; x_wconf 83' lang='lat'>;</span> 
     </span>
     <span class='ocr_line' id='line_1_39' title="bbox 1714 2573 2721 2630; baseline 0.005 -5"><span class='ocrx_word' id='word_1_239' title='bbox 1714 2573 1963 2627; x_wconf 72' lang='lat' dir='ltr'>Claudius</span> <span class='ocrx_word' id='word_1_240' title='bbox 1978 2589 2151 2628; x_wconf 77' lang='lat' dir='ltr'>autem</span> <span class='ocrx_word' id='word_1_241' title='bbox 2170 2592 2285 2626; x_wconf 81' lang='lat' dir='ltr'>eam</span> <span class='ocrx_word' id='word_1_242' title='bbox 2294 2577 2503 2628; x_wconf 76' lang='lat' dir='ltr'>veniam</span> <span class='ocrx_word' id='word_1_243' title='bbox 2514 2579 2595 2630; x_wconf 75' lang='lat' dir='ltr'>sui</span> <span class='ocrx_word' id='word_1_244' title='bbox 2611 2591 2721 2630; x_wconf 78' lang='lat' dir='ltr'>tan·</span> 
     </span>
     <span class='ocr_line' id='line_1_40' title="bbox 1718 2653 2723 2726; baseline 0.005 -23"><span class='ocrx_word' id='word_1_245' title='bbox 1718 2666 1827 2703; x_wconf 89' lang='lat' dir='ltr'>tum</span> <span class='ocrx_word' id='word_1_246' title='bbox 1837 2655 1971 2722; x_wconf 83' lang='lat' dir='ltr'>juris</span> <span class='ocrx_word' id='word_1_247' title='bbox 1988 2653 2339 2726; x_wconf 78' lang='lat' dir='ltr'>beneficiique</span> <span class='ocrx_word' id='word_1_248' title='bbox 2352 2655 2478 2706; x_wconf 86' lang='lat' dir='ltr'>fecit</span> <span class='ocrx_word' id='word_1_249' title='bbox 2490 2694 2507 2721; x_wconf 80' lang='lat'>,</span> <span class='ocrx_word' id='word_1_250' title='bbox 2524 2657 2723 2710; x_wconf 66' lang='lat' dir='ltr'>omisso</span> 
     </span>
     <span class='ocr_line' id='line_1_41' title="bbox 1715 2731 2719 2804; baseline 0.005 -21"><span class='ocrx_word' id='word_1_251' title='bbox 1715 2731 1927 2784; x_wconf 83' lang='lat' dir='ltr'>Senatu.</span> <span class='ocrx_word' id='word_1_252' title='bbox 1956 2731 2092 2784; x_wconf 83' lang='lat' dir='ltr'>Vide</span> <span class='ocrx_word' id='word_1_253' title='bbox 2120 2731 2262 2804; x_wconf 80' lang='lat' dir='ltr'>Lips.</span> <span class='ocrx_word' id='word_1_254' title='bbox 2289 2732 2355 2784; x_wconf 78' lang='lat' dir='ltr'>ad</span> <span class='ocrx_word' id='word_1_255' title='bbox 2381 2734 2552 2788; x_wconf 78' lang='lat' dir='ltr'>Tacit.</span> <span class='ocrx_word' id='word_1_256' title='bbox 2578 2740 2719 2790; x_wconf 74' lang='lat' dir='ltr'>Anu.</span> 
     </span>
     <span class='ocr_line' id='line_1_42' title="bbox 1715 2811 2432 2875; baseline 0.006 -14"><span class='ocrx_word' id='word_1_257' title='bbox 1715 2813 1836 2874; x_wconf 79' lang='grc' dir='ltr'>ΧΠ,</span> <span class='ocrx_word' id='word_1_258' title='bbox 1863 2811 1961 2875; x_wconf 81' lang='lat'>23;</span> <span class='ocrx_word' id='word_1_259' title='bbox 1986 2813 2191 2864; x_wconf 80' lang='lat' dir='ltr'>Ernest.</span> <span class='ocrx_word' id='word_1_260' title='bbox 2218 2811 2286 2864; x_wconf 84' lang='lat' dir='ltr'>ad</span> <span class='ocrx_word' id='word_1_261' title='bbox 2314 2812 2366 2864; x_wconf 83' lang='lat' dir='ltr'>h.</span> <span class='ocrx_word' id='word_1_262' title='bbox 2397 2813 2432 2866; x_wconf 91' lang='lat' dir='ltr'>l.</span> 
     </span>
    </p>

    <p class='ocr_par' dir='ltr' id='par_1_7' title="bbox 1710 2890 2725 3653">
     <span class='ocr_line' id='line_1_43' title="bbox 1785 2890 2725 2946; baseline 0.004 -4"><span class='ocrx_word' id='word_1_263' title='bbox 1785 2890 1971 2942; x_wconf 85' lang='lat' dir='ltr'>XXIV.</span> <span class='ocrx_word' id='word_1_264' title='bbox 2020 2905 2061 2940; x_wconf 90' lang='grc'><strong>1.</strong></span> <span class='ocrx_word' id='word_1_265' title='bbox 2104 2891 2531 2944; x_wconf 74' lang='grc' dir='ltr'>Ρωσιιναεονίὁιις</span> <span class='ocrx_word' id='word_1_266' title='bbox 2564 2893 2725 2946; x_wconf 70' lang='lat' dir='ltr'>duce-</span> 
     </span>
     <span class='ocr_line' id='line_1_44' title="bbox 1716 2971 2722 3038; baseline 0.008 -18"><span class='ocrx_word' id='word_1_267' title='bbox 1716 2971 1891 3022; x_wconf 81' lang='lat' dir='ltr'>nariis.</span> <span class='ocrx_word' id='word_1_268' title='bbox 1908 2971 2086 3037; x_wconf 86' lang='lat' dir='ltr'>Quum</span> <span class='ocrx_word' id='word_1_269' title='bbox 2099 3009 2115 3038; x_wconf 86' lang='lat'>‚</span> <span class='ocrx_word' id='word_1_270' title='bbox 2136 2985 2339 3022; x_wconf 79' lang='lat' dir='ltr'>mutato</span> <span class='ocrx_word' id='word_1_271' title='bbox 2358 2974 2524 3024; x_wconf 76' lang='lat' dir='ltr'>veteri</span> <span class='ocrx_word' id='word_1_272' title='bbox 2546 2993 2691 3028; x_wconf 86' lang='lat' dir='ltr'>more</span> <span class='ocrx_word' id='word_1_273' title='bbox 2704 3014 2722 3038; x_wconf 78' lang='lat'><em>‚</em></span> 
     </span>
     <span class='ocr_line' id='line_1_45' title="bbox 1716 3048 2725 3121; baseline 0.007 -21"><span class='ocrx_word' id='word_1_274' title='bbox 1716 3048 2106 3120; x_wconf 77' lang='lat' dir='ltr'>magistratibus</span> <span class='ocrx_word' id='word_1_275' title='bbox 2124 3051 2513 3121; x_wconf 80' lang='lat' dir='ltr'>provinciarum</span> <span class='ocrx_word' id='word_1_276' title='bbox 2536 3054 2603 3105; x_wconf 83' lang='lat' dir='ltr'>ab</span> <span class='ocrx_word' id='word_1_277' title='bbox 2620 3058 2725 3106; x_wconf 79' lang='lat' dir='ltr'>An-</span> 
     </span>
     <span class='ocr_line' id='line_1_46' title="bbox 1715 3127 2722 3200; baseline 0.005 -22"><span class='ocrx_word' id='word_1_278' title='bbox 1715 3142 1871 3198; x_wconf 75' lang='lat' dir='ltr'>gusto</span> <span class='ocrx_word' id='word_1_279' title='bbox 1888 3142 2029 3180; x_wconf 82' lang='lat' dir='ltr'>certa</span> <span class='ocrx_word' id='word_1_280' title='bbox 2046 3127 2233 3180; x_wconf 69' lang='lat' dir='ltr'>salaria</span> <span class='ocrx_word' id='word_1_281' title='bbox 2251 3130 2555 3200; x_wconf 73' lang='lat' dir='ltr'>praescripta</span> <span class='ocrx_word' id='word_1_282' title='bbox 2576 3145 2722 3196; x_wconf 74' lang='lat' dir='ltr'>sunt,</span> 
     </span>
     <span class='ocr_line' id='line_1_47' title="bbox 1714 3205 2719 3276; baseline 0.005 -19"><span class='ocrx_word' id='word_1_283' title='bbox 1714 3209 2009 3259; x_wconf 82' lang='lat' dir='ltr'>institutum</span> <span class='ocrx_word' id='word_1_284' title='bbox 2054 3219 2105 3258; x_wconf 89' lang='lat' dir='ltr'>et</span> <span class='ocrx_word' id='word_1_285' title='bbox 2139 3205 2276 3272; x_wconf 87' lang='lat' dir='ltr'>hoe,</span> <span class='ocrx_word' id='word_1_286' title='bbox 2318 3220 2376 3258; x_wconf 87' lang='lat' dir='ltr'>ut</span> <span class='ocrx_word' id='word_1_287' title='bbox 2419 3207 2719 3276; x_wconf 78' lang='lat' dir='ltr'>ducenarii,</span> 
     </span>
     <span class='ocr_line' id='line_1_48' title="bbox 1711 3284 2718 3359; baseline 0.003 -22"><span class='ocrx_word' id='word_1_288' title='bbox 1711 3287 2026 3351; x_wconf 84' lang='lat' dir='ltr'>centenarii,</span> <span class='ocrx_word' id='word_1_289' title='bbox 2055 3286 2377 3359; x_wconf 67' lang='lat' dir='ltr'>sexagenarii</span> <span class='ocrx_word' id='word_1_290' title='bbox 2394 3284 2718 3354; x_wconf 78' lang='lat' dir='ltr'>dicerentur,</span> 
     </span>
     <span class='ocr_line' id='line_1_49' title="bbox 1718 3365 2721 3438; baseline 0.002 -20"><span class='ocrx_word' id='word_1_291' title='bbox 1718 3385 1941 3438; x_wconf 83' lang='lat' dir='ltr'>quorum</span> <span class='ocrx_word' id='word_1_292' title='bbox 1958 3365 2279 3438; x_wconf 75' lang='lat' dir='ltr'>stipendium</span> <span class='ocrx_word' id='word_1_293' title='bbox 2300 3379 2476 3418; x_wconf 77' lang='lat' dir='ltr'>essent</span> <span class='ocrx_word' id='word_1_294' title='bbox 2494 3365 2721 3432; x_wconf 74' lang='lat' dir='ltr'>ducena,</span> 
     </span>
     <span class='ocr_line' id='line_1_50' title="bbox 1714 3445 2715 3516; baseline 0.002 -20"><span class='ocrx_word' id='word_1_295' title='bbox 1714 3460 1936 3497; x_wconf 83' lang='lat' dir='ltr'>centena</span> <span class='ocrx_word' id='word_1_296' title='bbox 1962 3483 1978 3510; x_wconf 81' lang='lat'>‚</span> <span class='ocrx_word' id='word_1_297' title='bbox 2020 3445 2100 3496; x_wconf 78' lang='lat' dir='ltr'>vel</span> <span class='ocrx_word' id='word_1_298' title='bbox 2145 3462 2405 3516; x_wconf 73' lang='lat' dir='ltr'>sexagena</span> <span class='ocrx_word' id='word_1_299' title='bbox 2452 3446 2715 3500; x_wconf 72' lang='lat' dir='ltr'>Sestertio.</span> 
     </span>
     <span class='ocr_line' id='line_1_51' title="bbox 1711 3521 2719 3594; baseline 0.003 -20"><span class='ocrx_word' id='word_1_300' title='bbox 1711 3525 1841 3587; x_wconf 85' lang='lat' dir='ltr'>Dio,</span> <span class='ocrx_word' id='word_1_301' title='bbox 1863 3525 2000 3589; x_wconf 82' lang='lat' dir='ltr'>Lm,</span> <span class='ocrx_word' id='word_1_302' title='bbox 2022 3524 2112 3588; x_wconf 83' lang='lat'>15,</span> <span class='ocrx_word' id='word_1_303' title='bbox 2134 3521 2225 3574; x_wconf 86' lang='lat' dir='ltr'>ubi</span> <span class='ocrx_word' id='word_1_304' title='bbox 2243 3522 2361 3574; x_wconf 77' lang='lat' dir='ltr'>vide</span> <span class='ocrx_word' id='word_1_305' title='bbox 2378 3541 2514 3594; x_wconf 77' lang='lat' dir='ltr'>quos</span> <span class='ocrx_word' id='word_1_306' title='bbox 2535 3523 2719 3577; x_wconf 73' lang='lat' dir='ltr'>laudat</span> 
     </span>
     <span class='ocr_line' id='line_1_52' title="bbox 1710 3601 1916 3653; baseline 0.005 -2"><span class='ocrx_word' id='word_1_307' title='bbox 1710 3601 1916 3653; x_wconf 75' lang='lat' dir='ltr'>Fabric-</span> 
     </span>
    </p>

    <p class='ocr_par' dir='ltr' id='par_1_8' title="bbox 1710 3675 2719 3831">
     <span class='ocr_line' id='line_1_53' title="bbox 1785 3675 2719 3744; baseline 0.002 -15"><span class='ocrx_word' id='word_1_308' title='bbox 1785 3697 1830 3729; x_wconf 86' lang='lat'>2.</span> <span class='ocrx_word' id='word_1_309' title='bbox 1878 3680 2003 3731; x_wconf 84' lang='lat' dir='ltr'>Non</span> <span class='ocrx_word' id='word_1_310' title='bbox 2046 3675 2297 3729; x_wconf 79' lang='lat' dir='ltr'>lecturum</span> <span class='ocrx_word' id='word_1_311' title='bbox 2342 3697 2424 3744; x_wconf 79' lang='lat' dir='ltr'>se,</span> <span class='ocrx_word' id='word_1_312' title='bbox 2468 3692 2568 3729; x_wconf 88' lang='lat' dir='ltr'>etc.</span> <span class='ocrx_word' id='word_1_313' title='bbox 2611 3679 2681 3731; x_wconf 85' lang='lat' dir='ltr'>Se</span> <span class='ocrx_word' id='word_1_314' title='bbox 2698 3717 2719 3744; x_wconf 80' lang='lat'>,</span> 
     </span>
     <span class='ocr_line' id='line_1_54' title="bbox 1710 3757 2717 3831; baseline 0.004 -21"><span class='ocrx_word' id='word_1_315' title='bbox 1710 3757 2017 3831; x_wconf 82' lang='lat' dir='ltr'>absorptum</span> <span class='ocrx_word' id='word_1_316' title='bbox 2040 3760 2093 3810; x_wconf 88' lang='lat' dir='ltr'>in</span> <span class='ocrx_word' id='word_1_317' title='bbox 2120 3759 2387 3831; x_wconf 77' lang='lat' dir='ltr'>plerisque</span> <span class='ocrx_word' id='word_1_318' title='bbox 2412 3778 2443 3810; x_wconf 79' lang='lat' dir='ltr'><strong>a</strong></span> <span class='ocrx_word' id='word_1_319' title='bbox 2463 3775 2717 3830; x_wconf 78' lang='lat' dir='ltr'>sequente</span> 
     </span>
    </p>
   </div>
   <div class='ocr_carea' id='block_1_5' title="bbox 609 3837 2717 3910">
    <p class='ocr_par' dir='ltr' id='par_1_9' title="bbox 609 3837 2717 3910">
     <span class='ocr_line' id='line_1_55' title="bbox 609 3837 2717 3910; baseline -0.002 -14"><span class='ocrx_word' id='word_1_320' title='bbox 609 3847 760 3896; x_wconf 64' lang='lat' dir='ltr'>iniciis</span> <span class='ocrx_word' id='word_1_321' title='bbox 781 3840 1043 3894; x_wconf 74' lang='lat' dir='ltr'>subselliis</span> <span class='ocrx_word' id='word_1_322' title='bbox 1064 3837 1298 3902; x_wconf 82' lang='lat' dir='ltr'>sederet,</span> <span class='ocrx_word' id='word_1_323' title='bbox 1325 3857 1430 3910; x_wconf 91' lang='lat' dir='ltr'>quo</span> <span class='ocrx_word' id='word_1_324' title='bbox 1455 3839 1616 3890; x_wconf 89' lang='lat' dir='ltr'>modo</span> <span class='ocrx_word' id='word_1_325' title='bbox 1704 3840 2004 3894; x_wconf 82' lang='lat' dir='ltr'>Senatorem</span> <span class='ocrx_word' id='word_1_326' title='bbox 2021 3878 2039 3907; x_wconf 92' lang='lat'>,</span> <span class='ocrx_word' id='word_1_327' title='bbox 2078 3859 2141 3890; x_wconf 85' lang='lat' dir='ltr'>ex</span> <span class='ocrx_word' id='word_1_328' title='bbox 2178 3841 2393 3910; x_wconf 76' lang='lat' dir='ltr'>optimis</span> <span class='ocrx_word' id='word_1_329' title='bbox 2420 3837 2590 3891; x_wconf 83' lang='lat' dir='ltr'>codd.</span> <span class='ocrx_word' id='word_1_330' title='bbox 2632 3859 2717 3892; x_wconf 80' lang='lat' dir='ltr'>re·-</span> 
     </span>
    </p>
   </div>
   <div class='ocr_carea' id='block_1_6' title="bbox 609 3917 1617 3992">
    <p class='ocr_par' dir='ltr' id='par_1_10' title="bbox 609 3917 1617 3992">
     <span class='ocr_line' id='line_1_56' title="bbox 609 3917 1617 3992; baseline -0.005 -17"><span class='ocrx_word' id='word_1_331' title='bbox 609 3937 661 3975; x_wconf 86' lang='lat' dir='ltr'>et</span> <span class='ocrx_word' id='word_1_332' title='bbox 703 3921 996 3992; x_wconf 71' lang='lat' dir='ltr'>Caligulam</span> <span class='ocrx_word' id='word_1_333' title='bbox 1042 3921 1246 3988; x_wconf 77' lang='lat' dir='ltr'>ipsum,</span> <span class='ocrx_word' id='word_1_334' title='bbox 1285 3917 1413 3969; x_wconf 86' lang='lat' dir='ltr'>dum</span> <span class='ocrx_word' id='word_1_335' title='bbox 1455 3937 1617 3990; x_wconf 77' lang='lat' dir='ltr'>regna</span> 
     </span>
    </p>
   </div>
   <div class='ocr_carea' id='block_1_7' title="bbox 1708 3917 2717 3985">
    <p class='ocr_par' dir='ltr' id='par_1_11' title="bbox 1708 3917 2717 3985">
     <span class='ocr_line' id='line_1_57' title="bbox 1708 3917 2717 3985; baseline 0.002 -16"><span class='ocrx_word' id='word_1_336' title='bbox 1708 3922 1993 3970; x_wconf 75' lang='lat' dir='ltr'>stituerunt</span> <span class='ocrx_word' id='word_1_337' title='bbox 2032 3921 2246 3984; x_wconf 84' lang='lat' dir='ltr'>Burm.‚</span> <span class='ocrx_word' id='word_1_338' title='bbox 2286 3917 2571 3985; x_wconf 80' lang='lat' dir='ltr'>Oudend.‚</span> <span class='ocrx_word' id='word_1_339' title='bbox 2612 3921 2717 3971; x_wconf 81' lang='lat' dir='ltr'>Er-</span> 
     </span>
    </p>
   </div>
   <div class='ocr_carea' id='block_1_8' title="bbox 610 3995 2714 4071">
    <p class='ocr_par' dir='ltr' id='par_1_12' title="bbox 610 3995 2714 4071">
     <span class='ocr_line' id='line_1_58' title="bbox 610 3995 2714 4071; baseline -0.001 -19"><span class='ocrx_word' id='word_1_340' title='bbox 610 3999 805 4071; x_wconf 78' lang='lat' dir='ltr'>regulis</span> <span class='ocrx_word' id='word_1_341' title='bbox 847 3997 1028 4050; x_wconf 76' lang='lat' dir='ltr'>tribuit</span> <span class='ocrx_word' id='word_1_342' title='bbox 1050 4035 1066 4062; x_wconf 82' lang='lat'>‚</span> <span class='ocrx_word' id='word_1_343' title='bbox 1108 3995 1379 4046; x_wconf 84' lang='lat' dir='ltr'>sedentem</span> <span class='ocrx_word' id='word_1_344' title='bbox 1419 4015 1614 4068; x_wconf 77' lang='lat' dir='ltr'>reprae-</span> <span class='ocrx_word' id='word_1_345' title='bbox 1706 4013 1838 4050; x_wconf 87' lang='lat' dir='ltr'>nest.</span> <span class='ocrx_word' id='word_1_346' title='bbox 1857 4037 1873 4064; x_wconf 82' lang='lat'>‚</span> <span class='ocrx_word' id='word_1_347' title='bbox 1902 4011 1955 4050; x_wconf 87' lang='lat' dir='ltr'>et</span> <span class='ocrx_word' id='word_1_348' title='bbox 1984 3999 2339 4051; x_wconf 78' lang='lat' dir='ltr'>necessarium</span> <span class='ocrx_word' id='word_1_349' title='bbox 2363 3997 2433 4049; x_wconf 80' lang='lat' dir='ltr'>ad</span> <span class='ocrx_word' id='word_1_350' title='bbox 2459 3995 2565 4048; x_wconf 85' lang='lat' dir='ltr'>loci</span> <span class='ocrx_word' id='word_1_351' title='bbox 2589 4017 2714 4070; x_wconf 84' lang='lat' dir='ltr'>per-</span> 
     </span>
    </p>
   </div>
   <div class='ocr_carea' id='block_1_9' title="bbox 608 4077 1615 4225">
    <p class='ocr_par' dir='ltr' id='par_1_13' title="bbox 608 4077 1615 4225">
     <span class='ocr_line' id='line_1_59' title="bbox 608 4077 1070 4140; baseline -0.011 -9"><span class='ocrx_word' id='word_1_352' title='bbox 608 4091 781 4131; x_wconf 82' lang='lat' dir='ltr'>sentat</span> <span class='ocrx_word' id='word_1_353' title='bbox 813 4077 958 4140; x_wconf 76' lang='lat' dir='ltr'>ux,</span> <span class='ocrx_word' id='word_1_354' title='bbox 993 4091 1070 4126; x_wconf 80' lang='lat'>12.</span> 
     </span>
     <span class='ocr_line' id='line_1_60' title="bbox 677 4149 1615 4225; baseline -0.002 -18"><span class='ocrx_word' id='word_1_355' title='bbox 677 4157 730 4206; x_wconf 85' lang='lat'>6.</span> <span class='ocrx_word' id='word_1_356' title='bbox 771 4157 1151 4206; x_wconf 72' lang='lat' dir='ltr'>Comme-atus...</span> <span class='ocrx_word' id='word_1_357' title='bbox 1185 4149 1421 4218; x_wconf 78' lang='lat' dir='ltr'>beneficii</span> <span class='ocrx_word' id='word_1_358' title='bbox 1441 4154 1519 4204; x_wconf 79' lang='lat' dir='ltr'>sui</span> <span class='ocrx_word' id='word_1_359' title='bbox 1531 4154 1615 4225; x_wconf 84' lang='lat' dir='ltr'>fe-</span> 
     </span>
    </p>
   </div>
   <div class='ocr_carea' id='block_1_10' title="bbox 1704 4075 2655 4149">
    <p class='ocr_par' dir='ltr' id='par_1_14' title="bbox 1704 4075 2655 4149">
     <span class='ocr_line' id='line_1_61' title="bbox 1704 4075 2655 4149; baseline -0.002 -19"><span class='ocrx_word' id='word_1_360' title='bbox 1704 4078 2038 4149; x_wconf 76' lang='lat' dir='ltr'>spicuitatem</span> <span class='ocrx_word' id='word_1_361' title='bbox 2059 4081 2179 4148; x_wconf 69' lang='lat' dir='ltr'>jure</span> <span class='ocrx_word' id='word_1_362' title='bbox 2204 4088 2386 4128; x_wconf 86' lang='lat' dir='ltr'>monet</span> <span class='ocrx_word' id='word_1_363' title='bbox 2408 4075 2655 4130; x_wconf 79' lang='lat' dir='ltr'>Wolfius.</span> 
     </span>
    </p>
   </div>
   <div class='ocr_carea' id='block_1_11' title="bbox 1776 4154 2715 4227">
    <p class='ocr_par' dir='ltr' id='par_1_15' title="bbox 1776 4154 2715 4227">
     <span class='ocr_line' id='line_1_62' title="bbox 1776 4154 2715 4227; baseline 0.001 -20"><span class='ocrx_word' id='word_1_364' title='bbox 1776 4155 1826 4207; x_wconf 82' lang='lat'>3.</span> <span class='ocrx_word' id='word_1_365' title='bbox 1858 4155 2034 4208; x_wconf 83' lang='lat' dir='ltr'>Etiam</span> <span class='ocrx_word' id='word_1_366' title='bbox 2056 4155 2285 4227; x_wconf 80' lang='lat' dir='ltr'>Appium</span> <span class='ocrx_word' id='word_1_367' title='bbox 2313 4156 2535 4207; x_wconf 78' lang='lat' dir='ltr'>Coecum.</span> <span class='ocrx_word' id='word_1_368' title='bbox 2550 4196 2561 4207; x_wconf 91' lang='lat'><strong>.</strong></span> <span class='ocrx_word' id='word_1_369' title='bbox 2580 4195 2591 4208; x_wconf 92' lang='lat'><strong><em>.</em></strong></span> <span class='ocrx_word' id='word_1_370' title='bbox 2610 4194 2622 4208; x_wconf 87' lang='lat'><strong>.</strong></span> <span class='ocrx_word' id='word_1_371' title='bbox 2644 4154 2715 4210; x_wconf 75' lang='lat' dir='ltr'>li-</span> 
     </span>
    </p>
   </div>
  </div>
 </body>
</html>
