3050 5004
679 524 813 591 382
1426 526 1501 591 C.
1553 524 2026 593 SUETONH

675 651 941 720 Luscio‘*
954 704 972 734 ,
998 650 1525 745 chirographum
1547 650 1696 745 ejus
1716 674 2183 737 conservasse,
2205 666 2274 719 et
2289 674 2787 747 nonnunquam

672 761 1038 857 protulisse
1058 814 1075 847 ‚
1118 778 1387 831 noctem
1434 762 1566 831 sihi
1601 762 2018 855 pollicentis:
2065 784 2196 831 nec
2229 760 2630 845 defuerunt,
2673 765 2790 857 qui

674 874 1095 941 affirmarent
1106 864 1131 956 ,⁸
1163 890 1562 966 corruptum
1592 875 2056 941 Domitianum
2080 888 2148 939 et
2173 896 2214 939 a
2245 876 2495 954 Nerva,
2531 894 2793 943 succes·

677 1012 828 1055 sore
874 1010 1033 1053 mox
1079 1009 1224 1053 suo,
1271 982 1454 1054 Bello
1498 983 1855 1054 Vitelliano
1895 985 2200 1077 confugit
2232 986 2304 1052 in
2345 970 2792 1077 ⁵Capitolium

672 1120 833 1164 cum
863 1113 1107 1189 patruo
1136 1095 1417 1179 Sabino,
1449 1118 1530 1162 ac
1559 1112 1752 1187 parte
1782 1096 2224 1188 praesentium
2251 1096 2639 1186 copiarum:
2671 1093 2792 1162 sed

672 1206 1209 1299 irrumpentibus
1236 1204 1635 1274 adversariis
1656 1258 1673 1291 ‚
1704 1223 1773 1274 et
1796 1204 2076 1273 ardente
2104 1204 2392 1297 temple,
2424 1202 2614 1297 apud
2639 1204 2793 1272 aedi-

674 1338 873 1387 tuum
910 1316 1085 1385 clam
1112 1320 1536 1411 pernoctavit
1553 1317 1621 1383 ⁶:
1663 1341 1744 1385 ac
1771 1340 1974 1385 mane
2003 1317 2200 1385 Isiaci
2231 1314 2488 1385 celatus
2516 1314 2754 1396 habitu
2769 1370 2788 1399 ,

672 1412 981 1524 interque
1005 1428 1420 1497 sacrificulos
1451 1451 1644 1497 vanae
1669 1430 2163 1521 superstitionis
2183 1436 2234 1511 ⁷,
2263 1450 2480 1521 quum
2503 1450 2578 1494 se
2601 1444 2790 1494 trans

674 1540 975 1609 Tiberim
997 1537 1085 1607 ad
1114 1538 1559 1631 condiscipuli
1584 1542 1689 1606 sui
1717 1554 2005 1606 matrem
2034 1539 2280 1605 comite
2305 1560 2446 1604 uno
2474 1536 2792 1605 contulis-

674 1668 807 1733 set,
853 1653 945 1718 ita
994 1650 1189 1719 latuit
1208 1702 1227 1732 ,
1274 1666 1353 1717 ut
1406 1650 1864 1718 scrutantibus
1885 1701 1902 1732 ,
1956 1652 2073 1744 qui
2107 1651 2400 1739 ·vestigia
2443 1646 2788 1717 subsecuti

672 1781 898 1845 erant,
935 1760 1354 1854 deprehendi
1392 1785 1533 1830 non
1573 1764 1890 1855 potuerit.
1929 1766 2090 1829 Post
2121 1762 2470 1828 victoriam
2509 1757 2786 1828 demum

673 1898 1108 1969 progressus,
1152 1891 1220 1940 et
1258 1878 1484 1941 Caesar
1522 1870 2060 1955 consalutatus⁸,
2102 1870 2432 1939 honorem
2473 1888 2788 1964 praeturae

670 1986 955 2055 urbanae
973 1994 1001 2036 9
1039 2006 1198 2051 cum
1235 1982 1579 2051 consulari
1615 1998 1949 2077 potestate
1987 1986 2286 2076 suscepit
2315 1981 2515 2049 titulo
2549 1998 2782 2051 tenus:

744 2242 795 2310 4.
837 2242 1042 2295 Luscio.
1068 2242 1151 2292 An
1179 2240 1372 2308 Lusco,
1396 2240 1507 2310 vel,
1539 2240 1686 2314 quod

672 2319 935 2377 Bomaldo
970 2323 1128 2375 etiam
1160 2321 1216 2373 in
1246 2334 1475 2373 mentem
1507 2324 1686 2389 venit,

670 2401 833 2469 lusio,
860 2400 967 2454 hoc
992 2412 1100 2467 est,
1124 2399 1417 2469 ludicrum,
1439 2398 1652 2455 vasaei?

743 2482 794 2537 5.
838 2480 1089 2556 Confugit
1117 2484 1173 2536 in
1202 2482 1552 2556 Capitolium,
1581 2496 1684 2536 etc.

668 2561 975 2616 Secundum
991 2563 1163 2614 Tacit.
1188 2564 1323 2614 nist.
1346 2563 1445 2628 ΙΙΙ,
1468 2561 1566 2632 69,
1591 2561 1686 2615 Sa·

668 2641 829 2696 binus
850 2640 1049 2696 liberos
1068 2658 1194 2694 suos
1216 2655 1268 2694 et
1292 2643 1684 2710 Domitianum,

670 2722 848 2773 fratris
885 2719 1085 2786 fllium,
1124 2719 1389 2772 concubia
1431 2735 1590 2774 nocte
1626 2721 1680 2771 in

667 2799 994 2872 Capitolium
1025 2800 1231 2851 accivit.

681 2875 685 2881 ’
738 2881 795 2936 6.
832 2880 994 2952 Apud
1024 2881 1273 2932 «edituum
1312 2879 1453 2932 elam
1489 2897 1686 2954 perno-

668 2963 844 3015 ctavit.
866 2961 1035 3012 Tacit.
1056 2961 1129 3026 11,
1154 2959 1251 3030 7⁴:
1278 2960 1685 3025 «DomitianuS,

667 3044 841 3112 prima
888 3041 1184 3112 irruptione
1230 3037 1377 3110 apud
1432 3039 1684 3091 aedituum

668 3120 1002 3186 occultatus,
1033 3117 1271 3172 sollertia
1296 3117 1501 3184 liberti,
1539 3119 1682 3173 lineo

664 3200 868 3251 amictu
890 3196 1059 3249 turbe
1080 3196 1459 3248 sacricolarum
1482 3199 1552 3248 i'm
1561 3199 1684 3250 mix-

666 3287 753 3330 tus
774 3278 1186 3347 ignoransque,
1210 3275 1357 3349 apud
1374 3276 1682 3329 Cornelium

664 3359 899 3412 Primum
912 3393 929 3423 ‚
944 3367 1228 3428 paternum
1246 3356 1517 3423 clientem,
1525 3359 1680 3428 juxta

664 3437 954 3491 Velabrum
978 3435 1204 3491 delituit.
1230 3439 1308 3489 Ac
1332 3438 1572 3508 potiente
1597 3456 1682 3490 re-

666 3535 785 3568 mm
819 3529 1002 3587 patre,
1032 3513 1257 3585 disjecto
1281 3515 1458 3567 aditui
1484 3527 1681 3567 contu-

663 3596 888 3661 bei-nio,
944 3595 1215 3647 modicum
1262 3595 1516 3648 sacellum
1557 3597 1678 3648 Jovi

662 3674 1068 3740 Conservatori,
1090 3693 1347 3746 aramque
1366 3677 1575 3750 posuit,
1596 3693 1682 3727 ca·

664 3773 862 3828 susque
891 3773 1019 3808 snos
1046 3757 1102 3808 in
1126 3773 1393 3807 marmore
1422 3755 1682 3825 expressit

658 3835 753 3906 (ita
780 3835 1087 3907 legendum,
1114 3853 1279 3906 quum
1304 3834 1412 3886 MS.
1438 3833 1572 3886 Bud.
1593 3851 1680 3886 ex·

656 3916 857 3988 preoeit,
900 3929 953 3967 et
997 3914 1327 3966 constructio
1365 3913 1550 3964 Graeca
1584 3931 1678 3965 ara

659 4015 802 4050 castas
825 4013 1055 4066 expressa
1079 3992 1133 4045 h.
1164 3993 1199 4044 l.
1228 4011 1335 4044 non
1366 3991 1572 4056 valeat,
1603 3991 1674 4043 ob

1775 2242 1887 2296 civ.
1913 2244 2004 2311 IV„
2025 2244 2113 2315 74.
2137 2240 2218 2297 ΟΕ
2243 2240 2446 2295 othon.
2479 2256 2570 2307 12,
2601 2264 2626 2289 ι
2645 2256 2784 2294 soen

1773 2325 1934 2377 etiam
1955 2324 2110 2377 Isidis
2135 2340 2274 2394 soepe
2302 2322 2362 2374 in
2381 2320 2548 2375 lintea
2577 2320 2786 2397 religio-

1773 2422 1932 2477 saque
1981 2414 2114 2457 veste
2157 2400 2436 2473 propalam
2489 2399 2784 2453 celebrasse

1775 2484 2018 2536 traditur.
2042 2505 2064 2530 π
2099 2482 2346 2535 Ceterum
2373 2478 2493 2534 vide
2531 2498 2783 2546 numum,

1773 2566 1830 2616 in
1871 2564 2186 2617 memoriam
2225 2562 2388 2633 hujus
2430 2563 2509 2614 rei
2547 2563 2749 2614 factm
2767 2599 2784 2627 .,

1775 2663 1934 2716 quem
1949 2642 2165 2696 exhibet
2173 2643 2409 2710 Petinus,
2419 2641 2554 2694 Tab.
2569 2641 2784 2705 xxxn,

1782 2738 1827 2786 ι,
1865 2735 1918 2774 et
1946 2719 2232 2773 illustravit
2263 2719 2639 2774 dissertatione
2673 2718 2786 2773 Ob-

1771 2797 1937 2852 recht.
1971 2800 2250 2869 Argentor.
2281 2797 2433 2866 1675.

1846 2895 1898 2950 7.
1939 2879 1996 2932 V
1989 2897 2106 2932 anoe
2139 2877 2534 2950 superstitionis.
2569 2877 2656 2929 Al.
2693 2897 2757 2930 va

1772 2957 1892 3025 η’ω,
1914 2957 2061 3029 quod
2084 2957 2334 3028 probavit
2363 2958 2523 3009 etiam
2545 2956 2762 3009 Tui-neb

1772 3035 1995 3088 Advers.
2029 3037 2203 3102 xxu,
2235 3037 2325 3104 16,
2359 3055 2526 3108 quum
2554 3038 2778 3089 manife-

1773 3127 1914 3168 stum
1941 3115 2218 3186 scripturn
2245 3117 2315 3167 sit
2335 3115 2539 3167 vitium.
2575 3117 2777 3180 Docta,

1771 3193 1868 3248 sed
1889 3193 2060 3247 aliena
2080 3193 2152 3246 ab
2173 3193 2462 3258 historico,
2487 3207 2570 3247 est
2599 3198 2780 3267 conje-

1771 3290 1923 3329 ctura
1945 3278 2202 3329 Gronovii
2225 3275 2453 3328 Phario.

1843 3357 1894 3408 8.
1923 3357 1995 3407 Et
2023 3357 2194 3408 Coesar
2211 3353 2586 3408 consalutatus.
2611 3355 2776 3408 Tacit.

1770 3435 1866 3503 m,
1899 3435 2001 3501 86,
2031 3457 2054 3481 ι·
2075 3435 2468 3501 Domitianum,
2492 3449 2776 3507 postquam

1768 3513 1902 3566 nihil
1921 3513 2114 3567 hostile
2131 3514 2497 3581 metuebatur,
2526 3514 2596 3567 ad
2617 3513 2778 3567 duces

1767 3595 1998 3666 partium
2034 3611 2403 3665 progressum,
2433 3607 2486 3646 et
2517 3595 2774 3646 Cesarea

1769 3674 2164 3728 consalutatum
2181 3713 2198 3742 ,
2219 3674 2373 3727 miles
2393 3675 2678 3747 frequens,
2702 3687 2776 3725 ut·

1771 3771 1874 3824 que
1901 3765 2012 3804 erat
2036 3755 2091 3804 in
2115 3752 2302 3820 armis,
2329 3753 2386 3803 in
2411 3765 2668 3824 paternos
2691 3753 2774 3802 Pe·

1767 3847 1919 3886 nates
1941 3832 2179 3886 deduxit.
2203 3856 2226 3881 ι

1835 3933 1886 3986 9.
1931 3915 2199 3967 Honorem
2240 3923 2482 3984 proeturoe
2525 3913 2770 3974 urbam,

1767 4005 1866 4045 etc.
1891 3995 2060 4045 Tacit.
2090 3995 2177 4059 w,
2198 3993 2230 4044 3
2245 4029 2262 4054 ,
2293 4015 2316 4039 ι
2335 3993 2444 4062 Ipsi
2463 3992 2772 4063 (Vespasia-

658 4093 759 4148 que
775 4087 900 4146 post
918 4071 1113 4144 casus.)
1134 4095 1157 4120 n
1182 4074 1263 4125 De
1282 4070 1437 4125 Isiaci
1461 4069 1644 4124 habitu
1654 4109 1673 4138 ,
1763 4091 1836 4124 no
1848 4073 1870 4144 )
1884 4072 2196 4125 consulatus
2209 4089 2331 4124 cnm
2345 4072 2469 4122 Tito
2484 4069 2624 4137 filio,
2643 4085 2771 4140 pro—

658 4154 765 4207 hoe
804 4167 913 4222 est,
948 4153 1141 4219 linteo,
1173 4151 1295 4204 vide
1330 4153 1578 4204 Torreat.
1619 4165 1674 4204 et

656 4237 861 4290 Ernest.
891 4235 983 4308 qui
1010 4231 1248 4286 laudavit
1272 4232 1503 4303 Appian.
1539 4230 1666 4285 Bell.
1761 4233 1902 4284 rium
1937 4230 2330 4292 decet-numum
2351 4253 2376 4276 u

1765 4165 1886 4205 tura
1903 4153 2213 4204 Domitiano
2234 4163 2288 4202 et
2305 4149 2586 4203 consulare
2609 4151 2771 4221 impe-

2417 4243 2470 4282 et
2507 4245 2630 4302 cap.
2671 4227 2769 4299 39,
