3050 5004
953 518 970 536 ,
1083 468 1585 537 cLAnoms.
1696 468 1703 473 ·
2156 462 2171 487 “
2295 488 2381 575 93

377 587 521 652 ΧΠ.
576 593 661 655 At
699 592 770 657 in
799 608 1014 659 semet
1037 591 1351 683 augendo
1383 618 1633 686 pareus
1663 612 1867 693 atque
1900 602 2143 674 civilis¹
2165 661 2182 691 ,
2218 634 2384 704 prae-

279 700 558 765 nomine
593 702 998 794 Imperatoris
1028 701 1356 773 abstinuit
1371 758 1390 789 ,
1419 708 1665 779 nimios
1690 706 1981 782 honores
2016 716 2352 793 recusavit
2367 777 2383 807 ‚

281 807 622 895 sponsalia
665 809 824 879 filiae
844 864 862 895 ,
909 813 1342 909 natalemque
1387 820 1596 907 geniti
1635 824 1900 913 nepotis
1950 825 2219 899 silentio
2238 885 2257 916 ,
2304 860 2384 905 ac

279 930 546 986 tantum
583 920 952 993 domestica
987 924 1344 1016 religione,
1381 932 1706 1022 transegit
1722 948 1770 998 ².
1812 938 2165 1009 Neminem
2192 966 2383 1014 exsu-

275 1022 420 1093 lum
437 1078 454 1109 ,
493 1032 630 1097 nisi
671 1055 756 1099 ex
799 1035 1082 1103 Senatus
1119 1039 1524 1107 auctoritate
1543 1091 1562 1122 ,
1612 1043 1963 1113 restituit-⁹⁹.
2008 1053 2103 1117 Ut
2140 1050 2267 1121 sibi
2310 1060 2381 1127 in

273 1139 548 1205 Curiam
575 1143 978 1227 Praefectum
1003 1150 1302 1215 Praetorii
1330 1149 1813 1247 Tribunosque
1833 1156 2129 1230 militum
2151 1188 2382 1237 secum

273 1247 600 1319 inducere
640 1252 940 1341 liceretss,
983 1274 1192 1353 utque
1231 1275 1373 1327 rata
1417 1280 1676 1347 essent,
1720 1290 1875 1360 quoe
1909 1294 2381 1363 procuratores

275 1363 381 1427 sui
406 1364 479 1429 in
499 1360 872 1457 judicando
896 1372 1306 1439 statuerent⁵
1323 1423 1342 1454 ,
1375 1380 1685 1465 precario
1717 1382 1955 1471 exegit.
1984 1387 2108 1452 Jus
2132 1390 2379 1460 nundi-

271 1494 522 1543 narum
547 1479 620 1542 in
639 1482 902 1569 privata
925 1481 1180 1575 praedia
1203 1508 1245 1549 a
1265 1485 1675 1556 Consulibus
1698 1492 1963 1582 petiit⁶z
1992 1502 2378 1589 cognitioni-

271 1694 408 1757 Dio,
435 1694 562 1763 LX,
592 1698 642 1764 4.
674 1700 980 1775 Profestos,
1007 1702 1075 1755 al.
1103 1704 1283 1775 inepte

257 1770 444 1841 fastos.
475 1776 613 1829 Vide
637 1780 886 1833 Oudend.
913 1795 966 1833 et
987 1783 1195 1834 Ernest.

341 1854 455 1907 ΧΠ.
504 1876 550 1910 1.
585 1860 737 1912 AL...
765 1880 950 1932 parcus
973 1872 1130 1934 atque
1156 1864 1283 1914 civi-

269 1932 374 1999 lis,
403 1948 507 1988 etc.
535 1938 641 1989 Dio
659 1976 675 2003 ,
703 1941 826 2005 Lx,
857 1940 905 1993 5.

345 2031 394 2065 2.
431 2016 714 2089 Sponsalia
727 2016 893 2090 filt'oe.
912 2056 981 2087 ...
1015 2020 1278 2091 transegit.

270 2090 429 2144 Conf.
457 2094 595 2161 Dio,
622 2114 740 2168 cap.
772 2100 858 2149 cit.
890 2098 960 2150 ad
988 2117 1112 2149 ann.
1145 2097 1278 2169 794,

269 2176 423 2243 cujus
443 2174 662 2246 quidem
683 2178 843 2230 verba
863 2179 1086 2244 docent,
1103 2194 1278 2229 veram

267 2270 387 2305 esse
408 2256 904 2328 interpretationem
929 2256 1176 2309 Ber-oaldi
1195 2257 1285 2308 τοῦ

267 2331 514 2401 alentio,
541 2354 641 2405 per
671 2358 694 2381 ιι
713 2337 825 2389 sine
851 2335 1066 2408 publica
1089 2336 1280 2389 festivi·

268 2424 390 2462 tate.
414 2437 438 2459 ιι
481 2414 644 2482 Quod
680 2432 858 2468 autem
893 2418 1176 2469 Suetonius
1210 2414 1279 2467 tle

265 2491 446 2556 genito
461 2502 677 2563 nepote,
693 2513 848 2564 quem
865 2512 985 2547 cum
1001 2492 1118 2546 aliis
1133 2494 1278 2562 igno-

269 2591 360 2638 ro,
382 2573 438 2626 id
461 2575 566 2626 Dio
591 2573 926 2627 verisimilius
946 2573 1014 2626 de
1037 2573 1147 2626 filio
1171 2576 1278 2626 Bri·

268 2655 484 2705 launico
496 2666 664 2717 ‚nato
681 2655 928 2706 vicesimo
945 2655 1154 2724 imperii
1168 2652 1276 2720 die,

267 2731 356 2781 Lx
371 2771 388 2797 ‚
419 2751 438 2784 ι
452 2750 499 2784 2.
1225 2783 1230 2794 .

335 2813 387 2866 3.
411 2813 693 2866 Neminem
713 2814 1009 2866 exsulum...
1033 2815 1270 2867 restituit.

267 2895 510 2947 Restituit
555 2909 732 2947 autem
772 2897 1072 2966 plerosque.
1127 2898 1227 2948 Dio
1253 2933 1269 2960 ,

263 2992 320 3024 ca
367 3014 378 3025 .
409 2975 466 3042 4.

325 2993 384 3120 Ξ.
431 3055 502 3108 Ut
525 3057 623 3108 sibi
647 3057 702 3108 in
731 3055 1000 3107 cariam...
1029 3053 1272 3106 inducere

264 3131 592 3186 dicandam
611 3134 855 3186 Tiberius
877 3151 999 3184 ann.
1023 3131 1152 3203 785,
1175 3155 1198 3179 κ
1212 3147 1272 3185 ut

263 3213 446 3264 Macro
487 3215 770 3266 Praefectus
801 3213 1270 3284 Tribunorumquc

261 3303 312 3340 et
345 3291 730 3342 centurionum
762 3291 924 3361 pauci
957 3307 1138 3342 secum
1186 3294 1269 3340 in-

260 3372 518 3436 troirent,
543 3371 753 3440 quoties
781 3369 994 3422 Curiam
1019 3367 1270 3439 ingrede-

261 3462 432 3515 retur,
453 3451 670 3520 petivit3
697 3449 1004 3521 factumque
1022 3447 1196 3518 large,
1215 3463 1269 3501 et

259 3529 371 3580 sine
401 3529 798 3600 praescriptione
821 3529 1029 3598 generis
1053 3541 1146 3581 aut
1168 3547 1266 3580 nu-

261 3611 414 3674 meri,
427 3609 960 3670 Senatusconsnltum
972 3647 988 3674 ‚
1006 3631 1028 3656 ι
1046 3621 1267 3661 auctore

257 3689 426 3739 Tacit.
453 3689 648 3741 Annal.
675 3691 778 3754 vl,
811 3687 889 3741 15.
930 3689 1010 3740 De
1043 3687 1266 3744 Claudio

258 3769 400 3819 conf.
429 3769 566 3834 Dio,
592 3769 717 3836 Lx,
747 3769 830 3820 23.

328 3849 379 3902 5.
407 3851 536 3919 Quoe
553 3861 910 3920 procuratores
927 3849 1062 3902 sai...
1079 3860 1265 3902 statue-

261 3939 386 3980 rent.
411 3927 661 3999 Intelligo
685 3947 808 3980 cnm
824 3927 1029 3980 Ernest.
1053 3927 1123 3982 de
1140 3949 1266 4002 pro-

256 4009 573 4060 carator-ibas
588 4007 702 4061 fisci
723 4009 978 4079 Principis
989 4045 1008 4073 ,
1027 4009 1190 4078 quiet
1205 4011 1262 4060 in

260 4085 398 4139 Urbe
433 4100 488 4139 et
525 4090 582 4139 in
617 4088 904 4160 provinciis
936 4101 1088 4140 erant
1102 4125 1120 4154 ,
1151 4107 1262 4158 quo

257 4183 414 4219 sensu
439 4167 548 4220 hoc
568 4185 764 4220 nomeu
787 4167 951 4238 Calig.
975 4168 1042 4239 47
1067 4181 1120 4220 et
1145 4187 1262 4220 ere-

1375 1704 1601 1760 berrime
1642 1711 1877 1763 occurrit
1890 1748 1907 1777 ‚
1942 1730 2049 1767 uon
2084 1714 2151 1769 de
2187 1718 2378 1773 Praefe-

1373 1788 1472 1839 ctis
1489 1790 1776 1858 provinciis
1791 1790 2069 1859 Cesar-eis,
2091 1798 2183 1866 qui
2204 1812 2257 1853 et
2274 1801 2375 1871 ipsi

1373 1866 1745 1919 Procuratores
1774 1868 1936 1935 dicti,
1966 1872 2199 1926 hesma(
2224 1875 2378 1946 (vide

1371 1942 1440 1995 ad
1463 1946 1685 2016 August.
1710 1946 1839 2018 47),
1868 1947 2063 2019 quibus
2077 1953 2377 2022 jurisdictio

1371 2034 1423 2073 et
1454 2023 1732 2094 imperium
1775 2040 1931 2079 antea
1958 2030 2071 2098 jam
2104 2049 2375 2106 compete-

1371 2100 1490 2167 bat,
1523 2116 1683 2175 atque
1714 2123 1838 2156 vera
1874 2118 1954 2157 est
1985 2114 2243 2165 sententia
2276 2116 2375 2167 Er·

1371 2182 1565 2249 nesfii,
1606 2201 1729 2234 cum
1765 2182 1888 2235 loco
1926 2202 2111 2241 nostro
2148 2196 2377 2263 conjun-

1367 2260 1540 2328 gentis
1564 2259 1789 2313 alterum
1808 2262 2011 2331 Taciti,
2032 2266 2227 2321 Annal.
2252 2274 2374 2337 ΧΠ,

1366 2340 1464 2402 60,
1495 2362 1518 2385 ι
1538 2338 1741 2393 Eodem
1770 2360 1915 2393 anno
1940 2350 2098 2414 (ann.
2126 2349 2261 2420 807)
2285 2368 2373 2404 se-

1366 2418 1486 2487 pius
1519 2415 1699 2470 audita
1728 2437 1831 2471 vox
1866 2422 2157 2494 Principis,
2189 2446 2371 2499 parem

1369 2496 1474 2548 vim
1501 2515 1670 2550 rerum
1697 2498 1985 2552 habendam
2002 2539 2023 2566 ,
2051 2523 2085 2554 a
2112 2505 2371 2562 Procura-

1367 2577 1557 2629 toribus
1580 2577 1686 2629 suis
1708 2577 2053 2646 iudicatarum-i
2068 2621 2087 2648 ,
2114 2601 2177 2635 ac
2199 2588 2245 2638 si
2266 2589 2373 2658 ipse

1362 2657 1655 2720 statuisset,
1683 2679 1706 2702 ι
1752 2657 1845 2709 ubi
1884 2665 2229 2732 conqueritur
2272 2686 2371 2720 au-

1364 2749 1508 2802 ctor,
1536 2751 1663 2808 post
1687 2737 1939 2793 diuturna
1962 2741 2029 2794 de
2048 2743 2265 2813 judiciis
2290 2751 2371 2804 in-

1364 2829 1444 2867 ter
1467 2815 1684 2868 ordines
1712 2819 1957 2889 Reipubl.
1987 2823 2238 2878 Romame
2262 2828 2371 2882 ‹lis-

1359 2895 1524 2970 sidia,
1550 2895 1767 2948 tandem
1793 2899 2111 2954 *Claudium
2139 2904 2367 2972 libertos,

1360 2993 1486 3046 qnos
1509 2976 1584 3028 rei
1593 2976 1865 3047 familiari
1880 2982 2213 3053 proefecisset‚
2240 2988 2369 3042 sibi..

1363 3071 1466 3124 que
1487 3069 1543 3106 et
1566 3055 1771 3126 legibus
1805 3057 2127 3130 adoequasse.
2149 3088 2171 3112 ι
2211 3065 2369 3121 Nem-

1359 3151 1428 3213 pe
1448 3172 1466 3199 ,
1504 3136 1649 3206 qnod
1682 3138 1833 3188 initio
1862 3143 2094 3208 precario
2118 3157 2323 3199 tantum
2344 3189 2360 3216 ‚

1363 3227 1577 3283 postea,
1604 3217 1659 3266 in
1686 3216 1997 3268 immensum
2022 3232 2181 3273 aucta
2206 3222 2365 3278 liber-

1361 3307 1537 3345 torum
1565 3295 1828 3364 potentia,
1848 3295 1993 3364 iussu
2014 3299 2172 3350 etiam
2196 3302 2251 3354 in
2275 3304 2363 3357 Se..

1362 3386 1487 3424 natu
1525 3375 1703 3443 exegit
1738 3391 1950 3426 summae
1985 3375 2363 3436 imbecillitatis

1358 3455 1667 3524 Imperator.
1697 3455 1917 3506 Diversa
1946 3469 2123 3509 tamen
2152 3473 2231 3511 est
2259 3463 2361 3516 clis-

1357 3534 1565 3603 putatio
1597 3535 1795 3604 Lipsii,
1832 3533 1901 3585 ad
1932 3535 2099 3588 Tacit.
2126 3538 2161 3590 1.
2188 3559 2233 3592 c.
2260 3545 2361 3596 Ce-

1357 3625 1527 3665 terum
1540 3613 1661 3680 ‚·ct'.
1703 3631 1838 3684 quos
1875 3615 2057 3667 citavit
2100 3617 2357 3690 Baebius,

1357 3695 1553 3744 Hister.
1596 3695 1711 3743 Jur.
1752 3693 1901 3744 Rom.
1941 3713 2061 3766 pag.
2100 3695 2235 3767 352,
2271 3703 2355 3755 ed.

1355 3773 1695 3825 Stoclunann.

1423 3850 1474 3902 6.
1513 3851 1613 3902 Jus
1634 3851 1991 3902 nundinarum
2011 3891 2155 3906 .....
2182 3860 2353 3928 petiit,

1353 3931 1490 4000 Apte
1545 3941 1821 4000 comparat
1869 3931 2179 4002 Torrentius
2223 3939 2355 3994 Plin.

1351 4010 1517 4082 Epist.
1538 4011 1613 4075 V,
1632 4009 1667 4075 4
1680 4044 1698 4073 ,
1726 4031 1750 4054 ι
1770 4010 1867 4060 Vir
1882 4014 2159 4081 pretorius
2182 4015 2367 4074 Solers'

1353 4107 1386 4141 a
1407 4089 1605 4142 Senatu
1626 4088 1815 4160 petiit,
1843 4100 1903 4140 ut
1924 4088 2027 4141 sibi
2040 4129 2059 4158 ‚
2084 4093 2357 4154 instituere

1354 4169 1406 4221 in
1429 4167 1569 4238 agris
1588 4169 1695 4220 suis
1717 4165 2009 4232 nundinas,
2035 4176 2359 4240 permittere·
2426 4173 2433 4179 ⁴
