3050 5004
634 515 759 579 188

1374 512 1446 577 C.
1500 510 1968 579 SUETONII

619 663 754 733 que
794 637 955 705 hinc
989 637 1147 705 inde
1184 636 1636 721 hortantium,
1683 654 1758 705 ut
1793 636 2167 730 appelleret
2184 647 2232 705 ⁷.
2275 637 2623 706 indicebat
2659 654 2768 745 et!

617 746 1059 841 familiaribus
1098 770 1357 831 coenaS,
1402 771 1694 842 quorum
1730 750 1851 815 uni
1888 746 2147 815 mellita
2189 748 2600 842 quadragies
2627 772 2732 815 se-

620 859 852 925 stertio
872 860 1169 926 constitit
1182 911 1199 940 ,
1216 857 1410 925 alteri
1433 858 1654 951 pluris·
1667 858 2016 954 aliquanto
2036 857 2384 951 absorptio
2406 856 2728 925 ''rosan-ia.

616 1058 630 1071 .
712 972 1019 1035 XXVIII.
1072 970 1284 1061 Super
1308 970 1758 1060 ingenuorum
1782 967 2174 1062 paedagogia
2191 979 2205 1008 ¹
2227 1023 2244 1054 ,
2271 985 2340 1036 et
2359 985 2730 1061 nuptarum

694 1130 743 1182 7.
782 1114 1153 1167 Deverwn'ae...
1186 1114 1493 1188 appelleret.
1529 1116 1632 1167 Re-

622 1192 887 1244 stituimus
910 1206 1136 1244 veterem
1168 1192 1449 1246 lectionem
1476 1195 1630 1246 insti-

622 1270 776 1322 torias
798 1288 980 1341 operas
1008 1271 1365 1337 imitantium,
1396 1291 1495 1342 pro
1527 1291 1631 1343 qua

622 1363 744 1421 post
780 1349 1014 1401 Turneb.
1058 1350 1282 1405 Advers.
1322 1354 1489 1403 XXIV
1506 1390 1522 1419 ,
1559 1352 1593 1405 6
1612 1389 1632 1418 ‚

622 1427 867 1501 plerique
890 1427 1153 1482 dederunt
1174 1431 1463 1484 «institorio
1478 1448 1634 1501 copas

621 1509 990 1562 imitantium.·
1013 1511 1159 1581 Lips.
1176 1510 1243 1561 ad
1256 1508 1630 1563 Tacit.Annal.

621 1586 743 1651 XV,
786 1587 884 1657 37,
926 1584 1284 1657 adstipulante
1321 1590 1631 1654 Torrentio,

622 1665 843 1732 suadet,
887 1681 1289 1719 «matronarum
1335 1668 1592 1721 institoria
1613 1707 1629 1731 ,

622 1765 775 1818 copas
786 1748 1153 1799 imitantium.·
1170 1748 1420 1801 Oudend.
1437 1748 1634 1820 probat

622 1826 867 1879 Aldinam
880 1828 1191 1894 lectionem,
1209 1830 1503 1882 institorum
1518 1829 1632 1882 loco

618 1909 812 1977 passim
852 1907 1219 1972 invitantium,
1267 1927 1425 1981 quam
1472 1911 1635 1961 miror

622 1986 887 2057 placuisse
899 1989 1052 2039 etiam
1069 1989 1285 2041 summis
1296 1989 1439 2049 viris,
1458 1987 1635 2039 Ruhn-

622 2062 783 2117 ltenio
798 2079 848 2117 et
862 2066 1061 2117 Wolfio
1076 2106 1092 2132 ,
1110 2086 1270 2137 quum
1286 2066 1632 2137 tautologiam

622 2144 825 2217 pariat,
852 2144 1200 2215 sequentibus
1226 2157 1383 2217 atque
1407 2146 1531 2197 hinc
1554 2148 1634 2197 in-

624 2222 690 2275 de
723 2222 1080 2291 hortantium,
1110 2236 1213 2275 etc.
1251 2224 1524 2295 Reliquam
1556 2222 1635 2275 le-

625 2303 865 2354 ctionum
890 2316 941 2353 et
962 2304 1386 2371 conjecturarum
1408 2306 1636 2355 varieta-

625 2395 732 2434 tem
764 2380 882 2433 vide
908 2381 1053 2454 apud
1085 2384 1260 2434 Burm.
1299 2397 1349 2435 et
1383 2382 1631 2436 Oudend.

625 2462 698 2514 Ut
725 2472 777 2514 et
794 2462 899 2533 ipsi
918 2461 1146 2535 aliquam
1178 2460 1468 2536 symbolam
1498 2462 1636 2516 affe-

626 2561 803 2594 ramus
814 2581 830 2608 ,
846 2561 1007 2614 quum
1021 2544 1245 2595 maxime
1263 2543 1504 2595 offendat
1519 2561 1638 2594 ver-

558 2671 563 2678 ,
624 2620 753 2672 bum
775 2623 1123 2696 parabantur,
1152 2624 1391 2692 ineptum
1412 2622 1483 2673 ob
1506 2641 1637 2694 prae·

626 2701 821 2752 cedens
845 2701 1130 2771 dispositae,
1166 2700 1449 2754 suademus
1478 2721 1637 2774 pare-

629 2780 754 2832 bant
767 2818 787 2847 ,
811 2779 865 2830 h.
883 2799 929 2830 e.
947 2779 1277 2850 apparebant
1292 2818 1308 2846 ,
1329 2793 1388 2831 ut
1410 2785 1631 2850 August.

626 2861 723 2930 95,
741 2863 973 2931 jecinora
994 2859 1302 2930 replicata...
1316 2872 1634 2934 paruerunt,-

626 2941 848 3011 Vespas.
874 2942 935 3008 4,
960 2951 1217 3010 quantum
1243 2951 1433 2991 eventu
1455 2951 1636 3013 postea

622 3021 839 3092 paruit,-
867 3033 921 3071 et
935 3019 1112 3070 locum
1130 3021 1201 3071 ita
1226 3022 1632 3073 constituimus:

632 3099 941 3170 «dispositae
968 3118 1067 3169 per
1098 3097 1254 3150 litora
1292 3113 1343 3151 et
1370 3101 1513 3170 ripas
1547 3099 1636 3150 de-

628 3180 871 3231 versoriae
883 3177 1111 3230 taberna·
1118 3180 1393 3250 parebant,
1406 3180 1636 3248 insignes

624 3276 807 3332 qaneoe
822 3270 873 3310 et
889 3257 967 3331 (h.
989 3277 1035 3310 e.
1053 3257 1231 3328 etiam)
1248 3271 1634 3324 matronarum,

629 3341 916 3393 institorias
933 3357 1123 3411 operas
1138 3341 1478 3405 imitantium,
1496 3353 1595 3390 etc.
1608 3363 1629 3385 ιι

628 3419 896 3483 Ceterum,
912 3419 981 3469 cf.
997 3419 1164 3469 Tacit.
1184 3418 1373 3469 Annal.
1396 3419 1509 3481 XV,
1534 3418 1599 3485 37
1619 3438 1630 3466 ε

636 3521 659 3546 ι
674 3497 1045 3570 Crepidinibus
1062 3499 1235 3568 stagni
1250 3495 1527 3568 lupanaria
1544 3495 1637 3547 ad-

631 3578 873 3644 stabant,
910 3575 1202 3630 illustribus
1241 3577 1451 3628 feminis
1484 3595 1635 3628 com-

630 3657 791 3728 pleta.
808 3659 1004 3709 Contra
1019 3671 1191 3708 scorta
1212 3657 1530 3723 visebantur,
1545 3673 1636 3707 nu·

634 3737 715 3790 dis
744 3736 1076 3808 corporibus.
1103 3737 1219 3786 Jam
1240 3749 1421 3804 gestus
1440 3747 1639 3785 motus-

633 3836 735 3890 que
766 3817 1035 3882 obscoeni,
1064 3828 1148 3878 et,
1175 3827 1463 3885 postquam
1489 3825 1638 3866 tene-

634 3895 739 3950 brae
755 3896 1069 3949 incedebant
1082 3934 1099 3962 ,
1120 3907 1373 3965 quantum
1381 3896 1534 3963 juxta
1551 3912 1640 3944 ne-

634 3981 795 4032 moris
817 3992 869 4031 et
894 3980 1239 4049 circumjecta
1260 3987 1395 4026 tecta
1415 4013 1431 4041 ,
1452 3994 1640 4027 conso-

634 4076 763 4109 nare
774 4071 931 4110 cantu
945 4072 995 4110 et
1007 4055 1294 4109 luminibus
1306 4054 1639 4107 clarescere.-

707 4137 755 4189 8.
765 4139 994 4207 Quorum
1006 4137 1099 4190 uni
1108 4134 1368 4188 mellita...
1382 4134 1638 4205 absorptio

636 4216 842 4268 rosaria.
881 4215 1102 4268 Infinita
1134 4215 1243 4266 fere
1276 4211 1345 4265 de
1381 4210 1485 4266 hoc
1514 4212 1638 4265 loco

1720 1117 1954 1167 virorum
1978 1115 2264 1189 doctorum
2287 1128 2412 1167 sunt
2436 1114 2728 1179 sententia-2,

1722 1214 1854 1267 quas
1869 1192 1956 1249 hic
1974 1213 2248 1247 recensere
2269 1214 2376 1246 non
2403 1195 2610 1245 attinet.
2634 1195 2734 1245 Re·

1721 1286 1976 1343 ceperunt
2002 1274 2113 1325 fere
2155 1272 2441 1323 lectionem
2478 1270 2732 1324 mitellita

1720 1372 1820 1425 pro
1846 1352 2079 1419 mellita,
2111 1354 2280 1405 secuti
2304 1352 2540 1405 Salmasii
2564 1354 2729 1404 inter-

1719 1432 2074 1502 pretationem
2101 1432 2348 1501 (Exercit.
2375 1431 2505 1482 Plin.
2527 1450 2580 1503 p.
2600 1430 2732 1501 392)

1721 1508 1789 1563 de
1817 1508 2037 1562 mitellis
2059 1510 2112 1561 h.
2150 1530 2198 1561 e.
2234 1512 2411 1582 parvis
2437 1512 2604 1563 mitris
2633 1529 2726 1562 seu

1723 1592 1938 1642 coronis
1955 1590 2009 1641 in
2025 1603 2282 1661 nepotum
2303 1591 2556 1642 conviviis
2571 1592 2732 1641 maxi-

1723 1689 1811 1721 mo
1842 1690 1964 1722 cum
1991 1683 2162 1721 sumtu
2189 1668 2511 1735 distributis,
2537 1670 2729 1721 fultam

1723 1750 1846 1802 Ioco
1870 1749 2000 1803 Plin.
2022 1750 2174 1815 XXI,
2207 1750 2260 1802 3.
2293 1750 2410 1803 Alia
2446 1749 2730 1802 difficultas

1722 1832 1776 1883 in
1806 1848 1922 1881 voc.
1967 1830 2219 1894 absortio,
2261 1830 2533 1901 quomodo
2571 1830 2728 1900 vulgo

1723 1908 1944 1979 legitur,
1966 1907 2115 1979 quod
2136 1922 2187 1958 et
2211 1911 2383 1979 ipsum
2407 1910 2460 1959 in
2485 1908 2729 1959 mirificas

1723 1990 1922 2040 formas
1941 1986 2073 2038 abiit
2087 2026 2104 2053 ,
2123 2006 2348 2059 quarum
2363 1986 2592 2040 indicem
2607 1985 2728 2039 vide

1726 2066 1868 2139 apud
1916 2070 2092 2119 Burm.
2143 2083 2192 2119 et
2235 2066 2482 2121 Oudend.
2501 2106 2517 2133 ,
2559 2066 2652 2119 sed
2697 2085 2732 2119 a

1724 2148 1940 2198 Memm.
2003 2146 2227 2219 aliisque
2278 2146 2452 2200 Codd.
2512 2165 2729 2217 prorsus

1727 2224 1890 2277 abest.
1923 2226 2180 2297 Equidem
2197 2265 2214 2293 ,
2244 2244 2568 2298 quamquam
2591 2227 2646 2277 in
2673 2244 2728 2277 re

1725 2302 1924 2356 nullius
1955 2308 2214 2357 momenti
2236 2324 2358 2357 cum
2387 2302 2600 2377 reliquis
2627 2323 2728 2357 οω-

1726 2387 1892 2437 entire
1917 2404 2026 2436 non
2047 2384 2216 2456 pudet
2240 2384 2379 2457 (quis
2404 2386 2542 2437 enim
2569 2382 2730 2436 hodie

1725 2464 2072 2536 cupediarum
2101 2467 2318 2518 nomina
2356 2468 2532 2518 omnia
2557 2465 2729 2529 norit,

1726 2547 1779 2596 in
1801 2545 2078 2598 Germanis
2109 2549 2409 2620 nostrisque
2433 2545 2624 2597 culinis
2651 2544 2730 2594 in-

1725 2624 1989 2695 venta?)‚
2018 2626 2184 2677 satius
2229 2638 2406 2675 tamen
2448 2615 2728 2686 duximus,

1725 2703 1978 2770 reddere,
2009 2723 2124 2776 quae
2165 2703 2478 2755 facillimum
2517 2719 2730 2754 sensum

1723 2783 1992 2854 praebent,
2017 2801 2174 2854 quam
2203 2785 2434 2833 incertas
2465 2782 2730 2850 interpre-

1727 2865 1951 2915 tationes
1967 2865 2132 2934 sequi.
2155 2862 2407 2914 Dedimus
2422 2863 2585 2929 igitur
2603 2859 2732 2910 mel·
2809 2898 2820 2914 .

1725 2939 1848 3008 lita,
1875 2939 2021 3012 quod
2049 2942 2104 2990 in
2141 2940 2320 2990 multis
2355 2950 2433 2990 est
2469 2936 2640 2988 Codd.
2677 2951 2730 2988 et

1725 3034 1910 3090 postea
1941 3019 2220 3092 absorptio,
2255 3019 2506 3089 quoniam
2536 3015 2602 3067 ‹Ie
2632 3014 2731 3066 ali-

1727 3117 1834 3169 quo
1865 3097 2068 3149 ferculo
2086 3135 2103 3163 ,
2130 3094 2275 3168 quod
2304 3096 2400 3147 toti
2433 3111 2594 3144 coenoe
2621 3112 2728 3144 no-

1725 3194 1846 3226 men
1879 3174 2056 3242 dedit,
2082 3191 2376 3228 sermonem
2404 3191 2520 3224 esse
2549 3183 2695 3242 patet
2713 3213 2732 3241 ,

1725 3254 1796 3306 ita
1813 3267 1871 3305 ut
1885 3255 2141 3327 absorptio
2167 3255 2322 3304 etiam
2348 3251 2415 3303 ad
2439 3253 2585 3323 prius
2609 3270 2728 3304 voc.

1725 3333 1928 3386 mellita
1949 3336 2238 3387 referatur:
2271 3335 2407 3385 -Uni
2425 3331 2632 3386 mellita
2644 3334 2733 3385 ab·

1722 3415 1914 3488 soeptio
1937 3415 2249 3486 quadragies
2269 3417 2510 3467 sestertio
2532 3415 2731 3467 consti·

1725 3499 1784 3546 tit
1803 3515 1816 3556 ;
1840 3494 1990 3547 alteri
2015 3496 2207 3547 rosaria
2229 3493 2311 3546 vel
2334 3495 2511 3565 potius
2528 3511 2730 3546 rosacea

1723 3573 1777 3625 h.
1809 3593 1854 3626 e.
1891 3591 2026 3644 aqua
2061 3590 2282 3625 rosacea
2317 3572 2534 3625 condita
2561 3572 2732 3645 pluris

1728 3651 2046 3725 aliquanta·
2075 3653 2254 3720 Quum
2281 3666 2456 3704 tamen
2482 3669 2598 3703 voc.
2633 3653 2729 3704 ab·

1727 3735 1915 3806 sorptio
1935 3735 1988 3786 in
2009 3735 2225 3804 optimis
2245 3732 2390 3785 libris
2411 3732 2574 3798 desit,
2597 3745 2730 3802 puto

1725 3812 1980 3866 excidisse
2003 3814 2168 3885 priori
2196 3811 2318 3864 loco
2345 3826 2466 3884 post
2495 3810 2728 3874 mellita,

1729 3908 1890 3965 atque
1917 3907 2105 3966 postea
2129 3912 2158 3945 e
2179 3893 2416 3964 margine
2433 3929 2450 3950 ,
2473 3890 2566 3942 ubi
2585 3903 2734 3945 nota-

1725 3987 1876 4026 verat
1923 3973 2114 4045 aliquis
2163 3973 2218 4024 in
2269 3971 2384 4024 aliis
2429 3973 2732 4034 inventum,

1729 4051 1960 4104 alienum
1989 4051 2165 4104 locum
2202 4067 2516 4121 occupasse.
2545 4049 2626 4100 De
2649 4049 2732 4099 in-

1729 4146 1862 4183 sano
1887 4131 2013 4182 luxu
2035 4131 2105 4181 cf.
2129 4129 2304 4182 Vitell.
2337 4129 2416 4181 13.

1799 4210 2033 4262 XXVIII.
2061 4227 2102 4260 t.
2124 4211 2480 4280 Inqenuorum
2496 4207 2733 4278 poedaqo-
