3050 5004
665 475 797 564 392

1412 477 1485 540 C.
1539 471 2006 542 SUETONII

750 606 865 670 VI.
919 599 1395 694 Expeditiones
1416 612 1431 640 ¹
1469 606 1718 696 partim
1751 618 1994 696 sponte
2017 605 2343 697 suscepit,
2369 609 2618 698 partim
2640 631 2748 676 ne-

657 715 983 796 messarim
1026 728 1301 804 sponte,
1339 713 1411 780 in
1450 717 1760 782 Cattos²z
1805 715 2222 797 necessario,
2265 739 2473 783 unam
2509 719 2582 784 in
2623 720 2753 785 Sar-

656 825 944 906 matas3,
974 821 1237 914 legione
1265 845 1422 890 cum
1446 827 1696 916 Legato
1725 822 1928 890 simul
1961 845 2170 904 caesa3
2202 825 2276 890 in
2301 829 2520 894 Dacos
2551 825 2749 908 duas»,

654 938 947 1028 primam
990 935 1213 1028 Oppio
1258 933 1505 1005 Sabino
1524 934 1556 988 4
1599 934 1938 1004 consulari
1983 958 2344 1028 oppresso,
2393 936 2752 1005 secundam

654 1043 967 1113 Cornelio
986 1049 1203 1113 Fusco
1217 1044 1267 1126 ⁵,
1294 1043 1618 1112 Praefecto
1637 1044 2026 1113 cohortium·
2043 1047 2604 1139 praetorianarum
2616 1097 2632 1126 ,
2649 1049 2752 1114 cui

654 1155 815 1224 belli
852 1179 1189 1227 summam
1227 1159 1676 1225 commiserat.
1713 1160 1810 1225 De
1835 1160 2043 1225 Cattis
2076 1161 2440 1250 Dacisque,
2473 1174 2629 1250 post
2654 1181 2752 1224 va-

656 1268 753 1334 ria
786 1266 1019 1361 praelia
1038 1319 1056 1350 ,
1086 1267 1426 1360 duplicem
1458 1265 1878 1361 triumphum
1913 1266 2111 1361 egitG.
2150 1273 2247 1336 De
2277 1270 2598 1338 Sarmatis
2623 1266 2753 1335 lau-

660 1488 887 1542 Circus...
914 1502 1199 1550 exstructus
1219 1501 1321 1553 est,-
1348 1509 1379 1544 a
1404 1492 1666 1564 Trajano;

655 1565 779 1618 vide
798 1566 931 1620 Plin.
953 1569 1209 1642 Panegyr.
1232 1567 1319 1621 5¹.
1345 1569 1425 1621 Cf.
1450 1571 1670 1621 omnino

657 1645 914 1718 xiphilin.
946 1647 1184 1710 LXVIII,
1214 1663 1263 1717 7.
1295 1649 1490 1700 Deusta
1516 1661 1670 1700 erant

659 1721 824 1780 latera
851 1725 1100 1780 incendio
1124 1728 1350 1779 Neronis
1380 1725 1531 1800 (vide
1561 1729 1668 1778 Ta·

657 1805 748 1856 cit.
772 1803 963 1857 Annal.
988 1805 1105 1868 XV,
1140 1804 1224 1856 38.
1251 1805 1460 1856 Praefert
1490 1817 1668 1856 tamen

656 1883 870 1954 vulgato
886 1885 1076 1937 deustis
1093 1885 1365 1936 Ernestius
1380 1886 1432 1936 in
1450 1889 1521 1938 Ex
1529 1904 1666 1937 curs.

657 1961 727 2014 ad
746 1961 802 2014 h.
826 1961 861 2013 l.
886 1961 1056 2016 Codd.
1078 1962 1461 2014 nonnullorum
1479 1963 1668 2016 lectio-

656 2059 780 2092 nem
794 2039 999 2106 decisis,
1020 2039 1168 2112 quod
1188 2042 1567 2112 interpretatur
1583 2042 1668 2094 de-

643 2123 803 2195 jectis
832 2139 896 2172 ac
922 2121 1215 2187 destructis,
1242 2121 1669 2194 improbantibus

660 2198 913 2254 ondend.
932 2213 985 2253 et
997 2200 1225 2256 Wolfio.
1241 2202 1439 2256 Saltem
1452 2203 1668 2256 Tacitus

660 2283 846 2347 etiam,
868 2280 1061 2334 Annal.
1082 2281 1180 2348 VI,
1200 2281 1297 2350 45,
1321 2282 1499 2334 deusta
1518 2295 1669 2354 parte

666 2363 817 2414 Circi.

730 2443 823 2494 VI.
870 2459 887 2493 ι
902 2480 914 2493 .
954 2443 1323 2515 Expeditiones
1338 2481 1353 2507 ,
1394 2455 1495 2495 etc.
1535 2441 1668 2494 vide

661 2521 891 2575 Reimar.
922 2520 993 2573 ad
1014 2520 1215 2593 xiphil.
1246 2522 1455 2588 LXVII,
1480 2521 1515 2588 4
1538 2535 1592 2574 et
1611 2521 1666 2573 6.

734 2618 783 2653 2.
820 2602 889 2653 In
917 2602 1120 2662 Cotton
1144 2602 1207 2652 A.
1234 2600 1297 2652 U.
1326 2600 1447 2670 837.
1472 2600 1556 2651 Cf.
1583 2599 1670 2650 Xi-

656 2679 792 2749 phil.
816 2680 1029 2746 LXVII,
1056 2680 1119 2749 4,
1148 2682 1265 2752 qui,
1290 2699 1337 2732 c.
1366 2678 1427 2747 5,
1452 2696 1669 2731 causam

656 2757 786 2808 belli
804 2758 966 2809 fuisse
986 2758 1218 2813 ostendit
1236 2758 1670 2824 Chariomerum,

660 2834 1054 2885 Cheruscorum
1094 2855 1274 2906 regem
1298 2875 1314 2903 ,
1368 2837 1439 2890 ob
1486 2836 1664 2890 amici·

660 2912 789 2963 tiam
812 2912 1175 2964 Romanorum
1200 2934 1363 2985 regno
1389 2918 1617 2987 ejectum
1640 2934 1672 2967 a

663 2990 849 3041 Cattis.

734 3068 789 3121 3.
837 3069 1010 3120 Unam
1041 3070 1097 3120 in
1120 3071 1411 3139 Sarmatas,
1437 3085 1538 3125 etc.
1560 3074 1673 3125 Nu-

660 3169 779 3203 mos
794 3148 861 3201 de
875 3148 1019 3202 bello
1032 3150 1325 3204 Sarmatico
1340 3152 1408 3204 ad
1424 3172 1549 3207 ann.
1568 3155 1672 3224 829

664 3228 857 3300 allegat
878 3230 1105 3284 Reimar.
1136 3231 1171 3283 l.
1196 3250 1246 3282 c.
1272 3231 1367 3284 sed
1390 3231 1477 3284 hic
1502 3251 1673 3286 annus

588 3314 595 3319 '
660 3308 888 3379 imperio
927 3310 1219 3361 Domitiani
1246 3312 1409 3381 prior.
1446 3313 1668 3384 Eutrop.

647 3388 787 3452 ,VII,
830 3386 926 3455 15,
968 3410 989 3433 ι
1008 3389 1063 3445 in
1101 3388 1361 3441 Sarmatia
1391 3388 1530 3461 legio
1558 3394 1672 3462 ejus

664 3482 789 3520 cum
811 3465 949 3518 duce
970 3467 1266 3521 interfecta.
1289 3490 1312 3515 ο

734 3544 787 3613 4.
830 3546 1001 3619 Oppio
1043 3547 1257 3601 Sabino.
1302 3550 1524 3619 Eutrop.
1567 3547 1670 3601 loc.

663 3625 755 3676 cit.
794 3626 1034 3697 Appium
1074 3627 1329 3679 Sabinum
1368 3641 1551 3695 vocat,
1589 3640 1675 3679 at-

667 3722 772 3775 que
808 3705 881 3756 ita
908 3720 972 3756 ex
1013 3703 1219 3778 aliquot
1253 3706 1540 3760 Codicibus
1571 3726 1675 3760 no·

664 3797 775 3836 stro
808 3786 965 3837 etiam
1002 3784 1124 3837 lotio
1152 3786 1521 3858 reponendum
1554 3789 1675 3858 qui-

665 3859 791 3915 dam
818 3880 1090 3916 censuere.

736 3940 787 3993 5.
829 3942 1069 3996 Cornelio
1087 3944 1263 3997 Fusco.
1287 3941 1556 3995 Describit
1577 3942 1674 3995 ho-

664 4021 861 4072 minem
874 4022 1041 4073 Tacit.
1063 4022 1194 4073 nist.
1216 4023 1287 4089 11,
1308 4019 1394 4074 86.
1416 4024 1542 4091 Ejus
1563 4024 1672 4095 epi·

666 4098 905 4169 taphium
944 4098 1065 4152 vide
1106 4100 1253 4172 apud
1298 4101 1525 4153 Martial.
1567 4104 1670 4165 VI,

666 4178 751 4247 76.
782 4180 857 4230 De
880 4178 1025 4232 bello
1049 4198 1170 4231 cum
1189 4183 1349 4236 Dacis
1372 4184 1528 4237 Oros.
1549 4184 1667 4251 vn,

1763 1509 1826 1545 to
1847 1513 1861 1543 ε
1894 1515 1918 1540 ι
1937 1490 2138 1545 Bellum
2163 1489 2446 1544 adversum
2465 1488 2751 1546 Germanos

1757 1584 1809 1622 et
1850 1572 2026 1622 Dacos
2055 1589 2152 1641 per
2175 1571 2402 1640 Legatos
2444 1570 2608 1640 gessit
2645 1569 2752 1639 pari

1755 1647 2001 1720 Reipubl.
2028 1647 2294 1718 pernicie,
2321 1665 2488 1717 quum
2513 1659 2566 1697 et
2587 1647 2642 1696 in
2661 1645 2754 1696 Ur-

1757 1725 1823 1776 be
1859 1728 1976 1797 ipse
2003 1725 2254 1778 Senatum
2289 1723 2655 1796 populumque
2680 1721 2754 1774 la-

1759 1807 1960 1871 niaret,
1986 1817 2038 1856 et
2065 1805 2190 1856 foris
2221 1802 2356 1856 male
2383 1806 2754 1854 circumactum

1759 1885 2044 1935 exercitum
2061 1880 2268 1936 assidua
2287 1881 2464 1933 hostes
2477 1879 2621 1932 caede
2639 1897 2752 1932 con·

1758 1961 1994 2015 licerent.
2014 1965 2152 2015 Nam
2175 1974 2370 2034 quanta
2395 1961 2596 2012 fuerint
2611 1961 2756 2012 niun-

1757 2044 1946 2113 pauei,
1969 2043 2236 2095 Dacorum
2257 2043 2423 2110 regis,
2447 2058 2570 2093 cum
2593 2041 2751 2092 Fusco

1761 2118 1898 2172 duce
1924 2119 2130 2191 praelia,
2155 2133 2474 2192 quantaeque
2497 2117 2753 2171 Romano-

1757 2217 1874 2252 rum
1917 2198 2127 2265 clades,
2167 2197 2330 2269 longo
2367 2210 2516 2249 textu
2553 2194 2754 2247 evolve-

1755 2299 1898 2346 rem,
1937 2281 2041 2332 nisi
2077 2277 2356 2332 Cornelius
2385 2279 2636 2343 Tacitus,
2671 2277 2754 2348 qui

1755 2359 1896 2412 hanc
1920 2359 2196 2412 historiam
2220 2356 2618 2429 diligentissime
2635 2374 2753 2408 con·

1759 2443 1922 2493 texuit
1942 2439 2094 2513 (vide
2111 2442 2282 2492 Tacit.
2305 2438 2497 2496 Annal.
2516 2440 2619 2507 XI,
2643 2456 2662 2490 1
2677 2453 2694 2488 t
2709 2436 2754 2509 ),

1757 2519 1824 2572 de
1837 2518 2110 2571 reticendo
2123 2519 2524 2571 interfectorum
2539 2536 2752 2570 numero

1758 2614 1812 2652 et
1833 2599 2138 2655 Sallustium
2162 2597 2404 2670 Crispum
2431 2610 2482 2648 at
2512 2596 2643 2648 alios
2662 2614 2752 2648 au·

1759 2692 1930 2731 ctores
1952 2696 2112 2750 quam
2139 2676 2397 2749 plurimos
2421 2677 2682 2741 sanxisse,
2705 2686 2753 2725 et

1761 2774 1818 2809 se
1831 2758 2006 2827 ipsum
2021 2755 2158 2808 idem
2177 2756 2512 2827 potissimum
2525 2752 2753 2825 elegisse,

1761 2834 1996 2887 dixisset.
2021 2859 2043 2883 ι
2067 2835 2222 2887 Conf.
2244 2832 2445 2906 Xiphil.
2465 2834 2652 2885 LXVII
2663 2872 2681 2897 ,
2697 2831 2753 2897 6,

1761 2914 1828 2967 ad
1850 2934 1975 2967 ann.
1993 2916 2098 2983 839
2115 2952 2130 2981 ,
2153 2917 2275 2986 qui,
2296 2915 2536 2981 LXVIII,
2557 2930 2619 2982 9,
2636 2916 2755 2965 Tra-

1753 2998 1942 3065 janum
1967 3008 2145 3047 narrat
2173 2994 2345 3065 captis
2374 2994 2643 3045 Dacorum
2673 3012 2756 3045 ca-

1761 3073 1945 3139 stellis,
1955 3074 2465 3145 recepissecaptivos
2477 3073 2754 3143 etsignum,

1763 3152 1910 3223 quod
1932 3150 2032 3203 sub
2057 3152 2230 3203 Fusco
2261 3152 2490 3203 Romani
2517 3148 2758 3221 perdide·

1761 3243 1898 3283 rant.

1833 3306 1884 3361 6.
1902 3307 2180 3380 Duplicem
2197 3308 2522 3379 triumphum
2537 3309 2662 3380 eqt’t.
2675 3306 2760 3357 Vi·

1763 3402 1881 3443 ctus
1904 3403 2110 3462 turpem
2139 3408 2326 3461 pacem
2349 3407 2470 3442 cum
2494 3387 2760 3443 Decebalo

1759 3468 1886 3541 (qui
1909 3470 2242 3543 Diurpaneus
2267 3470 2470 3532 Orosii3
2495 3469 2571 3521 cf.
2601 3469 2758 3520 Reim.

1761 3547 1830 3599 ad
1849 3548 2050 3621 Xipbil.
2067 3549 2230 3602 modo
2252 3552 2339 3601 cit.
2309 3548 2624 3663 n)fecerat.
2649 3547 2762 3600 vide

1760 3626 2019 3699 xiphilin.
2052 3627 2264 3694 LXVII,
2343 3624 2517 3694 ,coll.
2559 3646 2674 3700 quae
2698 3626 2762 3678 de

1761 3703 2034 3776 triumpho
2093 3646 2343 3776 subjicit⁷=
2405 3704 2553 3757 unde
2597 3707 2759 3758 Tacit.

1759 3784 1936 3854 Agric.
1963 3784 2033 3853 39
2049 3822 2064 3852 ,
2087 3784 2248 3851 dicit,
2271 3785 2460 3838 derisui
2473 3782 2762 3857 fuissefal-

1757 3882 1869 3917 sum
1903 3884 1931 3917 e
1970 3864 2252 3917 Germania
2283 3864 2614 3937 triumphum
2646 3862 2778 3935 (qui

1763 3944 2081 4013 conjunctus
2097 3956 2210 3995 erat
2223 3959 2343 3993 cum
2358 3942 2610 4013 Dacico).
2631 3940 2757 3993 Plin-

1760 4023 2140 4096 Panegyr.16,
2185 4023 2488 4095 «Accipiet
2503 4041 2632 4094 ergo
2669 4020 2758 4074 ali-

1762 4103 1978 4176 quando
2021 4103 2343 4175 Capitolium
2381 4122 2494 4155 non
2529 4104 2756 4155 mimicos

1761 4200 1966 4249 cums,
1995 4203 2089 4237 nec
2105 4184 2263 4255 false
2293 4182 2568 4237 simulacra
2597 4182 2752 4235 victo·
