3050 5004
1035 459 1545 528 cALmULA.
2250 465 2332 552 47

222 599 401 678 1⁰3oe
421 637 442 668 ,
463 607 772 682 praeceps
798 607 922 678 per
945 583 1193 678 gmdus
1215 587 1384 657 iret⁹
1401 639 1420 670 ,
1453 582 2001 678 indignabundus
2024 601 2094 654 et
2114 585 2337 655 clami-

223 711 408 778 tans,
445 725 474 758 ι
497 699 868 770 Dominum
897 699 1204 790 gentium
1233 695 1569 790 populum
1598 720 1683 764 ex
1709 720 1784 764 re
1810 694 2153 766 levissima
2178 697 2334 791 plus

219 803 500 876 honoris
534 807 892 900 gladiatori
926 809 1332 879 tribuentem
1352 818 1402 846 ¹⁰
1421 859 1454 900 ,⁸
1469 831 1677 902 quam
1714 811 2116 880 consecratis
2144 813 2335 890 Prin-

219 917 486 1008 cipibus
505 971 526 1000 ,
548 935 674 987 aut
695 923 1014 1012 praesenti
1039 918 1184 988 sibi.
1213 950 1240 982 η

309 1031 624 1098 XXXVI.
654 1028 998 1100 Pudicitiae
1031 1052 1258 1124 neque
1285 1051 1426 1100 suae
1445 1079 1464 1110 ,
1493 1051 1717 1122 neque
1744 1027 1982 1098 alienae
2006 1035 2331 1124 pepercit.

217 1143 312 1206 M.
337 1139 711 1233 Lepidum¹
733 1193 752 1224 ,
779 1145 1190 1210 Mnesterem
1213 1141 1743 1234 pantomimum²
1760 1193 1779 1224 ,
1804 1139 2137 1234 quosdam
2160 1143 2333 1212 obsi-

217 1247 340 1318 des
384 1249 701 1322 dilexisse
743 1252 984 1334 fertur,
1029 1253 1432 1323 commercio
1479 1253 1699 1324 mutui
1738 1255 1976 1344 stupri.
2024 1253 2329 1325 Valerius

217 1359 564 1444 Catullus,
603 1361 943 1432 consulas-i
977 1362 1230 1434 familia
1259 1360 1566 1454 juvenis,
1606 1377 1987 1454 stupratum
2022 1387 2063 1430 a
2098 1387 2208 1446 se,
2252 1387 2331 1432 ae

219 1467 430 1540 latera
449 1470 582 1540 sibi
603 1472 1050 1542 contubernio
1067 1469 1214 1566 ejus
1235 1470 1498 1541 defessa
1514 1522 1533 1554 ,
1559 1471 1759 1540 etiam
1778 1473 2181 1543 vociferatus
2204 1487 2327 1542 est.

217 1581 436 1675 Super
455 1606 776 1654 sororum
795 1585 1050 1652 incesta
1065 1637 1084 1664 .
1115 1598 1184 1652 et
1204 1585 1633 1654 notissimum
1659 1585 2035 1674 prostitutae
2058 1583 2335 1677 Pyralli-

221 1687 320 1760 dis
343 1717 652 1763 amorem
667 1745 686 1776 ,
711 1717 852 1765 non
875 1709 1130 1766 temere
1152 1692 1294 1762 ulla
1317 1691 1680 1764 illustriore
1700 1691 1951 1763 femina
1972 1691 2327 1768 abstinuit:

223 1825 386 1896 quas
415 1802 826 1899 plerumque
853 1827 1010 1879 cum
1031 1804 1288 1877 maritis
1317 1799 1404 1870 ad
1427 1825 1691 1872 coenam
1714 1817 1983 1873 vocatas
2003 1855 2021 1886 ,
2054 1820 2327 1896 praeter-

221 1935 350 2005 que
371 1912 588 2006 pedes
617 1937 778 1987 suos
803 1930 1234 1988 transeuntes
1250 1965 1267 1996 ,
1296 1913 1655 2008 diligenter
1676 1937 1757 1982 ac
1780 1913 1959 1984 lente
1979 1965 1996 1996 ,
2020 1938 2327 1985 mercan-

223 2024 388 2094 tium
421 2048 654 2110 more,
689 2023 1196 2110 considerabam
1236 2029 1438 2096 etiam
1473 2025 1713 2094 faciem
1749 2049 1959 2096 manu
1990 2025 2288 2097 allevans
2308 2079 2325 2110 ,

223 2137 277 2201 si
313 2159 472 2230 quoe
511 2135 778 2229 pudore
819 2140 1340 2214 summitterent.
1385 2137 1663 2224 Quoties
1704 2135 1947 2206 deinde
1983 2136 2288 2208 libuisset
2308 2191 2325 2222 ‚

222 2268 532 2336 egressus
574 2247 863 2322 triclinio
885 2301 904 2332 ,
949 2272 1167 2342 quum
1209 2249 1500 2319 maxime
1546 2245 1861 2340 placitam
1906 2266 2285 2319 sevocasset
2306 2303 2323 2334 ,

223 2355 421 2446 paulo
443 2373 608 2449 post
623 2409 640 2440 ‚
673 2357 1056 2426 recentibus
1080 2357 1304 2427 adhuc
1327 2357 1615 2425 lasciviae
1640 2361 1817 2426 notis
1834 2411 1853 2442 ,
1882 2382 2193 2427 reversus
2217 2359 2323 2427 vel

225 2462 544 2537 laudabat
591 2467 820 2562 palam
843 2522 862 2551 ,
913 2467 1022 2542 vel
1075 2467 1500 2563 vituperabat
1524 2493 1543 2553 3
1601 2466 1867 2560 singula
1892 2475 2325 2541 'enumerans

221 2574 396 2647 bonu
435 2578 702 2648 malave
739 2583 1040 2673 corporis
1059 2632 1076 2664 ,
1119 2596 1324 2674 utque
1363 2574 1825 2645 concubitus³.
1864 2576 2287 2662 Quibusdam
2308 2630 2325 2657 ,

221 2686 601 2757 absentium
621 2692 1018 2759 maritorum
1040 2692 1312 2757 nomine
1333 2741 1352 2773 ‚
1381 2684 1742 2781 repudium
1769 2689 1913 2779 ipse
1942 2688 2124 2753 misit
2140 2740 2159 2769 ‚
2181 2682 2327 2779 jus-

223 2800 440 2892 sitque
461 2802 536 2867 in
559 2816 708 2869 acta
728 2803 830 2883 ita,
840 2801 1078 2869 referri
1091 2784 1154 2866 4J

285 3035 338 3087 9.
365 3020 682 3094 Proeceps....
707 3020 818 3073 iret.
847 3022 1096 3075 Heinsius
1111 3040 1230 3075 sua·
1319 3038 1475 3091 quem
1501 3032 1557 3072 et
1578 3018 1862 3072 Messalina
1884 3016 2091 3091 perdite
2114 3021 2325 3075 amavit.

219 3094 381 3148 debat
403 3110 593 3151 rueret.
625 3100 922 3153 Genuinam
947 3101 1230 3153 lectionem
1317 3102 1402 3155 Cf.
1419 3102 1522 3152 Dio
1535 3139 1552 3167 ‚
1566 3100 1655 3151 Lx
1670 3138 1687 3165 .,
1705 3099 2126 3153 ²2.1nterfectus
2140 3113 2327 3173 postea

221 3190 400 3230 tuetur
439 3182 774 3235 Burmannus
809 3202 967 3235 versu
995 3182 1191 3235 Catulli
1211 3222 1230 3251 ‚
1321 3193 1400 3231 est
1425 3199 1456 3231 a
1479 3178 1704 3243 Claudio
1719 3216 1736 3247 ,
1755 3190 1816 3230 ut
1836 3192 2016 3231 narrat
2039 3178 2183 3233 idem
2206 3178 2329 3243 Dio,

223 3256 395 3310 Car-m.
423 3260 601 3329 XVII,
1317 3262 1442 3325 LX,
1474 3262 1561 3313 31.

222 3336 292 3378 {re
306 3341 580 3395 praecipitem
607 3342 650 3383 in
678 3340 812 3385 lutum
839 3354 914 3399 per
930 3350 1132 3399 aputque
1159 3354 1232 3397 ρι’-
1391 3340 1679 3417 &Singula
1693 3357 2078 3392 enumerans....
2096 3340 2333 3391 concubi-

325 3400 492 3457 daque.
775 3476 788 3489 .
1321 3432 1412 3473 ιω.
1437 3422 1555 3471 Huc
1576 3422 1835 3491 pertinet,
1852 3416 1997 3491 quod
2016 3418 2241 3482 Seneca,
2264 3416 2332 3469 de

225 3468 378 3523 Conf.
407 3472 604 3525 Duker.
633 3472 702 3525 ad
728 3474 840 3525 Lw.
867 3475 947 3541 11,
977 3474 1063 3541 46.
1319 3498 1503 3552 Const.
1530 3498 1652 3569 Sap·
1682 3498 1743 3550 18
1772 3518 1785 3547 =
1816 3518 1838 3543 ,
1859 3498 2149 3548 Asiaticum
2174 3494 2332 3548 vale.

299 3574 378 3610 10.
414 3559 764 3613 Trfbmfem·
786 3561 1130 3613 A0⁰¹¹⁸⁸fiV⁰⁸
1147 3578 1232 3611 ¹¹0·
1320 3579 1458 3627 rium
1479 3578 1537 3629 in
1564 3577 1747 3647 primis
1772 3576 1955 3627 amicis
1982 3572 2215 3625 habebat
2240 3573 2329 3643 (C.

224 3636 363 3705 gitur
381 3638 450 3689 ab
471 3638 855 3691 exclamatione
874 3638 1231 3711 indignabun·
1320 3656 1494 3708 0233„-
1504 3652 1546 3724 )‚
1562 3656 1798 3706 ferocem
1812 3655 2003 3721 virum,
2020 3655 2165 3705 etvix
2180 3671 2331 3725 aequo

228 3712 310 3779 dlv
343 3716 485 3771 unde
522 3719 724 3771 ἱῠῦῑὶιῖῦ
766 3720 1026 3771 correctio
1065 3717 1230 3790 1⁴51)⁸ii
1320 3736 1496 3785 animo
1544 3731 1745 3785 alienas
1799 3730 2145 3785 contumelias
2192 3730 2332 3783 latu-

231 3796 462 3848 tn'buere.
1319 3829 1452 3863 rum.
1475 3812 1612 3861 Huic
1626 3813 1680 3862 iu
1698 3812 1943 3862 convivio
1955 3848 1971 3877 ‚
1987 3812 2112 3863 item
2128 3809 2185 3859 in
2200 3826 2333 3860 con-

293 3880 533 3933 XXXVI·
579 3887 624 3936 ί,
655 3882 735 3933 Μ·
775 3882 1058 3953 ῑιθρῖἅῑὶῒηὶ
1090 3880 1230 3932 Dm·
1321 3888 1510 3957 οίόιιε,
1544 3907 1677 3941 voce
1710 3888 2031 3955 clarissima,
2078 3886 2247 3959 qualis
2276 3888 2329 3941 in

230 3956 346 4009 sillae
375 3961 644 4011 maritum.
676 3959 809 4011 Vide
840 3978 958 4032 cap.
993 3958 1077 4025 24.
1115 3962 1232 4012 Me-
1319 3967 1613 4021 concubitu
1627 3980 1766 4021 esset
1780 3986 1913 4019 uxor
1928 3969 2064 4037 ejus,
2079 3965 2323 4037 objecit.»

231 4048 402 4087 morat
416 4036 682 4090 exoletum
695 4038 979 4104 Di0‚L1x‚
997 4055 1016 4089 ι
1033 4053 1052 4088 1
1074 4050 1128 4089 et
1145 4055 1226 4090 22.
1390 4046 1442 4115 4
1474 4046 1541 4097 1η
1564 4057 1683 4099 acta
1708 4046 1783 4098 ita
1804 4045 1987 4119 referri
1993 4067 2014 4107 ‚-
2036 4046 2092 4097 in
2111 4058 2230 4098 acta
2249 4063 2331 4097 ur.

317 4140 366 4175 2.
433 4126 744 4177 Mnesterem
792 4126 1181 4197 pantomimum
1211 4147 1230 4185 ‚-
1321 4124 1458 4177 bana
1475 4163 1492 4191 ‚
1514 4126 1569 4179 in
1591 4144 1706 4195 quoe
1724 4124 2063 4177 matrimonia
2082 4136 2132 4175 et
2154 4122 2331 4176 divor·
