3050 5004
721 505 856 590 490
1533 495 1996 563 ERNESTII

718 623 865 677 dium
885 637 938 676 et
955 621 1062 677 tela
1080 623 1383 694 respicitur.
1405 622 1736 694 Tamquam,
1773 622 1818 674 si
1843 621 1964 693 quis
1991 619 2140 692 apud
2169 617 2416 672 eumdem
2439 621 2680 689 Livium,
2701 623 2820 690 vn,

724 704 788 772 14
802 741 821 770 ,
842 703 935 756 ubi
958 719 1235 774 agasones,
1249 701 1403 756 mulis
1427 703 1681 773 impositi,
1705 701 1956 754 dicuutur
1979 701 2171 772 partim
2195 701 2430 774 captivis,
2443 703 2645 775 partim
2669 721 2820 777 (εφυ-

718 803 833 838 rum
852 787 1012 838 armis
1030 783 1237 847 ornati,
1262 781 1385 834 velit
1404 781 1614 852 gladios
1634 801 1850 855 quoque
1871 781 2193 851 intelligere,
2218 801 2326 834 non
2355 801 2682 854 repugnem:
2707 783 2818 850 sed,

719 867 845 938 quia
868 864 943 916 ibi
968 883 1049 916 res
1072 865 1238 934 magis
1266 864 1495 915 refertur
1524 862 1593 916 ad
1619 865 1846 934 speciem
1872 875 2140 914 externam
2156 900 2173 926 ‚
2201 863 2538 916 manifestum
2569 879 2685 928 est,
2713 883 2821 916 ma-

716 946 855 996 xime
878 957 1096 1008 coetera,
1116 942 1295 1012 galeas
1312 979 1328 1008 ‚
1351 955 1536 1009 scuta,
1559 955 1658 994 etc.
1681 939 1924 1010 intelligi.
1947 939 2162 992 Accedit
2187 942 2345 993 etiam
2368 941 2474 994 hoe
2489 981 2508 1009 ,
2531 942 2714 1013 quod,
2737 942 2820 993 ubi

716 1023 862 1096 apud
892 1037 1093 1076 veteres
1124 1021 1191 1074 de
1215 1040 1485 1074 armorum
1517 1035 1710 1074 ornatu
1741 1039 1804 1072 ac
1837 1019 2236 1092 pulchritudine
2267 1039 2442 1074 sermo
2473 1035 2585 1088 est,
2623 1025 2820 1094 reperi·-

716 1121 835 1156 mus
851 1142 868 1169 ,
894 1099 1101 1173 gladios
1118 1141 1135 1170 ,
1166 1114 1219 1154 et
1240 1119 1303 1153 ea
1320 1139 1339 1168 ,
1371 1121 1486 1174 quae
1518 1113 1644 1153 suut
1675 1100 1746 1153 ad
1768 1103 1875 1152 vim
1899 1099 2233 1166 faciendam,
2260 1120 2370 1154 non
2401 1105 2820 1156 commemorari.

718 1181 962 1252 Caligula
978 1219 995 1248 ,
1016 1195 1235 1234 auctore
1257 1180 1479 1246 Nostro,
1496 1199 1546 1232 c.
1563 1181 1631 1234 55
1645 1219 1663 1247 ,
1691 1203 1715 1228 ι
1737 1179 2116 1234 mirmillonum
2133 1196 2428 1234 armaturas
2441 1181 2653 1248 recidit,
2675 1207 2698 1231 ι
2723 1184 2758 1234 i.
2777 1199 2818 1234 e.

715 1263 1011 1326 imminuit,
1040 1263 1231 1313 minori
1252 1263 1494 1331 impensa
1514 1259 1786 1313 faciendas
1810 1261 2031 1312 curavit.
2057 1259 2117 1311 ld
2139 1279 2248 1312 non
2273 1273 2380 1311 tam
2410 1261 2479 1314 de
2501 1261 2715 1331 gladio,
2739 1275 2822 1312 aut

717 1341 827 1393 telo
842 1379 859 1406 ‚
886 1360 994 1411 quo
1016 1344 1093 1395 vis
1118 1341 1291 1408 lieret,
1318 1340 1751 1410 intelligendum,
1783 1341 1880 1393 sed
1899 1340 1967 1393 de
1991 1353 2180 1392 cetero
2203 1357 2396 1394 ornatu
2413 1379 2430 1407 ,
2457 1341 2820 1413 planissimum

718 1433 815 1474 est.
841 1420 974 1473 Vide
993 1420 1061 1472 ad
1084 1421 1212 1474 Ces.
1244 1441 1293 1472 c.
1320 1421 1407 1492 67.
1434 1421 1669 1472 Omnino
1695 1420 1900 1473 nullum
1925 1418 2104 1472 adhuc
2127 1419 2306 1472 locum
2329 1420 2484 1473 video
2509 1439 2628 1473 esse
2652 1420 2819 1495 prola·

718 1513 831 1552 tum
848 1539 867 1568 ,
890 1500 981 1552 ubi
1006 1499 1168 1572 gladii
1197 1514 1251 1552 et
1274 1499 1377 1552 tela
1408 1502 1690 1572 separatim
1707 1537 1724 1566 ,
1756 1514 1974 1554 ornatus
2000 1512 2093 1552 aut
2119 1513 2552 1553 ornamentorum
2581 1504 2820 1562 nomine,

718 1579 981 1634 dicantur.
1007 1583 1169 1652 Atqui
1204 1581 1322 1634 talis
1352 1580 1505 1632 locus
1533 1579 1884 1648 desideratur,
1907 1581 1976 1634 ud
2007 1580 2377 1652 probandum,
2403 1594 2718 1634 ornamenta
2741 1580 2818 1632 hic

716 1659 894 1712 locum
922 1660 1139 1714 babere.
1173 1663 1389 1730 Quare,
1418 1661 1544 1733 quia
1571 1659 1660 1713 hic
1691 1661 1758 1714 de
1783 1660 1970 1733 gladiis
2001 1659 2124 1714 solis
2157 1677 2362 1725 sermo,
2393 1673 2708 1714 ornamenta
2743 1661 2818 1713 lo-

718 1761 839 1796 cum
868 1761 977 1796 non
1014 1742 1245 1810 habent,
1284 1741 1378 1795 sed
1394 1743 1746 1814 ferramenta.
1785 1746 1860 1796 Ex
1885 1742 1970 1794 his
2009 1744 2204 1814 poterit
2237 1741 2304 1794 ad
2333 1743 2514 1794 omnia
2549 1742 2820 1812 exempla,

718 1840 833 1892 quoe
861 1823 1221 1892 proferuntur,
1245 1820 1325 1874 vel
1358 1821 1423 1874 ad
1452 1821 1599 1874 bunc
1623 1819 1800 1873 locum
1815 1859 1831 1886 ‚
1851 1821 1934 1874 vel
1961 1819 2029 1874 ab
2045 1822 2250 1891 Lipsio,
2279 1819 2348 1874 ad
2372 1821 2543 1872 Tacit.
2565 1823 2704 1874 nist.
2727 1822 2816 1883 111,

718 1899 817 1964 63,
838 1899 919 1952 vel
944 1900 1011 1952 ab
1031 1903 1265 1966 Heinsio,
1280 1899 1347 1953 ad
1368 1902 1510 1971 Vir-g.
1539 1901 1744 1954 AEneid.
1761 1901 1888 1968 ΧΗ,
1913 1899 2048 1967 344,
2065 1897 2466 1954 Drakenborch.
2489 1897 2562 1951 ad
2579 1898 2817 1952 eumdem

717 1976 919 2030 Livium
932 2017 949 2044 ‚
972 1980 1163 2045 XXIV,
1185 1980 1253 2047 48
1266 2018 1284 2047 ,
1306 1978 1638 2050 responderi.

734 2231 2806 2258 mmmmm-mmmmm

1327 2452 1967 2552 EXCURSUS
2025 2453 2209 2548 XII

1107 2696 1244 2767 AD
1297 2696 2062 2785 DOMITIANUM‚
2117 2695 2291 2765 Cu».
2353 2720 2421 2764 2.

720 3117 1025 3202 Reme-run
1062 3168 1112 3202 se
1142 3150 1454 3225 participem
1492 3150 1715 3223 imperii.
1753 3152 1876 3203 Non
1907 3148 2194 3222 pugnabo,
2226 3147 2523 3221 principem
2557 3146 2762 3221 impen'i
2786 3165 2812 3196 a

720 3230 978 3282 Suetonio
1008 3230 1204 3283 fuisse:
1240 3243 1480 3283 caeterum
1516 3227 1662 3282 illam
1695 3229 1974 3283 lectionem
2003 3250 2110 3281 non
2145 3244 2254 3282 tam
2284 3228 2600 3295 absurdam,
2629 3242 2691 3279 ut
2715 3230 2812 3278 visa

719 3322 829 3375 est,
856 3325 1004 3381 puto.
1030 3312 1265 3379 Etenim,
1292 3312 1491 3383 primo,
1515 3324 1820 3363 consortem
1845 3326 1897 3364 et
1915 3313 2230 3383 participem
2252 3309 2460 3380 imperii
2483 3310 2635 3361 initio
2659 3326 2811 3379 agno-

717 3391 791 3441 vit
814 3392 996 3445 Titus:
1018 3392 1134 3443 vide
1158 3394 1211 3444 in
1235 3394 1340 3445 Tit.
1368 3411 1485 3463 cap.
1510 3410 1562 3461 9.
1589 3392 1838 3443 Similiter
1855 3390 1999 3464 apud
2025 3391 2424 3453 philostratum,
2449 3389 2504 3439 in
2521 3388 2638 3440 Vita
2658 3384 2812 3459 Apol-

721 3468 877 3537 lonii,
896 3472 989 3525 lib.
1012 3474 1110 3540 VI,
1134 3492 1255 3545 cap.
1272 3474 1337 3526 32
1352 3511 1369 3540 ,
1388 3472 1584 3526 diserte
1607 3491 1828 3525 consors
1843 3474 2050 3543 imperii
2076 3482 2309 3523 vocatur.
2333 3470 2672 3523 Domitianus
2692 3466 2813 3519 dici·

717 3564 807 3602 tur
828 3555 1006 3604 Titum
1034 3551 1306 3606 sustulisse
1322 3592 1338 3615 ,
1368 3553 1421 3604 οὐ
1447 3552 1503 3605 ηδ
1530 3552 1614 3619 fri·
1644 3552 1829 3621 ιίδιλφᾷ
1852 3552 2009 3621 ἄρχειν
2033 3550 2172 3605 &invii
2201 3547 2480 3617 ἆγοᾶμινος.
2506 3545 2638 3601 mi
2657 3546 2712 3600 mi
2735 3542 2810 3612 ξὲσ

717 3632 859 3700 πμᾷ
879 3630 961 3683 καὶ
992 3632 1198 3700 χριστῷ.
1234 3636 1409 3705 Atque
1444 3632 1499 3685 id
1534 3634 1862 3687 consortium
1897 3634 1945 3685 ei
1980 3631 2287 3698 debebatur,
2321 3631 2445 3700 quia
2477 3628 2650 3681 Caesar
2681 3638 2808 3687 erat,

722 3710 866 3783 quod
896 3726 1007 3765 tum
1037 3727 1147 3765 erat
1168 3729 1361 3765 nomen
1382 3716 1609 3786 imperii.
1631 3715 1715 3769 Sic
1734 3714 2067 3773 Lactantius,
2091 3710 2156 3763 de
2177 3712 2335 3763 Mort.
2361 3713 2568 3762 Perseo.
2598 3726 2718 3780 cap.
2749 3724 2806 3775 7,

720 3791 1114 3845 Diocletianum
1139 3792 1295 3861 dicit,
1326 3806 1421 3846 tres
1442 3796 1726 3866 participes
1753 3792 1898 3865 requi
1916 3790 2214 3863 suifecisse,
2235 3789 2437 3841 etiamsi
2457 3806 2596 3839 unus
2610 3800 2806 3839 tantum

718 3872 1022 3941 Augustus,
1051 3873 1160 3926 duo
1185 3873 1417 3926 Caesarea
1444 3873 1610 3925 fuere.
1637 3874 1978 3925 Manifestum
2002 3887 2165 3943 porro
2190 3882 2302 3937 est,
2323 3868 2687 3920 Domitianum
2705 3882 2806 3917 non

720 3954 1113 4006 consortionem
1136 3955 1346 4025 imperii
1371 3954 1615 4025 quaesisse
1633 3992 1649 4021 ‚
1675 3967 1767 4005 aut
1783 3955 2036 4007 societate
2064 3950 2271 4023 imperii
2295 3961 2604 4001 contentum
2627 3948 2804 4007 fuisse,

722 4028 815 4081 sed
835 4029 1007 4083 solum
1026 4034 1284 4105 imperare
1304 4031 1561 4097 voluisse,
1586 4046 1748 4105 atque
1773 4033 1969 4104 primas
1993 4045 2200 4096 tenere,
2229 4029 2388 4101 atqu'e
2411 4026 2514 4079 hac
2539 4026 2606 4078 de
2629 4038 2804 4077 caussa

720 4106 1029 4163 sollicitasse
1062 4114 1337 4165 exercitus.
1374 4114 1562 4185 Neque
1590 4111 1852 4165 dubitavit
1886 4115 2029 4183 ipse,
2063 4112 2183 4164 vivo
2214 4108 2392 4161 adhuc
2421 4108 2572 4169 Tito,
2599 4125 2656 4169 se
2682 4121 2804 4156 con·

722 4201 916 4243 sortem
938 4192 1143 4263 imperii
1162 4212 1293 4246 esse.
1313 4194 1450 4246 Nam
1471 4210 1637 4264 quum
1657 4192 1864 4245 Flavius
1883 4191 2134 4259 Sabinus,
2161 4187 2416 4261 patruelis
2434 4200 2488 4239 et
2506 4186 2612 4239 Titi
2633 4200 2800 4255 gener,
