3050 5004
657 446 790 525 244
1403 444 1474 506 c,
1528 442 1990 507 suss‘rouu

657 563 1082 637 consulatus⁶
1108 565 1407 633 infensus
1433 572 1471 635 J
1475 565 1615 634 ulio
1636 571 1879 637 caesari
1898 620 1915 651 ‚
1943 565 2051 661 cuj
2062 592 2139 636 us
2152 567 2410 661 legatus
2432 572 2503 637 in
2526 570 2741 639 Gallia

655 677 908 757 fuerat,
939 676 1383 767 conspiravit⁷
1422 700 1580 743 cum
1613 680 1839 745 Cassio
1878 694 1945 743 et
1977 684 2215 745 Bruto:
2248 698 2525 773 propter
2560 679 2742 776 quod

658 784 860 852 Pedia
889 786 1038 876 lege
1061 784 1418 852 damnatus
1443 802 1565 853 est.
1603 786 1703 853 Ab
1728 785 1857 854 hoc
1880 804 2039 855 sunt
2060 791 2481 881 imperatoris
2512 790 2742 859 Galhae

657 920 822 963 avus
857 914 924 963 et
951 913 1160 988 pater.
1200 902 1380 963 Avus
1418 896 1667 964 clarior
1698 897 1936 965 studiis
1970 924 2175 993 quam
2212 897 2569 992 dignitate:
2605 926 2740 969 non

632 1008 840 1072 enim
886 1029 1191 1097 egressus
1229 1021 1543 1098 praeturae
1576 1005 1888 1097 gradum,
1926 1007 2365 1101 multiplicem
2400 1034 2527 1077 nec
2566 1012 2743 1077 incu-

659 1118 904 1183 riosam
927 1115 1273 1183 historiam
1297 1113 1522 1187 edidit.
1554 1121 1747 1182 Pater
1768 1117 2119 1185 consulatu
2140 1118 2411 1187 functus
2428 1116 2453 1156 ⁸
2473 1170 2491 1201 ,
2516 1144 2743 1213 quam·

662 1252 868 1323 quam
895 1225 1080 1295 brevi
1109 1249 1414 1318 corpore,
1441 1242 1645 1320 atque
1674 1230 1873 1295 etiam
1904 1226 2205 1320 gibbero,
2232 1227 2647 1324 modicaeque
2672 1234 2745 1297 in

663 1338 947 1407 dicendo
985 1335 1344 1416 facultatis,
1380 1360 1617 1404 causas
1646 1337 1973 1405 industrie
2004 1342 2320 1407 actitavit.
2352 1344 2611 1408 Uxores
2632 1340 2743 1409 ha-

660 1449 810 1517 buit
833 1450 1226 1515 Mummiam
1250 1445 1603 1515 Achaicam
1619 1498 1638 1530 ‚
1663 1464 1935 1540 neptem
1957 1450 2208 1531 Catuli,
2238 1468 2638 1544 proneptem
2665 1456 2738 1520 L.

661 1564 1006 1643 Mummii,
1031 1562 1145 1653 qui
1165 1559 1565 1627 Corinthum
1588 1558 1863 1627 excidit:
1890 1563 2051 1628 item
2073 1564 2329 1629 Liviam
2348 1562 2742 1645 Ocellinam,

661 1672 868 1741 ditem
907 1671 1274 1739 admodum
1317 1687 1384 1737 et
1427 1670 1817 1763 pulchram:
1864 1696 1905 1738 a
1946 1696 2081 1767 qua
2122 1688 2351 1740 tamen
2387 1673 2776 1743 nobilitatis·

661 1808 864 1851 causa
899 1784 1234 1875 appetitus
1267 1780 1446 1848 ultro
1489 1784 1937 1866 existimatur,
1974 1800 2042 1851 et
2074 1782 2419 1878 aliquanto
2454 1787 2743 1869 enixiu5‚

663 1910 1026 1987 postquam
1048 1891 1332 1959 subinde
1359 1894 1636 1960 instanti
1657 1896 1897 1962 vitium
1924 1897 2221 1987 corporis
2250 1912 2503 1964 secreto
2532 1900 2747 1988 posita

665 2021 848 2071 veste
891 2002 1140 2069 detexit
1163 2054 1180 2084 ,
1227 2027 1314 2070 ne
1366 2006 1559 2097 quasi
1608 2006 1911 2096 ignaram
1956 2004 2185 2073 fallere
2230 2006 2592 2075 videretur.
2649 2010 2749 2074 Ex

667 2111 952 2181 Achaica
987 2112 1265 2196 liberos,
1290 2115 1524 2179 Caium
1558 2129 1625 2181 et
1649 2116 1980 2197 Servium,
2010 2120 2403 2208 procreavit.
2444 2123 2749 2204 Quorum

667 2218 885 2314 major
911 2225 1107 2289 Caius
1130 2223 1368 2289 attritis
1403 2222 1831 2292 facultatibus
1860 2223 2045 2292 Urbe
2078 2228 2311 2293 cessit:
2342 2226 2753 2318 prohibitus-

668 2406 844 2440 rorem
871 2389 1158 2454 Tot-rentii,
1192 2388 1541 2461 eumdemque
1567 2391 1671 2443 Fa-

667 2464 823 2520 bricii
839 2465 906 2518 ad
927 2470 1081 2522 Oros.
1100 2468 1198 2535 IV,
1221 2486 1248 2521 2
1262 2464 1404 2522 nef.
1427 2483 1478 2522 et
1492 2468 1669 2521 Valer-

668 2549 811 2600 Μαι.
841 2546 940 2614 IX,
964 2546 1026 2613 6,
1051 2563 1108 2614 2,
1134 2548 1225 2618 qui
1249 2559 1438 2618 septem
1463 2559 1671 2600 tantum

668 2623 846 2675 millia
881 2641 910 2674 a
939 2621 1108 2676 Galba
1143 2627 1338 2696 partim
1377 2623 1637 2677 trucidata
1651 2662 1670 2693 ,

670 2704 862 2773 partim
889 2701 1094 2755 vendita
1117 2703 1270 2769 dicit,
1299 2717 1361 2756 ut
1387 2717 1668 2775 corruptus

671 2781 783 2834 fere
798 2783 854 2832 in
867 2781 1121 2834 Suetonio
1141 2799 1391 2834 numerus
1409 2780 1669 2849 videatur,

675 2874 816 2912 certe
849 2862 1058 2912 nimius.
1105 2859 1261 2912 Plura
1299 2862 1514 2912 omnino
1551 2861 1669 2917 vide

601 2971 618 2978 -
673 2937 817 3008 apud
831 2937 1079 2989 Pitiscum
1104 2937 1175 2991 ad
1196 2951 1334 2990 nost.
1354 2935 1459 2990 loc.
1485 2953 1539 2992 et
1555 2941 1671 2992 Du-

669 3015 780 3068 ker.
802 3013 871 3066 ad
896 3017 1003 3068 Liv.
1028 3017 1165 3088 Epit.
1191 3017 1367 3069 XLIX.

743 3093 795 3146 6.
841 3094 916 3146 ob
941 3095 1198 3165 repulsam
1219 3095 1527 3148 consulatus.
1554 3097 1674 3148 Hir·-

672 3175 777 3227 tius
789 3209 807 3238 ,
823 3173 948 3226 Bell.
966 3172 1100 3226 Gall.
1114 3173 1256 3240 vm,
1273 3174 1367 3242 50,
1392 3197 1414 3221 ι
1431 3189 1673 3247 ereptum

674 3253 816 3306 Serv.
866 3252 1047 3305 Galbae
1092 3251 1428 3306 consulatum
1443 3277 1467 3302 u
1515 3252 1669 3319 dicit,

682 3357 704 3380 α
723 3332 869 3404 quod
897 3333 1088 3385 Caesari
1111 3334 1425 3402 conjunctus
1449 3345 1501 3385 et
1521 3333 1673 3386 fami-

671 3413 898 3466 liaritate
919 3427 971 3465 et
988 3412 1374 3466 necessitudine
1388 3411 1673 3486 legationis

672 3494 862 3546 fuisset
875 3531 892 3558 ‚
909 3515 932 3539 a
956 3492 1097 3545 unde
1115 3491 1382 3564 duplicem
1406 3491 1673 3564 repulsam

673 3569 900 3624 Galbam
947 3569 1125 3624 tulisse
1147 3608 1166 3637 ,
1229 3573 1414 3624 statuit
1463 3571 1671 3625 Ruben.

675 3650 840 3703 Elect.
863 3652 913 3714 I,
939 3667 1032 3720 273
1052 3651 1284 3721 priorem
1299 3688 1318 3714 ‚
1343 3648 1411 3702 de
1432 3669 1535 3721 qua
1553 3651 1671 3702 Hir-

675 3731 780 3782 tius
793 3725 1050 3795 ,inimicis
1069 3729 1286 3780 Caesaris
1303 3727 1637 3780 tribuendam
1652 3764 1670 3794 ,

677 3810 898 3864 alteram
915 3811 1116 3862 Caesare
1138 3809 1433 3874 Dictatore,
1470 3805 1539 3860 de
1568 3826 1673 3880 qua

677 3896 960 3948 Suetonius
969 3892 1020 3944 h.
1035 3894 1069 3945 l.
1085 3891 1452 3946 ldconfirmari
1465 3892 1675 3945 videtur

676 3973 848 4027 verbis
867 4015 872 4020 .
889 3974 1094 4040 Nostri,
1149 3995 1170 4020 ι
1187 3973 1338 4042 cujus
1377 3970 1603 4042 legatus.
1623 4011 1635 4024 .
1658 4011 1669 4025 .

666 4055 866 4126 fuerat.
876 4077 897 4100 n
919 4054 1240 4104 Memoratur
1251 4064 1428 4104 autem
1443 4050 1531 4104 hic
1545 4051 1673 4106 Gal-

679 4132 748 4187 ba
765 4134 950 4204 saepius
966 4134 1021 4184 in
1038 4131 1426 4184 commentariis
1440 4129 1675 4199 Caesaris,

1756 2406 1817 2444 ut
1838 2394 1907 2445 111
1922 2432 1938 2461 ,
1972 2410 1993 2444 ι
2024 2410 2133 2465 seq.
2164 2405 2217 2445 et
2239 2393 2399 2446 Dion.
2424 2393 2673 2461 XXXIX,
2696 2393 2747 2460 4.

1829 2488 1879 2542 7.
1920 2471 2243 2544 Campis-avit
2258 2509 2274 2538 ,
2296 2484 2398 2525 etc.
2434 2472 2753 2525 Nominatur

1757 2549 1897 2601 inter
1923 2554 2231 2622 conjuratos
2259 2551 2325 2602 ab
2359 2547 2585 2624 Appian.
2624 2552 2750 2605 Bell.

1756 2629 1867 2681 civ.
1892 2631 1969 2697 11,
2000 2647 2018 2681 ι
2033 2631 2113 2682 13.
2135 2630 2348 2699 Cicero,
2368 2630 2593 2703 Philipp.
2615 2634 2755 2698 XIII,

1763 2725 1783 2760 ι
1794 2710 1827 2762 6
1838 2748 1855 2777 ,
1866 2709 2210 2781 fortissimum
2224 2723 2275 2763 et
2292 2712 2753 2765 constantissimum

1756 2788 1919 2840 civem
1936 2789 2079 2841 dicit.
2108 2791 2233 2859 Ejus
2248 2789 2468 2858 epistola
2484 2803 2565 2842 est
2578 2788 2647 2841 ad
2666 2791 2755 2843 ci-

1758 2885 2005 2920 ceronem
2036 2867 2102 2919 de
2129 2869 2309 2938 praelio
2338 2868 2658 2936 Mutinensi,
2698 2871 2751 2920 in

1760 2946 2091 3014 collectione,
2107 2947 2227 2998 libri
2240 2947 2291 2998 X
2304 2949 2582 3017 trigesima.
2596 2951 2755 3001 —De

1760 3025 1874 3098 leqe
1893 3027 2057 3079 Pedia
2080 3027 2199 3079 vide
2216 3030 2414 3079 Neron.
2436 3027 2486 3080 3.

1831 3107 1882 3160 8.
1929 3107 2089 3158 Pater
2117 3105 2387 3158 consulatu
2406 3106 2644 3177 functus.
2692 3105 2752 3160 C.

1759 3183 2048 3254 Sulpicium
2086 3183 2307 3236 Galbam
2346 3183 2590 3255 intelligit
2624 3187 2755 3238 Tor·

1759 3265 1986 3330 rentius,
2024 3261 2307 3316 Consulem
2340 3281 2459 3315 ann.
2496 3265 2599 3334 775
2632 3284 2753 3317 cum

1760 3342 1977 3394 Haterio
1992 3344 2225 3414 Agrippa
2238 3379 2255 3408 ,
2278 3360 2436 3413 quem
2450 3355 2626 3394 tamen
2645 3344 2755 3395 fra-

1760 3435 1919 3487 trem,
1936 3440 2040 3473 non
2067 3435 2269 3492 patrem
2292 3421 2627 3492 Imperatoris
2642 3441 2753 3476 esse

1759 3511 1915 3570 putat
1926 3497 2075 3568 Pigh.
2088 3498 2277 3550 Annal.
2295 3511 2421 3550 tom.
2436 3502 2507 3551 ΙΙΙ
2523 3539 2540 3567 ,
2559 3520 2611 3571 p.
2632 3500 2751 3554 552.

1761 3576 1891 3631 Vide
1906 3569 2150 3647 ‘proxime
2176 3577 2427 3630 notanda.

1832 3672 1883 3724 9.
1938 3656 2377 3726 Quamquam....
2412 3665 2569 3727 atque
2598 3656 2753 3710 etiam

1757 3733 1947 3805 gibber,
1968 3746 2067 3784 etc.
2092 3732 2330 3785 Macrob.
2344 3735 2477 3802 11‚4‚
2500 3735 2755 3788 «informe

1759 3811 1923 3884 gibbo
1943 3830 2135 3884 corpus
2150 3835 2173 3860 ι
2200 3815 2247 3865 ei
2269 3814 2455 3880 fuisse,
2484 3827 2533 3866 et
2548 3833 2667 3886 cap.
2688 3814 2723 3867 6
2736 3851 2755 3881 ,

1768 3915 1790 3938 α
1806 3890 2104 3965 eloquentia
2137 3891 2336 3944 clarum
2356 3915 2379 3940 ι
2419 3891 2576 3960 dicit,
2619 3916 2642 3940 ιι
2663 3892 2757 3947 sed

1764 3989 1919 4044 quem
1928 3971 2139 4026 habitus
2154 3973 2395 4042 corporis
2408 3971 2747 4025 destrueret..

1762 4051 1907 4103 Idem
1935 4051 2160 4122 Augusti
2192 4063 2245 4104 et
2268 4051 2345 4104 M.
2368 4050 2523 4103 Lollii
2551 4052 2605 4102 in
2633 4069 2753 4104 eum

1756 4133 1912 4200 jocos
1942 4130 2169 4183 servavit
2200 4143 2253 4184 et
2278 4128 2465 4186 Orbilii
2494 4147 2753 4201 gramma-
