<?xml version="1.0" encoding="UTF-8"?>
<!DOCTYPE html PUBLIC "-//W3C//DTD XHTML 1.0 Transitional//EN"
    "http://www.w3.org/TR/xhtml1/DTD/xhtml1-transitional.dtd">
<html xmlns="http://www.w3.org/1999/xhtml" xml:lang="en" lang="en">
 <head>
  <title>
</title>
<meta http-equiv="Content-Type" content="text/html;charset=utf-8" />
  <meta name='ocr-system' content='tesseract 3.04.00' />
  <meta name='ocr-capabilities' content='ocr_page ocr_carea ocr_par ocr_line ocrx_word'/>
</head>
<body>
  <div class='ocr_page' id='page_1' title='image "./csuetoniitranqu09suetgoog_0409.png"; bbox 0 0 3050 5004; ppageno 0'>
   <div class='ocr_carea' id='block_1_1' title="bbox 660 511 2785 2620">
    <p class='ocr_par' dir='ltr' id='par_1_1' title="bbox 660 511 2780 2285">
     <span class='ocr_line' id='line_1_1' title="bbox 664 511 2014 581; baseline -0.001 -2"><span class='ocrx_word' id='word_1_1' title='bbox 664 512 797 581; x_wconf 83' lang='lat'>368</span> <span class='ocrx_word' id='word_1_2' title='bbox 1414 512 1488 577; x_wconf 90' lang='lat' dir='ltr'>C.</span> <span class='ocrx_word' id='word_1_3' title='bbox 1541 511 2014 579; x_wconf 82' lang='lat' dir='ltr'>SUETONII</span> 
     </span>
     <span class='ocr_line' id='line_1_2' title="bbox 660 638 2768 732; baseline 0.003 -25"><span class='ocrx_word' id='word_1_4' title='bbox 660 640 945 721; x_wconf 87' lang='lat' dir='ltr'>ictibus;</span> <span class='ocrx_word' id='word_1_5' title='bbox 994 640 1307 732; x_wconf 83' lang='lat' dir='ltr'><strong>cepitque</strong></span> <span class='ocrx_word' id='word_1_6' title='bbox 1350 662 1501 705; x_wconf 86' lang='lat' dir='ltr'>eam</span> <span class='ocrx_word' id='word_1_7' title='bbox 1543 638 1753 707; x_wconf 81' lang='lat' dir='ltr'>natali</span> <span class='ocrx_word' id='word_1_8' title='bbox 1791 638 1948 707; x_wconf 81' lang='lat' dir='ltr'>filiae</span> <span class='ocrx_word' id='word_1_9' title='bbox 1991 662 2133 709; x_wconf 81' lang='lat' dir='ltr'>suae</span> <span class='ocrx_word' id='word_1_10' title='bbox 2147 640 2174 679; x_wconf 81' lang='lat'><strong>⁸</strong></span> <span class='ocrx_word' id='word_1_11' title='bbox 2194 691 2212 722; x_wconf 93' lang='lat'>,</span> <span class='ocrx_word' id='word_1_12' title='bbox 2253 656 2442 711; x_wconf 81' lang='lat' dir='ltr'>tanto</span> <span class='ocrx_word' id='word_1_13' title='bbox 2483 642 2768 713; x_wconf 86' lang='lat' dir='ltr'>militum</span> 
     </span>
     <span class='ocr_line' id='line_1_3' title="bbox 662 748 2771 845; baseline 0.003 -28"><span class='ocrx_word' id='word_1_14' title='bbox 662 749 909 841; x_wconf 78' lang='lat' dir='ltr'>gaudio</span> <span class='ocrx_word' id='word_1_15' title='bbox 944 774 1027 817; x_wconf 92' lang='lat' dir='ltr'>ac</span> <span class='ocrx_word' id='word_1_16' title='bbox 1067 750 1299 816; x_wconf 86' lang='lat' dir='ltr'>favore</span> <span class='ocrx_word' id='word_1_17' title='bbox 1314 800 1331 831; x_wconf 91' lang='lat'>,</span> <span class='ocrx_word' id='word_1_18' title='bbox 1376 766 1455 815; x_wconf 92' lang='lat' dir='ltr'>ut</span> <span class='ocrx_word' id='word_1_19' title='bbox 1492 752 1568 816; x_wconf 89' lang='lat' dir='ltr'>in</span> <span class='ocrx_word' id='word_1_20' title='bbox 1609 748 2055 843; x_wconf 77' lang='lat' dir='ltr'>gratulatione</span> <span class='ocrx_word' id='word_1_21' title='bbox 2097 756 2582 845; x_wconf 60' lang='lat' dir='ltr'>Mperatorem</span> <span class='ocrx_word' id='word_1_22' title='bbox 2618 779 2771 823; x_wconf 89' lang='lat' dir='ltr'>eum</span> 
     </span>
     <span class='ocr_line' id='line_1_4' title="bbox 662 859 2769 955; baseline 0.001 -25"><span class='ocrx_word' id='word_1_23' title='bbox 662 861 1309 943; x_wconf 69' lang='lat' dir='ltr'>consalutaverintv,</span> <span class='ocrx_word' id='word_1_24' title='bbox 1340 874 1409 927; x_wconf 91' lang='lat' dir='ltr'>et</span> <span class='ocrx_word' id='word_1_25' title='bbox 1436 859 1730 929; x_wconf 83' lang='lat' dir='ltr'>subinde</span> <span class='ocrx_word' id='word_1_26' title='bbox 1763 859 2204 931; x_wconf 79' lang='lat' dir='ltr'>decedentem</span> <span class='ocrx_word' id='word_1_27' title='bbox 2231 867 2576 955; x_wconf 86' lang='lat' dir='ltr'>provincia</span> <span class='ocrx_word' id='word_1_28' title='bbox 2609 866 2769 933; x_wconf 86' lang='lat' dir='ltr'>deti-</span> 
     </span>
     <span class='ocr_line' id='line_1_5' title="bbox 664 971 2770 1067; baseline 0.001 -25"><span class='ocrx_word' id='word_1_29' title='bbox 664 978 937 1067; x_wconf 83' lang='lat' dir='ltr'>nuerint</span> <span class='ocrx_word' id='word_1_30' title='bbox 956 1026 973 1056; x_wconf 91' lang='lat'>,</span> <span class='ocrx_word' id='word_1_31' title='bbox 1013 971 1409 1066; x_wconf 85' lang='lat' dir='ltr'>suppliciter</span> <span class='ocrx_word' id='word_1_32' title='bbox 1428 1025 1446 1054; x_wconf 90' lang='lat'>‚</span> <span class='ocrx_word' id='word_1_33' title='bbox 1483 996 1614 1040; x_wconf 92' lang='lat' dir='ltr'>nec</span> <span class='ocrx_word' id='word_1_34' title='bbox 1645 996 1786 1039; x_wconf 89' lang='lat' dir='ltr'>non</span> <span class='ocrx_word' id='word_1_35' title='bbox 1819 988 1890 1037; x_wconf 92' lang='lat' dir='ltr'>et</span> <span class='ocrx_word' id='word_1_36' title='bbox 1919 974 2271 1041; x_wconf 84' lang='lat' dir='ltr'>minaciter</span> <span class='ocrx_word' id='word_1_37' title='bbox 2297 974 2770 1067; x_wconf 73' lang='lat' dir='ltr'>efflagitante5‚</span> 
     </span>
     <span class='ocr_line' id='line_1_6' title="bbox 674 1082 2764 1175; baseline 0 -30"><span class='ocrx_word' id='word_1_38' title='bbox 674 1115 702 1145; x_wconf 73' lang='lat' dir='ltr'>a</span> <span class='ocrx_word' id='word_1_39' title='bbox 728 1100 848 1152; x_wconf 85' lang='lat' dir='ltr'>aut</span> <span class='ocrx_word' id='word_1_40' title='bbox 881 1098 1295 1165; x_wconf 76' lang='lat' dir='ltr'>remaneret,</span> <span class='ocrx_word' id='word_1_41' title='bbox 1332 1098 1453 1151; x_wconf 83' lang='lat' dir='ltr'>aut</span> <span class='ocrx_word' id='word_1_42' title='bbox 1490 1105 1724 1149; x_wconf 89' lang='lat' dir='ltr'>secum</span> <span class='ocrx_word' id='word_1_43' title='bbox 1761 1104 1998 1149; x_wconf 89' lang='lat' dir='ltr'>omnes</span> <span class='ocrx_word' id='word_1_44' title='bbox 2035 1084 2288 1175; x_wconf 82' lang='lat' dir='ltr'>pariter</span> <span class='ocrx_word' id='word_1_45' title='bbox 2323 1082 2712 1151; x_wconf 85' lang='lat' dir='ltr'>abduceret.</span> <span class='ocrx_word' id='word_1_46' title='bbox 2737 1114 2764 1145; x_wconf 70' lang='lat' dir='ltr'>n</span> 
     </span>
     <span class='ocr_line' id='line_1_7' title="bbox 666 1190 2776 1287; baseline 0 -26"><span class='ocrx_word' id='word_1_47' title='bbox 666 1190 865 1261; x_wconf 88' lang='lat' dir='ltr'>Unde</span> <span class='ocrx_word' id='word_1_48' title='bbox 899 1208 1059 1259; x_wconf 88' lang='lat' dir='ltr'>nata</span> <span class='ocrx_word' id='word_1_49' title='bbox 1090 1194 1384 1285; x_wconf 89' lang='lat' dir='ltr'>suspicio</span> <span class='ocrx_word' id='word_1_50' title='bbox 1418 1209 1521 1260; x_wconf 90' lang='lat' dir='ltr'>est</span> <span class='ocrx_word' id='word_1_51' title='bbox 1540 1244 1557 1273; x_wconf 93' lang='lat'>‚</span> <span class='ocrx_word' id='word_1_52' title='bbox 1597 1195 1790 1287; x_wconf 83' lang='lat' dir='ltr'>quasi</span> <span class='ocrx_word' id='word_1_53' title='bbox 1823 1190 2198 1259; x_wconf 84' lang='lat' dir='ltr'>desciscere</span> <span class='ocrx_word' id='word_1_54' title='bbox 2228 1216 2270 1259; x_wconf 84' lang='lat' dir='ltr'>a</span> <span class='ocrx_word' id='word_1_55' title='bbox 2296 1208 2516 1285; x_wconf 87' lang='lat' dir='ltr'>patre,</span> <span class='ocrx_word' id='word_1_56' title='bbox 2547 1196 2776 1261; x_wconf 88' lang='lat' dir='ltr'>Orien-</span> 
     </span>
     <span class='ocr_line' id='line_1_8' title="bbox 666 1302 2778 1399; baseline 0 -29"><span class='ocrx_word' id='word_1_57' title='bbox 666 1306 886 1399; x_wconf 89' lang='lat' dir='ltr'>tisque</span> <span class='ocrx_word' id='word_1_58' title='bbox 908 1325 1197 1393; x_wconf 81' lang='lat' dir='ltr'>regnum</span> <span class='ocrx_word' id='word_1_59' title='bbox 1216 1302 1343 1369; x_wconf 90' lang='lat' dir='ltr'>sibi</span> <span class='ocrx_word' id='word_1_60' title='bbox 1360 1302 1702 1371; x_wconf 87' lang='lat' dir='ltr'>vindicare</span> <span class='ocrx_word' id='word_1_61' title='bbox 1719 1317 2064 1369; x_wconf 81' lang='lat' dir='ltr'>tentasset.</span> <span class='ocrx_word' id='word_1_62' title='bbox 2087 1306 2309 1387; x_wconf 88' lang='lat' dir='ltr'>Quam</span> <span class='ocrx_word' id='word_1_63' title='bbox 2323 1303 2778 1394; x_wconf 79' lang='lat' dir='ltr'>suspicionem</span> 
     </span>
     <span class='ocr_line' id='line_1_9' title="bbox 662 1409 2777 1507; baseline -0.001 -26"><span class='ocrx_word' id='word_1_64' title='bbox 662 1416 883 1496; x_wconf 84' lang='lat' dir='ltr'>auxit,</span> <span class='ocrx_word' id='word_1_65' title='bbox 932 1429 1295 1507; x_wconf 85' lang='lat' dir='ltr'>postquam</span> <span class='ocrx_word' id='word_1_66' title='bbox 1346 1409 1824 1480; x_wconf 83' lang='lat' dir='ltr'>Alexandriam</span> <span class='ocrx_word' id='word_1_67' title='bbox 1866 1428 2105 1504; x_wconf 88' lang='lat' dir='ltr'>petens</span> <span class='ocrx_word' id='word_1_68' title='bbox 2125 1464 2142 1493; x_wconf 91' lang='lat'>,</span> <span class='ocrx_word' id='word_1_69' title='bbox 2194 1414 2265 1479; x_wconf 92' lang='lat' dir='ltr'>in</span> <span class='ocrx_word' id='word_1_70' title='bbox 2315 1412 2777 1481; x_wconf 88' lang='lat' dir='ltr'>consecrando</span> 
     </span>
     <span class='ocr_line' id='line_1_10' title="bbox 662 1520 2776 1617; baseline -0.001 -26"><span class='ocrx_word' id='word_1_71' title='bbox 662 1523 847 1615; x_wconf 90' lang='lat' dir='ltr'>apud</span> <span class='ocrx_word' id='word_1_72' title='bbox 888 1522 1267 1617; x_wconf 88' lang='lat' dir='ltr'>Memphim</span> <span class='ocrx_word' id='word_1_73' title='bbox 1300 1522 1472 1591; x_wconf 90' lang='lat' dir='ltr'>bove</span> <span class='ocrx_word' id='word_1_74' title='bbox 1509 1525 1638 1616; x_wconf 83' lang='lat' dir='ltr'>Api</span> <span class='ocrx_word' id='word_1_75' title='bbox 1657 1532 1706 1561; x_wconf 83' lang='lat'>²⁰</span> <span class='ocrx_word' id='word_1_76' title='bbox 1751 1520 2060 1590; x_wconf 87' lang='lat' dir='ltr'>diadema</span> <span class='ocrx_word' id='word_1_77' title='bbox 2101 1523 2418 1613; x_wconf 79' lang='lat' dir='ltr'>gestavit:</span> <span class='ocrx_word' id='word_1_78' title='bbox 2461 1520 2548 1589; x_wconf 92' lang='lat' dir='ltr'>de</span> <span class='ocrx_word' id='word_1_79' title='bbox 2587 1544 2776 1591; x_wconf 89' lang='lat' dir='ltr'>more</span> 
     </span>
     <span class='ocr_line' id='line_1_11' title="bbox 663 1632 2778 1730; baseline -0 -27"><span class='ocrx_word' id='word_1_80' title='bbox 663 1635 941 1730; x_wconf 90' lang='lat' dir='ltr'>quidem</span> <span class='ocrx_word' id='word_1_81' title='bbox 976 1636 1247 1728; x_wconf 87' lang='lat' dir='ltr'>rituque</span> <span class='ocrx_word' id='word_1_82' title='bbox 1282 1636 1524 1729; x_wconf 83' lang='lat' dir='ltr'>priscae</span> <span class='ocrx_word' id='word_1_83' title='bbox 1561 1633 1940 1726; x_wconf 77' lang='lat' dir='ltr'>religionis3</span> <span class='ocrx_word' id='word_1_84' title='bbox 1979 1633 2100 1702; x_wconf 88' lang='lat' dir='ltr'>sed</span> <span class='ocrx_word' id='word_1_85' title='bbox 2135 1658 2276 1703; x_wconf 91' lang='lat' dir='ltr'>non</span> <span class='ocrx_word' id='word_1_86' title='bbox 2309 1632 2626 1719; x_wconf 89' lang='lat' dir='ltr'>deerant,</span> <span class='ocrx_word' id='word_1_87' title='bbox 2662 1638 2778 1729; x_wconf 90' lang='lat' dir='ltr'>qui</span> 
     </span>
     <span class='ocr_line' id='line_1_12' title="bbox 665 1744 2780 1841; baseline -0.001 -26"><span class='ocrx_word' id='word_1_88' title='bbox 665 1771 861 1815; x_wconf 86' lang='lat' dir='ltr'>secus</span> <span class='ocrx_word' id='word_1_89' title='bbox 884 1749 1511 1839; x_wconf 86' lang='lat' dir='ltr'>interpretarentur.</span> <span class='ocrx_word' id='word_1_90' title='bbox 1545 1752 1769 1833; x_wconf 86' lang='lat' dir='ltr'>Quare</span> <span class='ocrx_word' id='word_1_91' title='bbox 1793 1746 2119 1813; x_wconf 80' lang='lat' dir='ltr'>festinans</span> <span class='ocrx_word' id='word_1_92' title='bbox 2141 1748 2213 1812; x_wconf 91' lang='lat' dir='ltr'>in</span> <span class='ocrx_word' id='word_1_93' title='bbox 2237 1744 2499 1813; x_wconf 87' lang='lat' dir='ltr'>Italiam</span> <span class='ocrx_word' id='word_1_94' title='bbox 2517 1797 2535 1828; x_wconf 93' lang='lat'>‚</span> <span class='ocrx_word' id='word_1_95' title='bbox 2567 1770 2780 1841; x_wconf 90' lang='lat' dir='ltr'>quum</span> 
     </span>
     <span class='ocr_line' id='line_1_13' title="bbox 664 1854 2779 1951; baseline 0 -26"><span class='ocrx_word' id='word_1_96' title='bbox 664 1858 1033 1951; x_wconf 77' lang='lat' dir='ltr'>Rhegium,</span> <span class='ocrx_word' id='word_1_97' title='bbox 1074 1855 1231 1927; x_wconf 90' lang='lat' dir='ltr'>dein</span> <span class='ocrx_word' id='word_1_98' title='bbox 1268 1856 1584 1926; x_wconf 89' lang='lat' dir='ltr'>Puteolos</span> <span class='ocrx_word' id='word_1_99' title='bbox 1605 1910 1622 1924; x_wconf 90' lang='lat'><strong>.</strong></span> <span class='ocrx_word' id='word_1_100' title='bbox 1664 1858 1970 1926; x_wconf 84' lang='lat' dir='ltr'>oneraria</span> <span class='ocrx_word' id='word_1_101' title='bbox 2006 1882 2179 1925; x_wconf 86' lang='lat' dir='ltr'>nave</span> <span class='ocrx_word' id='word_1_102' title='bbox 2207 1854 2616 1951; x_wconf 88' lang='lat' dir='ltr'>appulisset,</span> <span class='ocrx_word' id='word_1_103' title='bbox 2647 1863 2779 1925; x_wconf 91' lang='lat' dir='ltr'>Ro-</span> 
     </span>
     <span class='ocr_line' id='line_1_14' title="bbox 666 1964 2776 2062; baseline -0.001 -25"><span class='ocrx_word' id='word_1_104' title='bbox 666 1994 851 2037; x_wconf 89' lang='lat' dir='ltr'>mam</span> <span class='ocrx_word' id='word_1_105' title='bbox 878 1967 1038 2036; x_wconf 86' lang='lat' dir='ltr'>inde</span> <span class='ocrx_word' id='word_1_106' title='bbox 1064 1966 1415 2041; x_wconf 81' lang='lat' dir='ltr'>contendit</span> <span class='ocrx_word' id='word_1_107' title='bbox 1435 1964 2014 2061; x_wconf 82' lang='lat' dir='ltr'>expeditissimus³</span> <span class='ocrx_word' id='word_1_108' title='bbox 2037 1968 2547 2062; x_wconf 84' lang='lat' dir='ltr'>inopinantique</span> <span class='ocrx_word' id='word_1_109' title='bbox 2569 1970 2776 2061; x_wconf 88' lang='lat' dir='ltr'>patri,</span> 
     </span>
     <span class='ocr_line' id='line_1_15' title="bbox 666 2078 2772 2172; baseline -0 -26"><span class='ocrx_word' id='word_1_110' title='bbox 666 2079 855 2147; x_wconf 90' lang='lat' dir='ltr'>velut</span> <span class='ocrx_word' id='word_1_111' title='bbox 899 2102 1190 2172; x_wconf 79' lang='lat' dir='ltr'>arguens</span> <span class='ocrx_word' id='word_1_112' title='bbox 1234 2102 1590 2146; x_wconf 85' lang='lat' dir='ltr'>rumorum</span> <span class='ocrx_word' id='word_1_113' title='bbox 1633 2078 1719 2146; x_wconf 91' lang='lat' dir='ltr'>de</span> <span class='ocrx_word' id='word_1_114' title='bbox 1757 2102 1828 2148; x_wconf 89' lang='lat' dir='ltr'>se</span> <span class='ocrx_word' id='word_1_115' title='bbox 1869 2080 2348 2160; x_wconf 89' lang='lat' dir='ltr'>temeritatem,</span> <span class='ocrx_word' id='word_1_116' title='bbox 2403 2108 2430 2138; x_wconf 76' lang='grc' dir='ltr'><em>α</em></span> <span class='ocrx_word' id='word_1_117' title='bbox 2453 2082 2772 2161; x_wconf 78' lang='lat' dir='ltr'>¹¹V.eni,=</span> 
     </span>
     <span class='ocr_line' id='line_1_16' title="bbox 670 2190 1513 2285; baseline -0.007 -27"><span class='ocrx_word' id='word_1_118' title='bbox 670 2192 922 2285; x_wconf 88' lang='lat' dir='ltr'>inquit,</span> <span class='ocrx_word' id='word_1_119' title='bbox 968 2218 994 2249; x_wconf 76' lang='grc' dir='ltr'><strong>α</strong></span> <span class='ocrx_word' id='word_1_120' title='bbox 1021 2203 1243 2280; x_wconf 90' lang='lat' dir='ltr'>pater,</span> <span class='ocrx_word' id='word_1_121' title='bbox 1273 2190 1451 2256; x_wconf 88' lang='lat' dir='ltr'>veni.</span> <span class='ocrx_word' id='word_1_122' title='bbox 1484 2220 1513 2249; x_wconf 70' lang='grc' dir='ltr'><strong><em>υ</em></strong></span> 
     </span>
    </p>

    <p class='ocr_par' dir='ltr' id='par_1_2' title="bbox 672 2297 2785 2620">
     <span class='ocr_line' id='line_1_17' title="bbox 769 2297 2782 2393; baseline 0 -26"><span class='ocrx_word' id='word_1_123' title='bbox 769 2306 879 2367; x_wconf 80' lang='lat' dir='ltr'>vl.</span> <span class='ocrx_word' id='word_1_124' title='bbox 930 2304 1166 2393; x_wconf 85' lang='lat' dir='ltr'>Neque</span> <span class='ocrx_word' id='word_1_125' title='bbox 1194 2322 1275 2365; x_wconf 85' lang='lat' dir='ltr'>ex</span> <span class='ocrx_word' id='word_1_126' title='bbox 1304 2322 1387 2365; x_wconf 92' lang='lat' dir='ltr'>eo</span> <span class='ocrx_word' id='word_1_127' title='bbox 1414 2297 1701 2379; x_wconf 89' lang='lat' dir='ltr'>destitit,</span> <span class='ocrx_word' id='word_1_128' title='bbox 1728 2301 2126 2392; x_wconf 86' lang='lat' dir='ltr'>participem</span> <span class='ocrx_word' id='word_1_129' title='bbox 2154 2314 2358 2393; x_wconf 86' lang='lat' dir='ltr'>atque</span> <span class='ocrx_word' id='word_1_130' title='bbox 2381 2302 2582 2366; x_wconf 84' lang='lat' dir='ltr'>etiam</span> <span class='ocrx_word' id='word_1_131' title='bbox 2603 2315 2782 2367; x_wconf 88' lang='lat' dir='ltr'>tuto-</span> 
     </span>
     <span class='ocr_line' id='line_1_18' title="bbox 672 2407 2785 2506; baseline -0.001 -27"><span class='ocrx_word' id='word_1_132' title='bbox 672 2410 1115 2506; x_wconf 28' lang='lat' dir='ltr'>rem‘imperii</span> <span class='ocrx_word' id='word_1_133' title='bbox 1149 2430 1372 2499; x_wconf 77' lang='lat' dir='ltr'>agere.</span> <span class='ocrx_word' id='word_1_134' title='bbox 1406 2407 1884 2501; x_wconf 88' lang='lat' dir='ltr'>Triumphavit</span> <span class='ocrx_word' id='word_1_135' title='bbox 1915 2431 2071 2476; x_wconf 91' lang='lat' dir='ltr'>cum</span> <span class='ocrx_word' id='word_1_136' title='bbox 2099 2424 2291 2500; x_wconf 90' lang='lat' dir='ltr'>patre</span> <span class='ocrx_word' id='word_1_137' title='bbox 2311 2417 2326 2445; x_wconf 92' lang='lat'><strong>¹</strong></span> <span class='ocrx_word' id='word_1_138' title='bbox 2349 2460 2367 2490; x_wconf 96' lang='lat'>,</span> <span class='ocrx_word' id='word_1_139' title='bbox 2395 2432 2785 2476; x_wconf 88' lang='lat' dir='ltr'>censuram·</span> 
     </span>
     <span class='ocr_line' id='line_1_19' title="bbox 674 2519 2782 2620; baseline -0.002 -28"><span class='ocrx_word' id='word_1_140' title='bbox 674 2549 808 2620; x_wconf 91' lang='lat' dir='ltr'>que</span> <span class='ocrx_word' id='word_1_141' title='bbox 836 2525 1043 2616; x_wconf 78' lang='lat' dir='ltr'>gessit</span> <span class='ocrx_word' id='word_1_142' title='bbox 1066 2545 1206 2590; x_wconf 85' lang='lat' dir='ltr'>una</span> <span class='ocrx_word' id='word_1_143' title='bbox 1220 2539 1269 2588; x_wconf 84' lang='lat'>².</span> <span class='ocrx_word' id='word_1_144' title='bbox 1302 2519 1542 2590; x_wconf 91' lang='lat' dir='ltr'>Eidem</span> <span class='ocrx_word' id='word_1_145' title='bbox 1565 2520 1821 2615; x_wconf 81' lang='lat' dir='ltr'>collega</span> <span class='ocrx_word' id='word_1_146' title='bbox 1853 2523 2014 2590; x_wconf 90' lang='lat' dir='ltr'>etin</span> <span class='ocrx_word' id='word_1_147' title='bbox 2040 2520 2398 2589; x_wconf 84' lang='lat' dir='ltr'>tribunicia</span> <span class='ocrx_word' id='word_1_148' title='bbox 2418 2536 2747 2614; x_wconf 76' lang='lat' dir='ltr'>potestate</span> <span class='ocrx_word' id='word_1_149' title='bbox 2763 2573 2782 2604; x_wconf 89' lang='lat'>,</span> 
     </span>
    </p>
   </div>
   <div class='ocr_carea' id='block_1_2' title="bbox 0 2826 7 3745">
    <p class='ocr_par' dir='ltr' id='par_1_3' title="bbox 0 2826 7 3745">
     <span class='ocr_line' id='line_1_20' title="bbox 0 2826 7 3745; baseline 0 0"><span class='ocrx_word' id='word_1_150' title='bbox 0 2826 7 3745; x_wconf 95' lang='lat' dir='ltr'> </span> 
     </span>
    </p>
   </div>
   <div class='ocr_carea' id='block_1_3' title="bbox 674 2706 1695 4274">
    <p class='ocr_par' dir='ltr' id='par_1_4' title="bbox 674 2706 1691 3166">
     <span class='ocr_line' id='line_1_21' title="bbox 746 2706 1684 2781; baseline -0.003 -18"><span class='ocrx_word' id='word_1_151' title='bbox 746 2711 798 2764; x_wconf 87' lang='lat'>8.</span> <span class='ocrx_word' id='word_1_152' title='bbox 836 2706 1172 2781; x_wconf 45' lang='lat' dir='ltr'>Natali-filia!</span> <span class='ocrx_word' id='word_1_153' title='bbox 1192 2723 1311 2759; x_wconf 80' lang='lat' dir='ltr'>suoe.</span> <span class='ocrx_word' id='word_1_154' title='bbox 1332 2706 1413 2760; x_wconf 88' lang='lat' dir='ltr'>De</span> <span class='ocrx_word' id='word_1_155' title='bbox 1434 2706 1553 2776; x_wconf 86' lang='lat' dir='ltr'>die,</span> <span class='ocrx_word' id='word_1_156' title='bbox 1578 2727 1684 2780; x_wconf 87' lang='lat' dir='ltr'>quo</span> 
     </span>
     <span class='ocr_line' id='line_1_22' title="bbox 674 2783 1691 2858; baseline -0.003 -18"><span class='ocrx_word' id='word_1_157' title='bbox 674 2787 1043 2858; x_wconf 73' lang='lat' dir='ltr'>Hierosolyma</span> <span class='ocrx_word' id='word_1_158' title='bbox 1070 2797 1229 2856; x_wconf 80' lang='lat' dir='ltr'>capta</span> <span class='ocrx_word' id='word_1_159' title='bbox 1260 2798 1413 2852; x_wconf 84' lang='lat' dir='ltr'>sunt,</span> <span class='ocrx_word' id='word_1_160' title='bbox 1445 2783 1691 2856; x_wconf 85' lang='lat' dir='ltr'>locuple-</span> 
     </span>
     <span class='ocr_line' id='line_1_23' title="bbox 674 2862 1688 2934; baseline -0.003 -15"><span class='ocrx_word' id='word_1_161' title='bbox 674 2868 909 2919; x_wconf 79' lang='lat' dir='ltr'>tissimus</span> <span class='ocrx_word' id='word_1_162' title='bbox 926 2865 1158 2916; x_wconf 79' lang='lat' dir='ltr'>Reimar.</span> <span class='ocrx_word' id='word_1_163' title='bbox 1184 2863 1253 2916; x_wconf 84' lang='lat' dir='ltr'>ad</span> <span class='ocrx_word' id='word_1_164' title='bbox 1272 2862 1473 2934; x_wconf 80' lang='lat' dir='ltr'>xiphil.</span> <span class='ocrx_word' id='word_1_165' title='bbox 1496 2864 1688 2932; x_wconf 80' lang='lat' dir='ltr'>val,</span> 
     </span>
     <span class='ocr_line' id='line_1_24' title="bbox 678 2939 1691 3013; baseline 0.001 -21"><span class='ocrx_word' id='word_1_166' title='bbox 678 2962 728 3013; x_wconf 88' lang='lat'>7.</span> <span class='ocrx_word' id='word_1_167' title='bbox 754 2973 827 2984; x_wconf 89' lang='lat'><em>-</em></span> <span class='ocrx_word' id='word_1_168' title='bbox 848 2945 951 2993; x_wconf 84' lang='lat' dir='ltr'>Pro</span> <span class='ocrx_word' id='word_1_169' title='bbox 977 2959 1121 3009; x_wconf 83' lang='lat' dir='ltr'>eam,</span> <span class='ocrx_word' id='word_1_170' title='bbox 1142 2939 1255 2993; x_wconf 84' lang='lat' dir='ltr'>scil.</span> <span class='ocrx_word' id='word_1_171' title='bbox 1288 2941 1473 2994; x_wconf 83' lang='lat' dir='ltr'>urbem</span> <span class='ocrx_word' id='word_1_172' title='bbox 1500 2943 1691 2994; x_wconf 82' lang='lat' dir='ltr'>Hiero-</span> 
     </span>
     <span class='ocr_line' id='line_1_25' title="bbox 677 3019 1688 3094; baseline -0.002 -21"><span class='ocrx_word' id='word_1_173' title='bbox 677 3021 1047 3094; x_wconf 76' lang='lat' dir='ltr'>solymitanam</span> <span class='ocrx_word' id='word_1_174' title='bbox 1083 3019 1215 3090; x_wconf 86' lang='lat' dir='ltr'>(per</span> <span class='ocrx_word' id='word_1_175' title='bbox 1246 3021 1522 3092; x_wconf 73' lang='lat' dir='ltr'>synesin),</span> <span class='ocrx_word' id='word_1_176' title='bbox 1555 3019 1688 3075; x_wconf 85' lang='lat' dir='ltr'>Cod.</span> 
     </span>
     <span class='ocr_line' id='line_1_26' title="bbox 678 3099 1688 3166; baseline 0.001 -14"><span class='ocrx_word' id='word_1_177' title='bbox 678 3099 811 3152; x_wconf 83' lang='lat' dir='ltr'>alter</span> <span class='ocrx_word' id='word_1_178' title='bbox 824 3120 887 3152; x_wconf 83' lang='lat' dir='ltr'>ea</span> <span class='ocrx_word' id='word_1_179' title='bbox 902 3139 918 3166; x_wconf 94' lang='lat'>,</span> <span class='ocrx_word' id='word_1_180' title='bbox 939 3118 1003 3151; x_wconf 84' lang='lat' dir='ltr'>ex</span> <span class='ocrx_word' id='word_1_181' title='bbox 1016 3100 1355 3153; x_wconf 85' lang='lat' dir='ltr'>correctione</span> <span class='ocrx_word' id='word_1_182' title='bbox 1372 3103 1485 3153; x_wconf 82' lang='lat' dir='ltr'>sine</span> <span class='ocrx_word' id='word_1_183' title='bbox 1501 3099 1688 3153; x_wconf 84' lang='lat' dir='ltr'>dubio.</span> 
     </span>
    </p>

    <p class='ocr_par' dir='ltr' id='par_1_5' title="bbox 676 3181 1695 4051">
     <span class='ocr_line' id='line_1_27' title="bbox 748 3181 1692 3252; baseline 0.002 -21"><span class='ocrx_word' id='word_1_184' title='bbox 748 3201 804 3252; x_wconf 85' lang='lat'>9.</span> <span class='ocrx_word' id='word_1_185' title='bbox 848 3181 973 3234; x_wconf 73' lang='lat' dir='ltr'>Ut...</span> <span class='ocrx_word' id='word_1_186' title='bbox 1002 3181 1380 3252; x_wconf 66' lang='lat' dir='ltr'>Imperatorem</span> <span class='ocrx_word' id='word_1_187' title='bbox 1408 3199 1530 3232; x_wconf 82' lang='lat' dir='ltr'>eum</span> <span class='ocrx_word' id='word_1_188' title='bbox 1563 3199 1692 3233; x_wconf 77' lang='lat' dir='ltr'>con-</span> 
     </span>
     <span class='ocr_line' id='line_1_28' title="bbox 676 3259 1690 3332; baseline -0.003 -17"><span class='ocrx_word' id='word_1_189' title='bbox 676 3259 1041 3322; x_wconf 74' lang='lat' dir='ltr'>salutauerint,-</span> <span class='ocrx_word' id='word_1_190' title='bbox 1068 3277 1227 3312; x_wconf 86' lang='lat' dir='ltr'>sensu</span> <span class='ocrx_word' id='word_1_191' title='bbox 1250 3278 1443 3331; x_wconf 84' lang='lat' dir='ltr'>nempe</span> <span class='ocrx_word' id='word_1_192' title='bbox 1468 3263 1690 3332; x_wconf 81' lang='lat' dir='ltr'>antiquo</span> 
     </span>
     <span class='ocr_line' id='line_1_29' title="bbox 680 3339 1695 3410; baseline 0 -19"><span class='ocrx_word' id='word_1_193' title='bbox 680 3340 751 3392; x_wconf 89' lang='lat' dir='ltr'>ob</span> <span class='ocrx_word' id='word_1_194' title='bbox 780 3341 1057 3392; x_wconf 78' lang='lat' dir='ltr'>victoriam</span> <span class='ocrx_word' id='word_1_195' title='bbox 1082 3351 1408 3410; x_wconf 83' lang='lat' dir='ltr'>reportatam</span> <span class='ocrx_word' id='word_1_196' title='bbox 1426 3379 1443 3407; x_wconf 88' lang='lat'>‚</span> <span class='ocrx_word' id='word_1_197' title='bbox 1468 3339 1560 3391; x_wconf 85' lang='lat' dir='ltr'>uhi</span> <span class='ocrx_word' id='word_1_198' title='bbox 1588 3340 1695 3391; x_wconf 86' lang='lat' dir='ltr'>Im-</span> 
     </span>
     <span class='ocr_line' id='line_1_30' title="bbox 676 3419 1693 3494; baseline 0 -21"><span class='ocrx_word' id='word_1_199' title='bbox 676 3431 889 3494; x_wconf 78' lang='lat' dir='ltr'>perator</span> <span class='ocrx_word' id='word_1_200' title='bbox 922 3421 1256 3490; x_wconf 78' lang='lat' dir='ltr'>cognominis</span> <span class='ocrx_word' id='word_1_201' title='bbox 1294 3419 1415 3472; x_wconf 90' lang='lat' dir='ltr'>loco</span> <span class='ocrx_word' id='word_1_202' title='bbox 1456 3419 1693 3473; x_wconf 81' lang='lat' dir='ltr'>addeba-</span> 
     </span>
     <span class='ocr_line' id='line_1_31' title="bbox 679 3498 1692 3572; baseline 0 -20"><span class='ocrx_word' id='word_1_203' title='bbox 679 3513 787 3564; x_wconf 80' lang='lat' dir='ltr'>tur,</span> <span class='ocrx_word' id='word_1_204' title='bbox 806 3519 917 3552; x_wconf 85' lang='lat' dir='ltr'>non</span> <span class='ocrx_word' id='word_1_205' title='bbox 936 3498 1371 3572; x_wconf 63' lang='lat' dir='ltr'>praeponebatur,</span> <span class='ocrx_word' id='word_1_206' title='bbox 1390 3514 1449 3552; x_wconf 86' lang='lat' dir='ltr'>ut</span> <span class='ocrx_word' id='word_1_207' title='bbox 1466 3502 1520 3552; x_wconf 91' lang='lat' dir='ltr'>in</span> <span class='ocrx_word' id='word_1_208' title='bbox 1541 3502 1692 3552; x_wconf 87' lang='lat' dir='ltr'>Prin-</span> 
     </span>
     <span class='ocr_line' id='line_1_32' title="bbox 680 3581 1690 3654; baseline -0.001 -20"><span class='ocrx_word' id='word_1_209' title='bbox 680 3583 909 3653; x_wconf 79' lang='lat' dir='ltr'>cipibus.</span> <span class='ocrx_word' id='word_1_210' title='bbox 936 3583 1019 3634; x_wconf 85' lang='lat' dir='ltr'>Cf.</span> <span class='ocrx_word' id='word_1_211' title='bbox 1041 3581 1109 3632; x_wconf 83' lang='lat' dir='ltr'>ad</span> <span class='ocrx_word' id='word_1_212' title='bbox 1129 3581 1258 3634; x_wconf 81' lang='lat' dir='ltr'>Caes.</span> <span class='ocrx_word' id='word_1_213' title='bbox 1292 3583 1375 3652; x_wconf 88' lang='lat'>76.</span> <span class='ocrx_word' id='word_1_214' title='bbox 1401 3582 1690 3654; x_wconf 83' lang='lat' dir='ltr'>Nunquam</span> 
     </span>
     <span class='ocr_line' id='line_1_33' title="bbox 680 3659 1692 3730; baseline 0.001 -20"><span class='ocrx_word' id='word_1_215' title='bbox 680 3659 799 3712; x_wconf 81' lang='lat' dir='ltr'>vivo</span> <span class='ocrx_word' id='word_1_216' title='bbox 840 3671 997 3730; x_wconf 84' lang='lat' dir='ltr'>patre</span> <span class='ocrx_word' id='word_1_217' title='bbox 1040 3675 1197 3710; x_wconf 85' lang='lat' dir='ltr'>sensu</span> <span class='ocrx_word' id='word_1_218' title='bbox 1244 3661 1540 3730; x_wconf 74' lang='lat' dir='ltr'>augustiori</span> <span class='ocrx_word' id='word_1_219' title='bbox 1583 3659 1692 3711; x_wconf 87' lang='lat' dir='ltr'>hoc</span> 
     </span>
     <span class='ocr_line' id='line_1_34' title="bbox 680 3738 1692 3806; baseline 0.003 -16"><span class='ocrx_word' id='word_1_220' title='bbox 680 3757 879 3790; x_wconf 86' lang='lat' dir='ltr'>nomen</span> <span class='ocrx_word' id='word_1_221' title='bbox 909 3739 1087 3790; x_wconf 87' lang='lat' dir='ltr'>Titum</span> <span class='ocrx_word' id='word_1_222' title='bbox 1124 3738 1341 3806; x_wconf 81' lang='lat' dir='ltr'>tulisse,</span> <span class='ocrx_word' id='word_1_223' title='bbox 1375 3753 1562 3792; x_wconf 81' lang='lat' dir='ltr'>contra</span> <span class='ocrx_word' id='word_1_224' title='bbox 1591 3743 1692 3793; x_wconf 77' lang='lat' dir='ltr'>Pa-</span> 
     </span>
     <span class='ocr_line' id='line_1_35' title="bbox 682 3816 1690 3890; baseline -0.001 -20"><span class='ocrx_word' id='word_1_225' title='bbox 682 3819 827 3890; x_wconf 75' lang='lat' dir='ltr'>gium</span> <span class='ocrx_word' id='word_1_226' title='bbox 866 3819 1028 3887; x_wconf 78' lang='lat' dir='ltr'>(crit.</span> <span class='ocrx_word' id='word_1_227' title='bbox 1068 3819 1259 3871; x_wconf 86' lang='lat' dir='ltr'>Baron.</span> <span class='ocrx_word' id='word_1_228' title='bbox 1298 3816 1369 3870; x_wconf 80' lang='lat' dir='ltr'>ad</span> <span class='ocrx_word' id='word_1_229' title='bbox 1406 3837 1529 3872; x_wconf 82' lang='lat' dir='ltr'>ann.</span> <span class='ocrx_word' id='word_1_230' title='bbox 1563 3819 1690 3873; x_wconf 77' lang='lat' dir='ltr'>Chr.</span> 
     </span>
     <span class='ocr_line' id='line_1_36' title="bbox 686 3898 1694 3972; baseline 0.001 -21"><span class='ocrx_word' id='word_1_231' title='bbox 686 3918 717 3970; x_wconf 90' lang='lat'>7</span> <span class='ocrx_word' id='word_1_232' title='bbox 727 3900 777 3971; x_wconf 86' lang='grc' dir='ltr'>ι)</span> <span class='ocrx_word' id='word_1_233' title='bbox 789 3899 949 3951; x_wconf 88' lang='lat' dir='ltr'>docet</span> <span class='ocrx_word' id='word_1_234' title='bbox 962 3900 1189 3952; x_wconf 85' lang='lat' dir='ltr'>Reimar.</span> <span class='ocrx_word' id='word_1_235' title='bbox 1207 3898 1273 3952; x_wconf 84' lang='lat' dir='ltr'>ad</span> <span class='ocrx_word' id='word_1_236' title='bbox 1287 3899 1485 3972; x_wconf 82' lang='lat' dir='ltr'>Xiphil.</span> <span class='ocrx_word' id='word_1_237' title='bbox 1500 3901 1665 3952; x_wconf 77' lang='lat' dir='ltr'><strong>LXVI</strong></span> <span class='ocrx_word' id='word_1_238' title='bbox 1676 3939 1694 3968; x_wconf 89' lang='lat'>,</span> 
     </span>
     <span class='ocr_line' id='line_1_37' title="bbox 692 3978 1437 4051; baseline 0.003 -22"><span class='ocrx_word' id='word_1_239' title='bbox 692 3995 737 4029; x_wconf 83' lang='grc' dir='ltr'>ι.</span> <span class='ocrx_word' id='word_1_240' title='bbox 762 3979 917 4031; x_wconf 80' lang='lat' dir='ltr'>Conf.</span> <span class='ocrx_word' id='word_1_241' title='bbox 942 3978 1163 4051; x_wconf 78' lang='lat' dir='ltr'>Joseph.</span> <span class='ocrx_word' id='word_1_242' title='bbox 1184 3983 1280 4044; x_wconf 84' lang='lat' dir='ltr'>vl,</span> <span class='ocrx_word' id='word_1_243' title='bbox 1306 3980 1368 4044; x_wconf 82' lang='lat'>6,</span> <span class='ocrx_word' id='word_1_244' title='bbox 1396 3997 1437 4031; x_wconf 86' lang='lat'>1.</span> 
     </span>
    </p>

    <p class='ocr_par' dir='ltr' id='par_1_6' title="bbox 684 4055 1690 4207">
     <span class='ocr_line' id='line_1_38' title="bbox 764 4055 1690 4130; baseline 0.001 -21"><span class='ocrx_word' id='word_1_245' title='bbox 764 4073 845 4110; x_wconf 86' lang='grc' dir='ltr'>ιο.</span> <span class='ocrx_word' id='word_1_246' title='bbox 886 4057 1015 4129; x_wconf 77' lang='lat' dir='ltr'>Api.</span> <span class='ocrx_word' id='word_1_247' title='bbox 1058 4058 1141 4110; x_wconf 81' lang='grc' dir='ltr'>ΔΙ.</span> <span class='ocrx_word' id='word_1_248' title='bbox 1181 4057 1365 4128; x_wconf 77' lang='lat' dir='ltr'>Apide.</span> <span class='ocrx_word' id='word_1_249' title='bbox 1402 4055 1506 4109; x_wconf 85' lang='lat' dir='ltr'>Sed</span> <span class='ocrx_word' id='word_1_250' title='bbox 1545 4057 1690 4130; x_wconf 75' lang='lat' dir='ltr'>Apin</span> 
     </span>
     <span class='ocr_line' id='line_1_39' title="bbox 684 4135 1434 4207; baseline -0.001 -19"><span class='ocrx_word' id='word_1_251' title='bbox 684 4137 882 4189; x_wconf 80' lang='lat' dir='ltr'>Noster</span> <span class='ocrx_word' id='word_1_252' title='bbox 908 4139 1067 4188; x_wconf 85' lang='lat' dir='ltr'>etiam</span> <span class='ocrx_word' id='word_1_253' title='bbox 1093 4137 1317 4207; x_wconf 73' lang='lat' dir='ltr'>August.</span> <span class='ocrx_word' id='word_1_254' title='bbox 1346 4135 1434 4206; x_wconf 86' lang='lat'>93.</span> 
     </span>
    </p>

    <p class='ocr_par' dir='ltr' id='par_1_7' title="bbox 764 4213 1691 4274">
     <span class='ocr_line' id='line_1_40' title="bbox 764 4213 1691 4274; baseline -0.001 -5"><span class='ocrx_word' id='word_1_255' title='bbox 764 4233 785 4269; x_wconf 84' lang='grc' dir='ltr'>ι</span> <span class='ocrx_word' id='word_1_256' title='bbox 802 4233 843 4268; x_wconf 80' lang='grc' dir='ltr'>ι.</span> <span class='ocrx_word' id='word_1_257' title='bbox 878 4215 1031 4272; x_wconf 81' lang='lat' dir='ltr'>Vem‘.</span> <span class='ocrx_word' id='word_1_258' title='bbox 1050 4217 1281 4270; x_wconf 71' lang='lat' dir='ltr'>Graevius</span> <span class='ocrx_word' id='word_1_259' title='bbox 1304 4214 1562 4270; x_wconf 81' lang='lat' dir='ltr'>suadebat</span> <span class='ocrx_word' id='word_1_260' title='bbox 1589 4213 1691 4274; x_wconf 80' lang='lat' dir='ltr'>Ve-</span> 
     </span>
    </p>
   </div>
   <div class='ocr_carea' id='block_1_4' title="bbox 1777 2705 2794 4288">
    <p class='ocr_par' dir='ltr' id='par_1_8' title="bbox 1777 2705 2791 3077">
     <span class='ocr_line' id='line_1_41' title="bbox 1777 2705 2788 2780; baseline -0.001 -21"><span class='ocrx_word' id='word_1_261' title='bbox 1777 2709 1866 2760; x_wconf 79' lang='lat' dir='ltr'>nio</span> <span class='ocrx_word' id='word_1_262' title='bbox 1879 2745 1898 2775; x_wconf 86' lang='lat'>,</span> <span class='ocrx_word' id='word_1_263' title='bbox 1923 2705 2074 2780; x_wconf 86' lang='lat' dir='ltr'>quod</span> <span class='ocrx_word' id='word_1_264' title='bbox 2091 2725 2202 2760; x_wconf 88' lang='lat' dir='ltr'>non</span> <span class='ocrx_word' id='word_1_265' title='bbox 2221 2705 2460 2761; x_wconf 84' lang='lat' dir='ltr'>merebat</span> <span class='ocrx_word' id='word_1_266' title='bbox 2479 2719 2664 2758; x_wconf 85' lang='lat' dir='ltr'>notam</span> <span class='ocrx_word' id='word_1_267' title='bbox 2679 2725 2788 2758; x_wconf 78' lang='lat' dir='ltr'>ma·</span> 
     </span>
     <span class='ocr_line' id='line_1_42' title="bbox 1779 2785 2786 2857; baseline -0.001 -18"><span class='ocrx_word' id='word_1_268' title='bbox 1779 2787 1828 2839; x_wconf 83' lang='lat' dir='ltr'>Ie</span> <span class='ocrx_word' id='word_1_269' title='bbox 1873 2787 1942 2840; x_wconf 86' lang='lat' dir='ltr'>ab</span> <span class='ocrx_word' id='word_1_270' title='bbox 1983 2790 2226 2844; x_wconf 76' lang='lat' dir='ltr'>Ernestio</span> <span class='ocrx_word' id='word_1_271' title='bbox 2273 2801 2328 2839; x_wconf 88' lang='lat' dir='ltr'>et</span> <span class='ocrx_word' id='word_1_272' title='bbox 2366 2785 2786 2857; x_wconf 86' lang='lat' dir='ltr'>Oudendorpio‚</span> 
     </span>
     <span class='ocr_line' id='line_1_43' title="bbox 1779 2863 2788 2939; baseline -0.003 -19"><span class='ocrx_word' id='word_1_273' title='bbox 1779 2885 1942 2939; x_wconf 86' lang='lat' dir='ltr'>quum</span> <span class='ocrx_word' id='word_1_274' title='bbox 1969 2881 2207 2933; x_wconf 85' lang='lat' dir='ltr'>constet,</span> <span class='ocrx_word' id='word_1_275' title='bbox 2239 2868 2451 2920; x_wconf 70' lang='lat' dir='ltr'>Graecos</span> <span class='ocrx_word' id='word_1_276' title='bbox 2481 2868 2642 2918; x_wconf 86' lang='lat' dir='ltr'>etiam</span> <span class='ocrx_word' id='word_1_277' title='bbox 2671 2863 2788 2918; x_wconf 58' lang='lat' dir='ltr'>{aar</span> 
     </span>
     <span class='ocr_line' id='line_1_44' title="bbox 1779 2944 2791 3019; baseline -0.002 -21"><span class='ocrx_word' id='word_1_278' title='bbox 1779 2965 1992 3019; x_wconf 80' lang='lat' dir='ltr'>semper</span> <span class='ocrx_word' id='word_1_279' title='bbox 2027 2947 2204 3000; x_wconf 81' lang='lat' dir='ltr'>dicere</span> <span class='ocrx_word' id='word_1_280' title='bbox 2233 2965 2336 3017; x_wconf 87' lang='lat' dir='ltr'>pro</span> <span class='ocrx_word' id='word_1_281' title='bbox 2368 2944 2546 2997; x_wconf 69' lang='grc' dir='ltr'>ι’λθιῒν.</span> <span class='ocrx_word' id='word_1_282' title='bbox 2577 2945 2699 2998; x_wconf 85' lang='lat' dir='ltr'>Sine</span> <span class='ocrx_word' id='word_1_283' title='bbox 2725 2944 2791 2996; x_wconf 81' lang='lat' dir='ltr'>li-</span> 
     </span>
     <span class='ocr_line' id='line_1_45' title="bbox 1779 3023 2614 3077; baseline -0.002 -1"><span class='ocrx_word' id='word_1_284' title='bbox 1779 3024 1889 3077; x_wconf 86' lang='lat' dir='ltr'>bris</span> <span class='ocrx_word' id='word_1_285' title='bbox 1916 3037 2094 3077; x_wconf 81' lang='lat' dir='ltr'>tamen</span> <span class='ocrx_word' id='word_1_286' title='bbox 2118 3023 2252 3076; x_wconf 87' lang='lat' dir='ltr'>nihil</span> <span class='ocrx_word' id='word_1_287' title='bbox 2279 3023 2614 3075; x_wconf 82' lang='lat' dir='ltr'>mutandum.</span> 
     </span>
    </p>

    <p class='ocr_par' dir='ltr' id='par_1_9' title="bbox 1779 3100 2794 3968">
     <span class='ocr_line' id='line_1_46' title="bbox 1851 3100 2787 3173; baseline 0.001 -22"><span class='ocrx_word' id='word_1_288' title='bbox 1851 3104 2015 3156; x_wconf 85' lang='lat' dir='ltr'>v1.-1.</span> <span class='ocrx_word' id='word_1_289' title='bbox 2057 3100 2439 3173; x_wconf 72' lang='lat' dir='ltr'>Triumphauit</span> <span class='ocrx_word' id='word_1_290' title='bbox 2463 3119 2588 3153; x_wconf 77' lang='lat' dir='ltr'>cum</span> <span class='ocrx_word' id='word_1_291' title='bbox 2615 3109 2787 3172; x_wconf 72' lang='lat' dir='ltr'>patre.</span> 
     </span>
     <span class='ocr_line' id='line_1_47' title="bbox 1779 3180 2792 3252; baseline -0.003 -19"><span class='ocrx_word' id='word_1_292' title='bbox 1779 3181 1916 3234; x_wconf 80' lang='lat' dir='ltr'>Vide</span> <span class='ocrx_word' id='word_1_293' title='bbox 1936 3181 2005 3234; x_wconf 81' lang='lat' dir='ltr'>ad</span> <span class='ocrx_word' id='word_1_294' title='bbox 2021 3185 2244 3252; x_wconf 77' lang='lat' dir='ltr'>vespas.</span> <span class='ocrx_word' id='word_1_295' title='bbox 2267 3198 2391 3251; x_wconf 83' lang='lat' dir='ltr'>cap.</span> <span class='ocrx_word' id='word_1_296' title='bbox 2413 3181 2464 3232; x_wconf 87' lang='lat'>8.</span> <span class='ocrx_word' id='word_1_297' title='bbox 2488 3180 2647 3232; x_wconf 82' lang='lat' dir='ltr'>Oros.</span> <span class='ocrx_word' id='word_1_298' title='bbox 2667 3181 2792 3242; x_wconf 77' lang='lat' dir='ltr'>Vll,</span> 
     </span>
     <span class='ocr_line' id='line_1_48' title="bbox 1779 3259 2791 3332; baseline -0.004 -19"><span class='ocrx_word' id='word_1_299' title='bbox 1779 3271 1853 3332; x_wconf 78' lang='lat'>9²</span> <span class='ocrx_word' id='word_1_300' title='bbox 1897 3283 1920 3306; x_wconf 73' lang='grc' dir='ltr'>οι</span> <span class='ocrx_word' id='word_1_301' title='bbox 1940 3259 2226 3312; x_wconf 84' lang='lat' dir='ltr'>Pulchrum</span> <span class='ocrx_word' id='word_1_302' title='bbox 2261 3271 2314 3310; x_wconf 90' lang='lat' dir='ltr'>et</span> <span class='ocrx_word' id='word_1_303' title='bbox 2348 3262 2592 3329; x_wconf 76' lang='lat' dir='ltr'>ignotum</span> <span class='ocrx_word' id='word_1_304' title='bbox 2631 3271 2791 3310; x_wconf 82' lang='lat' dir='ltr'>antea</span> 
     </span>
     <span class='ocr_line' id='line_1_49' title="bbox 1783 3337 2793 3394; baseline -0.006 0"><span class='ocrx_word' id='word_1_305' title='bbox 1783 3342 1990 3394; x_wconf 82' lang='lat' dir='ltr'>cunctis</span> <span class='ocrx_word' id='word_1_306' title='bbox 2011 3337 2330 3391; x_wconf 84' lang='lat' dir='ltr'>mortalibus</span> <span class='ocrx_word' id='word_1_307' title='bbox 2357 3339 2496 3390; x_wconf 85' lang='lat' dir='ltr'>inter</span> <span class='ocrx_word' id='word_1_308' title='bbox 2521 3350 2793 3390; x_wconf 82' lang='lat' dir='ltr'>trecentos</span> 
     </span>
     <span class='ocr_line' id='line_1_50' title="bbox 1781 3415 2794 3492; baseline -0.004 -20"><span class='ocrx_word' id='word_1_309' title='bbox 1781 3421 1968 3492; x_wconf 73' lang='lat' dir='ltr'>viginti</span> <span class='ocrx_word' id='word_1_310' title='bbox 1991 3417 2318 3490; x_wconf 76' lang='lat' dir='ltr'>triumphos,</span> <span class='ocrx_word' id='word_1_311' title='bbox 2349 3419 2442 3490; x_wconf 85' lang='lat' dir='ltr'>qni</span> <span class='ocrx_word' id='word_1_312' title='bbox 2469 3435 2502 3469; x_wconf 81' lang='lat' dir='ltr'>a</span> <span class='ocrx_word' id='word_1_313' title='bbox 2527 3415 2794 3470; x_wconf 85' lang='lat' dir='ltr'>conditio-</span> 
     </span>
     <span class='ocr_line' id='line_1_51' title="bbox 1779 3495 2794 3570; baseline -0.006 -19"><span class='ocrx_word' id='word_1_314' title='bbox 1779 3517 1850 3551; x_wconf 87' lang='lat' dir='ltr'>ne</span> <span class='ocrx_word' id='word_1_315' title='bbox 1881 3497 2040 3551; x_wconf 86' lang='lat' dir='ltr'>Urbis</span> <span class='ocrx_word' id='word_1_316' title='bbox 2068 3515 2236 3570; x_wconf 83' lang='lat' dir='ltr'>usque</span> <span class='ocrx_word' id='word_1_317' title='bbox 2263 3495 2332 3547; x_wconf 81' lang='lat' dir='ltr'>ad</span> <span class='ocrx_word' id='word_1_318' title='bbox 2359 3495 2416 3548; x_wconf 83' lang='lat' dir='ltr'>id</span> <span class='ocrx_word' id='word_1_319' title='bbox 2446 3507 2659 3568; x_wconf 84' lang='lat' dir='ltr'>tempus</span> <span class='ocrx_word' id='word_1_320' title='bbox 2687 3497 2794 3548; x_wconf 82' lang='lat' dir='ltr'>acti</span> 
     </span>
     <span class='ocr_line' id='line_1_52' title="bbox 1781 3575 2793 3650; baseline -0.004 -18"><span class='ocrx_word' id='word_1_321' title='bbox 1781 3592 1962 3643; x_wconf 82' lang='lat' dir='ltr'>erant,</span> <span class='ocrx_word' id='word_1_322' title='bbox 1997 3578 2106 3630; x_wconf 86' lang='lat' dir='ltr'>hoc</span> <span class='ocrx_word' id='word_1_323' title='bbox 2135 3575 2500 3650; x_wconf 80' lang='lat' dir='ltr'>spectaculum</span> <span class='ocrx_word' id='word_1_324' title='bbox 2530 3576 2667 3643; x_wconf 74' lang='lat' dir='ltr'>fuit,</span> <span class='ocrx_word' id='word_1_325' title='bbox 2699 3594 2793 3646; x_wconf 82' lang='lat' dir='ltr'>pa·</span> 
     </span>
     <span class='ocr_line' id='line_1_53' title="bbox 1781 3654 2793 3727; baseline -0.002 -17"><span class='ocrx_word' id='word_1_326' title='bbox 1781 3669 1913 3710; x_wconf 84' lang='lat' dir='ltr'>trem</span> <span class='ocrx_word' id='word_1_327' title='bbox 1931 3670 1984 3710; x_wconf 85' lang='lat' dir='ltr'>et</span> <span class='ocrx_word' id='word_1_328' title='bbox 1995 3656 2162 3708; x_wconf 80' lang='lat' dir='ltr'>filium</span> <span class='ocrx_word' id='word_1_329' title='bbox 2181 3673 2290 3707; x_wconf 89' lang='lat' dir='ltr'>uno</span> <span class='ocrx_word' id='word_1_330' title='bbox 2307 3654 2619 3727; x_wconf 85' lang='lat' dir='ltr'>triumphali</span> <span class='ocrx_word' id='word_1_331' title='bbox 2633 3673 2793 3708; x_wconf 83' lang='lat' dir='ltr'>curru</span> 
     </span>
     <span class='ocr_line' id='line_1_54' title="bbox 1779 3733 2794 3808; baseline -0.003 -20"><span class='ocrx_word' id='word_1_332' title='bbox 1779 3750 1986 3803; x_wconf 82' lang='lat' dir='ltr'>vectos,</span> <span class='ocrx_word' id='word_1_333' title='bbox 2011 3734 2450 3808; x_wconf 77' lang='lat' dir='ltr'>gloriosissimam</span> <span class='ocrx_word' id='word_1_334' title='bbox 2471 3733 2544 3786; x_wconf 82' lang='lat' dir='ltr'>ab</span> <span class='ocrx_word' id='word_1_335' title='bbox 2567 3734 2680 3801; x_wconf 82' lang='lat' dir='ltr'>his,</span> <span class='ocrx_word' id='word_1_336' title='bbox 2701 3736 2794 3804; x_wconf 85' lang='lat' dir='ltr'>qui</span> 
     </span>
     <span class='ocr_line' id='line_1_55' title="bbox 1781 3813 2794 3888; baseline -0.005 -19"><span class='ocrx_word' id='word_1_337' title='bbox 1781 3831 1986 3888; x_wconf 81' lang='lat' dir='ltr'>patrem</span> <span class='ocrx_word' id='word_1_338' title='bbox 2019 3827 2073 3868; x_wconf 89' lang='lat' dir='ltr'>et</span> <span class='ocrx_word' id='word_1_339' title='bbox 2107 3815 2274 3867; x_wconf 81' lang='lat' dir='ltr'>filium</span> <span class='ocrx_word' id='word_1_340' title='bbox 2303 3813 2680 3880; x_wconf 76' lang='lat' dir='ltr'>offenderant,</span> <span class='ocrx_word' id='word_1_341' title='bbox 2711 3816 2794 3865; x_wconf 81' lang='lat' dir='ltr'>vi-</span> 
     </span>
     <span class='ocr_line' id='line_1_56' title="bbox 1781 3899 2392 3968; baseline -0.008 -19"><span class='ocrx_word' id='word_1_342' title='bbox 1781 3899 2004 3954; x_wconf 79' lang='lat' dir='ltr'>ctoriam</span> <span class='ocrx_word' id='word_1_343' title='bbox 2030 3909 2345 3968; x_wconf 82' lang='lat' dir='ltr'>reportasse.</span> <span class='ocrx_word' id='word_1_344' title='bbox 2367 3919 2392 3944; x_wconf 70' lang='lat' dir='ltr'>n</span> 
     </span>
    </p>

    <p class='ocr_par' dir='ltr' id='par_1_10' title="bbox 1784 3975 2792 4288">
     <span class='ocr_line' id='line_1_57' title="bbox 1855 3975 2790 4049; baseline -0.005 -20"><span class='ocrx_word' id='word_1_345' title='bbox 1855 3994 1905 4028; x_wconf 80' lang='lat'>2.</span> <span class='ocrx_word' id='word_1_346' title='bbox 1947 3979 2328 4049; x_wconf 70' lang='lat' dir='ltr'>censuramque</span> <span class='ocrx_word' id='word_1_347' title='bbox 2359 3977 2518 4049; x_wconf 67' lang='lat' dir='ltr'>gessit</span> <span class='ocrx_word' id='word_1_348' title='bbox 2545 3994 2670 4028; x_wconf 76' lang='lat' dir='ltr'>una.</span> <span class='ocrx_word' id='word_1_349' title='bbox 2707 3975 2790 4027; x_wconf 83' lang='lat' dir='ltr'>cf.</span> 
     </span>
     <span class='ocr_line' id='line_1_58' title="bbox 1785 4054 2789 4127; baseline -0.003 -21"><span class='ocrx_word' id='word_1_350' title='bbox 1785 4057 2008 4127; x_wconf 75' lang='lat' dir='ltr'>vespas.</span> <span class='ocrx_word' id='word_1_351' title='bbox 2051 4055 2102 4108; x_wconf 88' lang='lat'>8.</span> <span class='ocrx_word' id='word_1_352' title='bbox 2143 4054 2274 4107; x_wconf 82' lang='lat' dir='ltr'>Plin.</span> <span class='ocrx_word' id='word_1_353' title='bbox 2313 4057 2370 4106; x_wconf 86' lang='lat' dir='ltr'>in</span> <span class='ocrx_word' id='word_1_354' title='bbox 2400 4056 2614 4108; x_wconf 73' lang='lat' dir='ltr'>Proefat.</span> <span class='ocrx_word' id='word_1_355' title='bbox 2653 4056 2789 4106; x_wconf 77' lang='lat' dir='ltr'>nist.</span> 
     </span>
     <span class='ocr_line' id='line_1_59' title="bbox 1784 4133 2792 4207; baseline -0.001 -21"><span class='ocrx_word' id='word_1_356' title='bbox 1784 4137 1907 4186; x_wconf 82' lang='lat' dir='ltr'>Nat.</span> <span class='ocrx_word' id='word_1_357' title='bbox 1947 4133 2016 4188; x_wconf 84' lang='lat' dir='ltr'>ad</span> <span class='ocrx_word' id='word_1_358' title='bbox 2051 4135 2262 4200; x_wconf 87' lang='lat' dir='ltr'>Titum,</span> <span class='ocrx_word' id='word_1_359' title='bbox 2305 4133 2702 4207; x_wconf 76' lang='lat' dir='ltr'>«Triumphalis</span> <span class='ocrx_word' id='word_1_360' title='bbox 2740 4145 2792 4185; x_wconf 88' lang='lat' dir='ltr'>et</span> 
     </span>
     <span class='ocr_line' id='line_1_60' title="bbox 1785 4211 2787 4288; baseline -0.006 -20"><span class='ocrx_word' id='word_1_361' title='bbox 1785 4215 2070 4270; x_wconf 79' lang='lat' dir='ltr'>Censorius</span> <span class='ocrx_word' id='word_1_362' title='bbox 2085 4228 2170 4282; x_wconf 86' lang='lat' dir='ltr'>tu,</span> <span class='ocrx_word' id='word_1_363' title='bbox 2191 4216 2468 4288; x_wconf 81' lang='lat' dir='ltr'>sexiesque</span> <span class='ocrx_word' id='word_1_364' title='bbox 2481 4211 2706 4280; x_wconf 84' lang='lat' dir='ltr'>Consul,</span> <span class='ocrx_word' id='word_1_365' title='bbox 2725 4230 2787 4264; x_wconf 77' lang='lat' dir='ltr'>ac</span> 
     </span>
    </p>
   </div>
  </div>
 </body>
</html>
