3050 5004
649 480 776 525 100
1395 457 1464 519 C.
1514 452 1981 525 SUETONH

639 586 966 680 grinitatis
981 582 1010 629 ⁸
1047 606 1243 651 reum
1259 633 1277 666 ‚
1315 596 1462 649 orta
1497 584 1677 653 inter
1710 580 2073 651 advocatos
2108 581 2240 653 levi
2274 586 2703 653 contentione
2720 636 2740 669 ,

639 713 1028 791 togatumne
1061 720 1152 763 an
1187 692 1549 788 palliatum
1584 692 1807 765 dicere
1840 718 2117 764 causam
2142 712 2517 789 oporteret,
2550 701 2747 793 quasi

638 810 1024 903 aequitatem
1049 809 1382 898 integram
1404 822 1753 876 ostentans
1772 859 1793 889 ,
1830 822 2091 875 mutare
2124 804 2431 875 habitum
2456 811 2705 901 saepius
2724 860 2745 892 ‚

638 936 706 989 et
738 935 944 1015 prout
963 933 1398 989 accusaretur
1428 916 1991 987 defendereturve
2010 968 2028 1000 ‚
2052 914 2277 1015 jussit.
2313 924 2413 987 De
2444 918 2747 1013 quodam

638 1035 842 1103 etiam
872 1033 1140 1125 negotio
1166 1032 1261 1097 ita
1287 1054 1372 1097 ex
1409 1027 1694 1099 tabella⁹
1730 1032 2214 1123 pronunciasse
2250 1029 2580 1111 creditur,
2614 1035 2745 1101 SE·

637 1146 1016 1212 CUNDUM
1052 1143 1210 1211 EOS
1233 1142 1329 1211 SE
1359 1142 1727 1211 SENTIRE
1748 1192 1766 1221 ,
1795 1143 1953 1227 QUI
1986 1143 2217 1209 VERA
2248 1143 2746 1211 PROPOSUIS-

638 1258 880 1325 SENT.
913 1257 1380 1348 Propter·quae
1417 1275 1637 1347 usque
1670 1275 1751 1321 eo
1784 1249 2049 1336 eviluit,
2087 1269 2167 1321 ut
2190 1255 2445 1345 passim
2480 1276 2561 1320 ac
2586 1277 2749 1347 pro-

637 1365 863 1460 palam
883 1367 1258 1435 contemtui
1272 1381 1468 1435 esset.
1497 1368 1847 1433 Excusans
1872 1362 2213 1461 quidam¹⁰
2238 1358 2511 1449 testem,
2538 1388 2577 1432 e
2598 1388 2751 1459 pro-

636 1479 855 1547 vincia
889 1476 978 1547 ab
1013 1500 1096 1547 eo
1123 1492 1440 1546 vocatum
1460 1526 1478 1558 ,
1515 1478 1789 1569 negavit
1821 1492 2073 1574 praesto
2098 1498 2250 1544 esse
2282 1499 2487 1568 posse
2502 1528 2521 1561 ,
2555 1476 2747 1545 dissi-

637 1587 896 1659 mulata
915 1586 1034 1655 diu
1055 1610 1292 1669 causa3
1318 1611 1400 1654 ac
1417 1603 1576 1680 post
1595 1584 1833 1679 longas
1856 1585 2133 1655 demum
2148 1589 2709 1679 interrogationes
2724 1638 2741 1668 ,

647 1729 676 1761 α
697 1704 1008 1770 Mortuus
1023 1712 1158 1781 est,
1179 1728 1205 1759 κ
1227 1698 1478 1791 inquit:
1507 1727 1535 1757 ιι
1551 1712 1743 1789 puto,
1761 1694 1968 1765 licuit.
1994 1726 2021 1759 ιι
2047 1696 2231 1765 Alius
2250 1698 2497 1789 gratias
2510 1720 2745 1789 agens,
2800 1758 2813 1763 -

638 1810 824 1907 quod
865 1834 1058 1878 reum
1096 1807 1366 1878 defendi
1407 1824 1779 1901 pateretur,
1822 1804 2105 1900 adjecit:
2160 1839 2186 1868 α
2210 1814 2294 1875 Ει
2330 1824 2560 1876 tamen
2600 1807 2751 1876 fieri

498 1888 510 1897 .
541 2003 551 2015 .
638 1920 893 1990 solet¹¹.
917 1951 944 1982 υ
978 1916 1158 1987 Illud
1186 1941 1462 2014 quoque
1489 1942 1533 1985 a
1556 1914 1925 2010 majoribus
1952 1934 2117 1986 natu
2152 1916 2545 2001 audiebam,
2574 1916 2749 1985 adeo

635 2028 1011 2099 causidicos
1029 2030 1350 2122 patientia
1380 2023 1527 2119 ejus
1553 2028 1783 2095 solitos
1806 2026 2025 2111 abuti,
2054 2042 2134 2095 ut
2155 2024 2683 2097 descendentem
2710 2052 2749 2096 e

637 2140 958 2215 tribunali
985 2164 1126 2209 non
1155 2136 1378 2207 solum
1406 2162 1573 2208 voce
1598 2155 2023 2223 revocarent,
2060 2139 2176 2208 sed
2210 2156 2279 2207 et
2308 2136 2551 2209 lacinia
2572 2156 2749 2234 togae

1736 2326 1895 2377 Nunc
1930 2326 2123 2377 incerti
2161 2342 2347 2379 omnes
2382 2326 2584 2394 relicti,
2620 2326 2748 2393 illo,

631 2328 769 2402 poni
790 2328 1214 2401 Apoxyomenon
1223 2324 1641 2402 βαςὶιαυεὴιμ

1736 2408 1849 2460 sine
1875 2404 2043 2459 dubio
2067 2406 2213 2478 quod
2240 2404 2373 2460 nihil
2398 2405 2615 2461 videbat
2630 2444 2647 2476 ,
2677 2408 2747 2461 sd

637 2426 691 2465 et
719 2410 944 2476 xxxv
969 2408 1177 2481 10(36‚
1198 2405 1392 2479 53),
1367 2419 1472 2459 ut
1477 2405 1651 2483 flaqa

638 2502 771 2543 taret
791 2486 1008 2544 tandem
1025 2500 1232 2542 remoto
1255 2483 1424 2540 linteo
1448 2482 1650 2541 ostendi

636 2573 968 2644 picturam.
1393 2607 1404 2618 ,

719 2653 770 2706 8.
828 2646 1224 2724 Pereqrinitatis
1245 2685 1266 2716 ‚
1313 2659 1415 2700 etc.
1472 2647 1649 2700 Homo

635 2732 850 2784 Graecus
869 2727 1154 2802 (palliatus
1172 2728 1312 2780 enim
1332 2744 1553 2780 causam
1569 2724 1652 2778 di*

637 2830 758 2864 cere
779 2814 962 2882 jussus
991 2807 1060 2860 ab
1083 2806 1248 2858 altera
1274 2804 1456 2877 parte)
1481 2805 1649 2860 civem

637 2889 938 2942 Romanum
962 2903 1020 2938 se
1039 2883 1250 2937 tulerat.
1275 2885 1470 2936 Actum
1489 2883 1650 2953 igitur

637 2969 694 3020 in
718 2965 946 3038 judicio,
967 2976 1028 3018 ut
1048 2963 1103 3014 in
1121 2961 1548 3035 peoeqvinitatem
1571 2979 1648 3014 re·

637 3039 926 3122 digeretur,
949 3054 1010 3098 ut
1031 3061 1150 3114 cap.
1175 3051 1450 3113 sequente.
1473 3041 1649 3094 Frivo-

639 3125 754 3178 lum
785 3137 966 3178 autem
1000 3132 1147 3187 erat,
1185 3118 1331 3192 quod
1366 3119 1649 3190 Princeps,

636 3207 850 3278 utrique
867 3201 1128 3256 advocato
1140 3199 1511 3265 obsecuturus,
1524 3217 1649 3252 uon·

637 3283 768 3338 dum
782 3283 892 3336 lata
905 3281 1164 3336 sententia
1175 3279 1364 3349 ‚modo
1381 3289 1645 3352 togatum,

636 3364 802 3420 modo
821 3360 1114 3434 palliatum
1133 3361 1419 3414 consistere
1438 3362 1495 3412 in
1507 3358 1647 3430 judi-

637 3449 722 3500 cio
751 3463 900 3498 reum
921 3444 1097 3512 jussit.
1128 3443 1204 3496 Et
1231 3454 1352 3495 ante
1373 3453 1532 3513 prout
1558 3439 1648 3494 de-

634 3523 854 3580 lendum
883 3533 1038 3596 puto

707 3623 759 3678 9.
797 3604 884 3660 Ex
911 3598 1144 3662 tabella,-
1167 3597 1220 3651 h.
1246 3617 1292 3651 e.
1319 3595 1387 3652 de
1411 3598 1611 3668 scripto
1628 3636 1647 3666 ‚

633 3697 890 3756 tanquam
917 3695 1132 3752 gravem
1163 3677 1482 3744 sententiam
1514 3693 1646 3746 pro·

627 3760 858 3818 laturus.
903 3757 1005 3812 sed
1036 3768 1194 3810 natus
1229 3739 1484 3806 ridiculus
1509 3771 1644 3808 mus.

633 3841 806 3894 Nam
789 3857 846 3890 m
867 3857 931 3890 eo
948 3832 1281 3889 ostendenda
1298 3846 1411 3886 erat
1425 3831 1645 3886 Caesaris

633 3917 1006 3990 cognoscentis
1031 3914 1328 3986 sagacitas..
1355 3909 1502 3984 quod
1530 3913 1645 3964 sine

633 3997 746 4050 ulla
759 3993 1072 4050 difficultate
1091 4010 1212 4046 vera
1232 3987 1432 4064 asabis
1449 3987 1644 4044 discer-

629 4089 820 4145 neret,
854 4089 1015 4148 atque
1043 4073 1112 4127 de
1143 4071 1246 4126 hoc
1271 4069 1519 4142 judicio,
1554 4071 1644 4142 qui

527 4215 530 4218 ,
626 4156 854 4210 aderant
870 4192 889 4226 ,
920 4156 1174 4210 certiores
1211 4150 1390 4206 statim
1424 4149 1640 4206 faceret.

1735 2505 1951 2541 sensum
1966 2505 2120 2542 suum
2142 2502 2499 2582 provocante,
2516 2502 2575 2542 ut
2594 2488 2749 2542 multi

1737 2569 1795 2622 in
1809 2565 1971 2620 rebus
1987 2569 2183 2622 criticis
2194 2553 2347 2640 ‚qui‚
2358 2587 2474 2642 qum
2490 2572 2749 2641 sentiant,

1738 2659 1986 2718 crepant,
2004 2647 2243 2700 rationes
2260 2665 2371 2698 non
2388 2645 2611 2702 addunt.

1816 2741 1896 2778 ιο.
1942 2727 2185 2795 Quidam.
2208 2727 2395 2799 Inepte
2416 2727 2484 2780 al.
2505 2728 2749 2799 quidem,

1740 2808 1831 2877 qui
1847 2843 1863 2870 ‚
1898 2805 1966 2859 ad
1998 2805 2285 2859 Claudium
2315 2807 2607 2862 referentes
2632 2811 2750 2862 Ex·

1736 2901 1951 2950 cusam,
1980 2877 2166 2938 locum
2197 2904 2311 2938 non
2350 2885 2746 2940 intellexerunt.

1736 2963 1817 3019 De
1850 2981 2026 3016 causae
2058 2976 2291 3034 patrono
2314 2983 2491 3019 sermo
2515 2980 2626 3034 est,
2655 2969 2751 3038 qui

1735 3041 2018 3113 propalam
2027 3043 2355 3114 judicantem
2365 3044 2649 3102 (nandium
2660 3047 2751 3102 de-

1736 3123 1869 3175 risui
1888 3120 2103 3194 objecit.
2125 3125 2315 3178 Postea
2330 3143 2441 3178 non
2460 3127 2637 3180 minus
2652 3125 2753 3180 ab·

1737 3199 1898 3259 surda
1916 3200 2077 3256 lectio
2100 3201 2361 3270 Puteolis,
2384 3221 2485 3278 pro
2504 3217 2662 3280 puto,
2689 3205 2752 3258 li-

1736 3282 1875 3348 cuit,
1908 3299 2026 3354 quo
2050 3295 2228 3336 tamen
2250 3283 2565 3340 defensores
2586 3299 2749 3340 nacta

1736 3373 1818 3414 est
1836 3363 1975 3414 viros
1994 3359 2349 3420 doctissimos.
2371 3367 2510 3418 Puto
2521 3405 2539 3433 ,
2564 3365 2746 3434 licuit,

1736 3451 1849 3506 est,
1882 3440 2187 3512 «accipies,
2216 3457 2351 3515 puto
2368 3473 2385 3508 ‚
2418 3444 2559 3500 hanc
2582 3463 2749 3498 excu-

1737 3520 1999 3573 sationem
2038 3531 2101 3572 ιιι
2142 3521 2269 3574 satis
2304 3521 2535 3576 validam
2554 3557 2573 3588 ,
2593 3545 2619 3570 ι
2666 3522 2750 3594 (tl

1737 3594 2002 3670 n’estpas,
2015 3600 2080 3670 je
2108 3601 2267 3666 crois,
2300 3601 2749 3674 ιοιιι-«ὶςίαἱιώιιι

1736 3693 1829 3729 son
1858 3676 2011 3748 tort).

1811 3769 1897 3809 ιι
1930 3755 2005 3807 Ει
2039 3765 2217 3812 umen
2234 3755 2366 3830 fieri
2395 3759 2543 3817 solet,
2580 3759 2748 3831 Quod

1735 3830 1943 3904 legibus
1980 3833 2329 3908 moribusque
2366 3849 2447 3892 est
2482 3842 2747 3896 constitu·-

1735 3923 1885 3981 ιιιιιι,
1922 3911 1978 3966 id
1999 3933 2101 3985 pro
2126 3932 2382 3972 concesso
2406 3937 2517 3974 non
2538 3918 2747 3974 haben-

1733 3991 1895 4062 dum,
1924 3994 2072 4068 quod
2096 3999 2387 4066 gratiarum
2413 4002 2627 4056 actione
2653 4019 2745 4070 ce·

1732 4071 2017 4128 lehi-emus.
2036 4075 2191 4132 Risus
2210 4077 2369 4148 igitur
2382 4091 2437 4134 st
2450 4079 2745 4134 ludibrium

1733 4149 1894 4221 hujus
1916 4154 2075 4208 etiam
2100 4157 2331 4228 patroni.
