3050 5004
699 514 828 609 572
1115 520 1308 585 PRO

763 642 1036 695 Pmten’re
1071 641 1388 695 licitatorem
1403 677 1422 709 ,
1465 644 1577 697 cat.
1620 646 1709 700 38.

765 720 1150 775 Pater-vehens
1165 722 1432 789 Judaeum,
1453 725 1593 798 Aug.
1620 726 1708 795 93.

2204 526 2392 593 PRO

1861 646 2156 703 prometur
2168 652 2379 722 generis
2394 654 2499 721 sui,
2522 654 2709 710 claud.
2728 658 2809 724 24.

1859 729 2093 783 Probare
2110 754 2130 793 ;
2182 732 2453 804 probabat
2505 737 2747 792 militem·
2780 758 2809 791 a

694 827 764 839 -—
803 800 1207 873 preter-vehenti
1247 801 1541 871 subsellia,
1587 806 1707 858 Goes.
1788 808 2022 875 viribus,
2054 814 2175 864 (ἔως.
2202 812 2293 866 65.

695 880 791 950 78,
819 880 918 951 37;
944 883 1079 957 Any.
1107 883 1208 953 983
1237 884 1363 937 Ner.
1389 882 1477 950 34.

1862 888 2179 943 Pmbatione
2213 893 2340 945 satis
2373 907 2519 947 certa
2558 872 2769 951 tradere
2790 935 2809 963 ,

765 963 1020 1015 Praetexta
1048 962 1183 1034 (pro
1206 964 1410 1017 Fabula
1433 978 1710 1039 praetexta·
1791 966 1929 1041 Aug.
1956 984 2007 1038 7.

693 1038 814 1111 ta),
843 1040 951 1095 Vit.
974 1042 1112 1097 Pers.

764 1120 1082 1173 Pru-textum
1127 1121 1360 1175 civilium
1403 1142 1673 1179 armorum
1690 1164 1709 1194 ,

693 1202 818 1253 Goes.
841 1199 912 1252 30
931 1201 1154 1272 (neutro
1178 1204 1350 1277 gem).
1377 1236 1446 1244 —
1469 1205 1541 1259 ad
1576 1226 1707 1278 pre-

691 1282 910 1331 textum'
933 1293 1145 1334 mutate
1187 1282 1478 1338 voluntatis
1517 1302 1707 1338 cauna-

695 1370 815 1426 tus,
838 1358 976 1433 Aug.
1010 1378 1092 1415 12.

760 1439 1013 1491 Praetoria
1037 1442 1226 1513 stirps,
1252 1444 1372 1496 Coes.
1403 1462 1487 1515 29.

759 1516 1094 1571 Proetorianoe
1123 1519 1411 1589 cohortes,
1454 1524 1569 1575 Tib.
1604 1524 1705 1595 373

693 1596 800 1649 Vit.
831 1613 924 1659 10;
952 1598 1080 1651 Ner.
1114 1618 1209 1663 1ος
1242 1602 1354 1655 Tib.
1385 1602 1470 1656 25.

757 1676 1068 1731 Proeton‘um
1098 1716 1116 1745 ,
1167 1684 1255 1733 cui
1292 1682 1567 1754 Spelunca
1605 1704 1707 1737 no-

687 1774 844 1824 men,
879 1752 992 1811 Tib,
1024 1762 1112 1829 39.
1145 1790 1216 1800 -
1247 1764 1494 1834 praetoria
1528 1764 1705 1835 ampla

687 1849 742 1889 et
773 1858 1028 1911 operosa,
1065 1842 1206 1916 Aug.
1238 1861 1325 1913 7²·
1353 1874 1427 1885 -
1456 1850 1705 1917 pretoria

688 1930 850 1989 atque
874 1919 1042 1987 villae,
1071 1922 1182 1974 cal.
1209 1923 1296 1993 37.

755 1998 1130 2069 praetrepidus,
1169 2002 1280 2055 Tib.
1313 2004 1416 2068 633
1449 2004 1579 2058 Ner.
1615 2006 1702 2074 41.

755 2077 1010 2131 Prasinus
1033 2080 1287 2151 agitator,
1311 2084 1437 2136 Ner.
1466 2102 1550 2139 22.

759 2156 1002 2209 Premen-
1025 2176 1278 2227 uxorem,
1308 2162 1420 2216 Cal.
1445 2165 1530 2217 25.

758 2237 1144 2312 Prt‘mt'pilaris,
1178 2242 1297 2294 Tib.
1329 2244 1431 2315 373
1466 2245 1577 2299 Cal.
1616 2263 1700 2300 21.

755 2320 1094 2393 Principatus
1151 2326 1383 2396 speciem
1441 2330 1496 2381 in
1557 2331 1703 2401 regni

684 2399 911 2451 formam
955 2410 1261 2456 convertere
1283 2444 1299 2469 ,
1343 2404 1456 2459 cal.
1507 2424 1592 2461 22.
1632 2440 1703 2449 -

683 2480 1052 2553 principatum
1076 2485 1218 2556 agit,
1250 2484 1361 2537 Tib.
1389 2486 1474 2554 24.

755 2563 1030 2635 Principia
1055 2563 1370 2639 (castror.);
1408 2583 1531 2623 ante
1554 2572 1700 2642 priu-

682 2641 828 2712 cipia
846 2680 864 2709 ,
893 2641 1015 2695 0111.
1051 2659 1070 2694 1
1091 2681 1108 2709 ,
1139 2645 1191 2698 6.

753 2722 998 2775 Privatus
1015 2745 1036 2784 ,-
1083 2724 1268 2796 paullo
1315 2729 1492 2780 minus
1542 2747 1702 2800 quam

681 2801 946 2870 privatum
971 2805 1103 2873 egit,
1124 2803 1236 2857 Tib.
1257 2805 1701 2877 afim-privatum

687 2899 884 2932 nomen
902 2921 919 2946 ,
953 2883 1108 2956 Vesp,
1133 2884 1214 2938 15.

753 2957 1106 3034 Privilegium
1149 2963 1483 3017 sacerdotum
1516 2967 1701 3020 Atticae

681 3039 919 3102 Cereris,
959 3040 1094 3112 Aug.
1131 3044 1219 3110 93.
1250 3044 1661 3098 -athletarum
1680 3085 1697 3114 ,

681 3114 768 3183 45.
802 3143 875 3156 -
910 3117 1242 3190 privilegium
1281 3126 1523 3195 eripere,
1576 3129 1696 3181 Coes.

685 3195 770 3248 28.

751 3277 859 3328 Pro
890 3275 1082 3346 modo,
1121 3281 1242 3333 (ἕως.
1271 3283 1359 3354 67.
1383 3313 1454 3323 —
1472 3303 1573 3356 pro
1608 3305 1699 3338 co-

681 3351 860 3424 n'iitio,
881 3358 1018 3434 Any.
1046 3361 1132 3428 43.
1149 3383 1332 3435 -pro
1351 3367 1460 3419 vita
1482 3387 1698 3440 rogare,

687 3439 769 3489 13.
790 3467 860 3476 --
880 3457 980 3508 pro
1000 3439 1247 3510 partibus
1269 3447 1582 3516 conjurare,
1614 3467 1694 3520 17.

627 3577 634 3582 .
678 3547 750 3558 --
799 3537 900 3589 pro
947 3521 1174 3573 maximo
1223 3541 1440 3578 munere
1495 3530 1649 3597 petiit
1678 3565 1695 3594 ,

679 3597 792 3654 Vit.
832 3615 880 3649 2.
920 3629 993 3638 —-
1032 3617 1130 3670 pro
1163 3599 1567 3673 despectissimo
1596 3607 1697 3658 ha-

678 3681 826 3746 buit,
852 3679 1035 3734 Claud.
1056 3683 1108 3734 3.
1133 3713 1202 3722 -—
1225 3702 1326 3755 pro
1353 3691 1697 3758 contemptis·

679 3762 813 3812 simo
839 3779 894 3812 se
917 3761 1160 3814 habitum
1187 3765 1443 3830 fremens,
1468 3766 1583 3818 Tib.
1607 3769 1692 3836 73.

679 3868 748 3878 --
767 3851 826 3890 ut
849 3837 1140 3910 relegatum
1163 3861 1261 3914 pro
1287 3842 1456 3895 libero
1491 3863 1607 3898 csse
1631 3849 1696 3898 si-

679 3931 861 3986 neret,
879 3919 1019 3993 Auy.
1045 3921 1129 3988 24.
1150 3949 1221 3959 -
1237 3939 1335 3992 pro
1356 3921 1693 3994 deprehenso

630 4015 639 4022 ·
680 3998 748 4051 ad
777 4017 994 4070 poenam
1027 4016 1209 4073 raptus
1239 4016 1348 4068 est,
1388 4003 1575 4059 Claud.
1607 4005 1693 4076 37.

679 4106 752 4120 -—
772 4097 868 4149 pro
897 4076 1142 4149 Apolline
1165 4093 1387 4133 ornatus
1421 4095 1531 4150 est,
1555 4084 1692 4159 Auq.

681 4175 767 4228 70.
784 4189 854 4198 --
869 4158 999 4211 nihil
1024 4180 1123 4232 pro
1147 4174 1301 4232 patre
1320 4162 1547 4215 familias
1568 4167 1693 4236 egit,
1723 4231 1725 4238 Ι

684 4239 794 4294 Tib.
827 4258 873 4294 1.
897 4271 969 4282 --
986 4259 1085 4313 pro
1115 4241 1262 4296 bono
1286 4246 1471 4312 cessit,
1501 4246 1607 4299 Tit.
1643 4263 1690 4316 7.

1860 1049 2045 1101 Probri
2090 1049 2287 1121 plenus
2323 1054 2571 1123 juvenis,
2624 1058 2807 1110 Claud.

1796 1125 1875 1178 16.
1906 1156 1979 1167 -
2008 1129 2221 1199 probriu
2260 1132 2515 1187 omnibus
2556 1139 2813 1189 contami·

1788 1220 1977 1274 uatus,
2003 1210 2061 1263 V
2052 1212 2114 1263 it.
2139 1210 2193 1278 4.

1856 1290 2119 1344 Ρωὸνοεω
2164 1294 2404 1361 feminae,
2446 1296 2610 1349 Dum.
2652 1298 2705 1350 8.
2738 1330 2809 1340 —

1786 1367 2044 1441 probrosa
2070 1384 2292 1437 natura,
2320 1373 2434 1426 cal.
2468 1390 2491 1425 1
2508 1392 2551 1425 1.

1858 1448 2161 1503 processum
2189 1453 2243 1503 in
2276 1453 2473 1506 Groecis
2506 1452 2674 1508 literis
2706 1456 2804 1509 ha-

1783 1526 1946 1595 bere,
1978 1530 2216 1582 Gramm.
2254 1547 2333 1588 10.

1855 1607 2260 1663 Proconsulatus
2284 1610 2307 1681 (
2322 1610 2393 1665 dc
2408 1615 2802 1689 Proprium-e),

1836 1707 2169 1821 Ἕωσιιὶεαεα
2228 1769 2547 1845 desertaque
2612 1794 2802 1849 respu-

1784 1845 1950 1914 blica,
1979 1848 2033 1903 V
2027 1868 2129 1921 esp.
2153 1848 2203 1903 5.

1854 1927 2223 1996 Procumbens,
2253 1931 2364 1983 Vit.
2392 1950 2441 1985 2.

1854 2006 2139 2060 Procurare
2161 2009 2374 2081 fulgur,
2402 2011 2557 2065 Gall».
2580 2013 2636 2081 4.

1855 2086 2163 2143 procuratio
2194 2088 2353 2141 Urbis
2382 2095 2647 2161 permissa
2672 2096 2799 2147 ami-

1782 2167 1889 2231 cis,
1937 2167 2056 2219 Coes.
2092 2184 2179 2237 79.
2218 2179 2291 2207 —-'
2326 2171 2384 2221 in
2416 2175 2797 2242 procuratione

1780 2248 1991 2319 AEgypti
2006 2285 2023 2313 ,
2048 2247 2173 2300 Ner.
2198 2249 2285 2303 35.

1853 2326 2173 2381 Procurator
2190 2348 2366 2382 rerum
2398 2332 2657 2404 Augusti,
2690 2336 2791 2391 Υἱὲ.

1784 2424 1831 2459 2.
1852 2436 1927 2447 —-
1944 2408 2224 2461 Domitillae
2239 2448 2255 2476 ,
2282 2412 2443 2465 Dom.
2476 2432 2558 2485 17.
2580 2446 2661 2455 —-
2679 2436 2795 2489 pro-

1780 2501 2057 2541 curatores
2074 2488 2257 2542 Gallia,-
2271 2530 2289 2558 ,
2317 2491 2472 2546 calb.
2507 2512 2525 2546 1
2540 2515 2589 2548 2.
2610 2527 2684 2536 -
2700 2496 2795 2550 du-

1780 2569 2007 2632 cenarii,
2038 2567 2222 2622 Claud.
2261 2571 2345 2638 24.
2378 2603 2451 2612 -—
2479 2591 2794 2643 procurato·

1779 2663 1862 2698 res
1910 2645 2158 2715 Caesaris,
2194 2648 2304 2702 cat.
2338 2649 2439 2721 47;
2475 2649 2664 2706 aaud-
2700 2673 2789 2718 12;

1783 2723 1933 2796 Vesp.
1971 2727 2050 2778 16.

1850 2807 2094 2860 Proditus
2116 2811 2255 2861 inter
2273 2809 2550 2879 divisores,
2577 2813 2711 2887 Auq.
2732 2815 2785 2867 3.

1848 2883 2139 2938 Producam
2152 2909 2173 2950 ,·
2199 2889 2255 2941 in
2280 2891 2492 2942 Circo...
2518 2893 2783 2963 produxit,

1777 2962 1914 3036 Auq.
1944 2963 2031 3030 43.
2064 2994 2137 3004 -
2167 2985 2267 3037 per
2294 2968 2512 3022 eosdem
2540 2972 2787 3024 articulos

1778 3053 1831 3092 et
1856 3041 2053 3110 gradus
2078 3043 2491 3115 producendus,
2530 3068 2630 3120 per
2661 3069 2787 3123 quos

1778 3121 1967 3188 stater,
1992 3122 2093 3189 sit,
2120 3122 2303 3174 Claud.
2330 3125 2383 3191 4.
2410 3157 2484 3166 -
2508 3126 2785 3182 histriones

1776 3199 2079 3272 producere
2103 3237 2121 3266 ,
2175 3201 2357 3256 Claud.
2418 3221 2505 3258 21.
2546 3239 2623 3247 -
2658 3228 2785 3281 quos

1777 3279 1970 3348 singuli
1997 3279 2155 3332 binos
2174 3282 2543 3353 produxerant
2570 3287 2676 3359 (ad
2702 3307 2784 3342 so-

1775 3361 2017 3411 cietatem
2044 3360 2443 3436 adduxerant),
2482 3367 2604 3420 oth.
2632 3369 2683 3422 5.
2718 3401 2785 3410 -

1773 3440 2071 3512 productus
2117 3462 2218 3515 pro
2264 3449 2450 3499 rostris
2466 3487 2483 3514 ‚
2533 3449 2660 3503 Coes.
2704 3467 2780 3503 2ο.

1772 3552 1845 3561 -
1866 3523 2135 3594 producto
2162 3529 2339 3596 spatio
2370 3527 2545 3595 Circi,
2578 3532 2667 3602 39.

1844 3603 2091 3676 Profem
2120 3619 2321 3673 artem,
2361 3609 2485 3662 Ner.
2547 3611 2614 3664 25
2653 3611 2781 3684 (pu-

1772 3680 1973 3734 blicare
1986 3681 2027 3751 ).
2048 3711 2118 3722 -
2138 3685 2439 3754 periculum
2454 3726 2470 3754 ‚
2496 3686 2647 3759 quod
2674 3706 2778 3740 nou

1774 3761 1911 3812 ultra
1954 3761 2077 3814 Idus
2119 3765 2454 3834 proferretur
2474 3765 2778 3840 (duraret),
2798 3789 2802 3794 ’

1778 3841 1900 3893 Coes.
1929 3842 1959 3893 8
1972 3858 2015 3893 1.

1843 3916 2093 3990 Profiten'
2126 3939 2185 3974 se
2220 3923 2565 3976 candidatum
2597 3923 2778 3978 131111911-

1770 3998 1942 4064 latus,
1968 4001 2109 4074 Auq.
2140 4001 2191 4068 4.
2224 4031 2290 4044 --
2318 4006 2558 4076 profiteri
2586 4005 2775 4058 lenoci-

1770 4079 1917 4130 nium
1934 4115 1953 4144 ,
1974 4080 2085 4131 Tib.
2106 4079 2192 4133 35.
2209 4083 2608 4136 —medicinam
2620 4123 2641 4152 ‚
2658 4086 2768 4138 Cas.

1772 4157 1856 4226 42.
1878 4186 1951 4196 -
1970 4159 2251 4229 professus
2276 4163 2415 4215 inter
2437 4181 2564 4216 suos
2578 4203 2597 4231 ‚
2618 4164 2705 4232 34.

1843 4238 2111 4311 Professor
2138 4244 2435 4314 sapientie,
2461 4245 2575 4298 Tib.
2604 4248 2680 4314 14.
2702 4275 2769 4286 ·-
