3050 5004
1205 490 1484 579 NERO.
2258 514 2388 581 ²⁰7

301 615 732 710 conjunctos;
758 619 828 683 in
847 615 1097 709 quibus
1119 614 1368 683 Aulum
1391 612 1755 681 Plautium·
1770 624 1787 651 ¹
1806 612 2161 706 juvenem:
2190 640 2395 711 quem
2488 614 2499 627 ⁸

295 755 506 825 quum
533 746 692 797 ante
723 745 1014 797 mortem
1042 753 1168 821 per
1193 731 1332 795 vim
1355 744 1893 820 compunxisset,
1944 758 1971 792 α
1992 733 2117 795 Eat
2140 754 2387 812 nunc,»

293 843 546 936 inquit,
583 870 612 901 α
635 852 1062 921 mater-mea,
1103 856 1171 906 et
1203 862 1663 910 successorem
1688 862 1922 907 meum
1954 840 2333 921 osculetur3
2360 872 2385 901 »a

284 953 582 1043 jactanS‚
628 948 950 1019 dilectum
985 950 1072 1017 ab
1105 974 1212 1034 ea,
1249 966 1318 1015 et
1351 948 1438 1016 ad
1479 973 1673 1043 spem
1704 952 1968 1043 imperii
1998 949 2390 1043 impulsum.

289 1067 682 1157 Privignum
728 1061 1004 1130 Rufium
1037 1064 1423 1155 Crispinum
1443 1070 1518 1143 ²²,
1560 1066 1853 1154 Poppaea
1884 1077 2155 1145 natum,
2178 1064 2393 1155 impu·
2467 1132 2473 1139 ,

289 1176 522 1245 herem
548 1175 808 1259 adhuc,
843 1177 1002 1270 quia
1030 1174 1374 1242 ferebatur
1403 1172 1691 1243 ducatus
1721 1190 1789 1241 et
1816 1176 2099 1268 imperia
2124 1172 2391 1257 ludere,

289 1285 738 1380 mergendum
763 1288 971 1370 mari,
998 1285 1164 1353 dum
1192 1289 1598 1377 piscaretur,
1628 1288 1838 1352 servis
1872 1286 2083 1377 ipsius
2116 1282 2394 1351 deman-

288 1398 491 1466 davit.
525 1394 923 1483 Tuscumss„
951 1398 1230 1464 nutricis
1257 1394 1504 1477 filium,
1534 1393 1885 1487 relegavit,
1921 1391 2106 1489 quod
2132 1396 2204 1459 in
2231 1418 2389 1485 pro-

289 1514 638 1579 curatione
669 1512 940 1603 AEgypti
957 1562 974 1591 ,
1003 1508 1287 1577 balineis
1309 1511 1382 1575 in
1409 1506 1779 1575 adventum
1810 1531 2011 1575 suum
2040 1510 2394 1573 exstructis

288 1623 582 1693 lavisset.
639 1626 964 1721 Senecam
993 1620 1044 1672 ¹4
1088 1636 1577 1715 praeceptorem
1611 1618 1699 1687 ad
1740 1642 1979 1687 necem
2024 1617 2349 1709 compulit
2374 1645 2390 1699 ς

289 1736 600 1829 quamvis
643 1756 826 1825 saepe
867 1748 1319 1809 commeatum
1366 1734 1656 1824 petenti,
1710 1730 2043 1825 bonisque
2091 1726 2393 1810 cedenti,

287 1860 644 1936 persancte
660 1839 979 1934 jurasset,
1016 1874 1042 1901 α
1061 1857 1454 1935 suspectum
1479 1865 1551 1907 se
1576 1841 1825 1909 frustra
1840 1894 1857 1923 ,
1884 1841 2395 1932 periturumque

289 1958 514 2047 potius
527 2007 545 2037 ‚
573 1978 782 2049 quam
799 1957 1187 2022 nociturum
1205 1957 1288 2021 ei.
1319 1985 1345 2015 κ
1375 1958 1591 2021 Burro
1604 1956 1650 1993 ¹⁵
1678 1954 1999 2021 Praefecto
2021 1950 2393 2019 remedium

291 2129 586 2212 recipitque
613 2142 778 2207 Item,
809 2142 898 2192 cui
927 2139 1084 2207 illud,
1113 2154 1172 2192 ut
1201 2139 1302 2191 dif-

291 2220 508 2287 ficilius,
537 2219 916 2280 substitutum,
947 2237 1134 2290 parum
1165 2220 1303 2270 veri-

294 2297 490 2360 simile3
522 2296 606 2350 vel
639 2297 832 2349 suadet
863 2310 1152 2367 utrumqne
1178 2300 1304 2366 jun-

294 2378 414 2426 ctim
442 2374 558 2440 edi,
585 2373 850 2427 Similiter
872 2374 1028 2443 item),
1061 2372 1206 2445 quod
1228 2374 1304 2424 fe·

296 2455 364 2506 cit
381 2456 672 2508 Burmann.
687 2492 706 2522 ,
729 2472 794 2506 ex
813 2472 936 2506 meo
957 2470 1118 2506 sensu
1137 2451 1304 2504 duris-

297 2537 436 2586 sime.
455 2535 694 2588 Gronov.
717 2531 856 2586 filins
877 2533 1108 2603 graviori
1129 2545 1302 2584 muta-

295 2613 464 2680 tione,
497 2635 520 2658 a
537 2611 718 2665 Simili
735 2613 966 2682 pernicie
988 2624 1208 2664 ceteros.
1232 2633 1256 2658 ιο

367 2699 388 2742 ἰ
407 2709 449 2743 1.
489 2691 560 2743 In
577 2691 768 2764 quibus
786 2689 987 2742 Aulum
1006 2688 1298 2743 Plautium.

295 2771 524 2823 Maxima
543 2788 728 2842 pugna
747 2784 826 2822 cst
843 2773 982 2823 inter
991 2773 1300 2843 interpretes

295 2851 462 2902 Taciti
493 2863 547 2903 et
573 2851 842 2917 Suetonii,
869 2849 1082 2902 idemne
1113 2849 1202 2903 hic
1233 2853 1302 2904 sit

295 2927 562 2980 Rubellius
585 2927 837 2995 Plautus,
865 2931 1018 2999 cujus
1046 2930 1297 3000 conjugio

293 3008 574 3078 imperium
595 3007 850 3058 affectare
865 3007 1158 3078 Agrippina
1171 3009 1300 3060 fero-

293 3083 475 3151 bntur,
501 3097 690 3156 postea
717 3087 776 3138 in
803 3087 928 3138 Asia
939 3087 1094 3155 jussu
1123 3088 1298 3138 Nero-

293 3165 372 3216 nis
391 3163 706 3216 interfectus
723 3202 740 3230 ,
759 3162 828 3215 de
853 3181 960 3236 quo
984 3163 1108 3216 vide
1126 3164 1295 3216 Tacit.

292 3245 482 3296 Annei.
505 3243 658 3310 xm,
689 3261 772 3314 19,
801 3257 856 3297 et
883 3245 1021 3311 xlv,
1053 3263 1116 3296 22
1153 3258 1206 3296 et
1229 3243 1297 3297 58

293 3341 422 3398 seq„
443 3343 512 3376 an
535 3324 794 3378 diversus.
821 3326 915 3377 His
939 3325 1298 3378 accedendum

294 3406 560 3470 existimo,
603 3406 730 3470 nisi,
775 3423 890 3476 quie
931 3405 1176 3461 Oudend.
1219 3418 1302 3459 est

295 3487 574 3550 sententia,
583 3481 865 3538 Suetonius
879 3497 1166 3556 utrumque
1178 3505 1301 3538 con-

291 3563 444 3616 fudit.
469 3566 749 3618 Reinesius
775 3583 901 3618 eum
931 3565 1046 3617 aliis
1063 3565 1204 3618 illius
1233 3568 1294 3619 Δ.

293 3641 484 3696 Plautii
498 3681 516 3710 .,
537 3645 630 3715 qui
655 3643 754 3696 sub
773 3643 1002 3697 Claudio
1021 3645 1299 3698 Britannos

294 3721 484 3776 devicit
509 3721 664 3796 (vide
693 3721 884 3776 Claud.
913 3739 976 3792 17
1003 3737 1058 3776 et
1085 3723 1210 3794 24),
1235 3725 1300 3775 fi-

295 3799 422 3853 lium
445 3800 503 3853 h.
525 3799 566 3853 I.
588 3801 852 3874 intelligit.
875 3803 1125 3856 Ceterum
1141 3839 1158 3866 ‚
1173 3821 1302 3854 con-

293 3879 432 3931 feras
457 3879 606 3950 Lips.
647 3879 716 3934 ad
741 3879 914 3932 Taciti
943 3879 1094 3932 locos
1125 3882 1219 3931 cit.
1253 3893 1305 3932 et

1471 2156 1550 2191 ια.
1590 2138 1799 2212 Rufinam
1826 2139 2141 2210 Crispinum?
2166 2136 2302 2189 Vide
2332 2137 2398 2189 de

1389 2214 1496 2268 hoc
1511 2220 1729 2269 nomine
1750 2220 1893 2269 varie
1914 2230 2173 2287 corrupto
2191 2218 2396 2269 Ernest.

1391 2298 1460 2349 ad
1483 2299 1653 2349 Tacit.
1678 2295 1874 2349 AnnaI.
1902 2300 2025 2363 XII,
2056 2296 2153 2363 42,
2177 2308 2229 2348 et
2251 2298 2399 2365 xm,

1393 2376 1489 2443 45,
1521 2377 1612 2427 ubi
1643 2375 1711 2428 de
1738 2390 1890 2448 patre
1912 2374 2073 2445 hujus
2100 2388 2175 2427 est
2204 2392 2395 2427 sermo.

1391 2484 1463 2495 —
1474 2456 1711 2508 Ducatns
1724 2468 1775 2508 et
1788 2455 2009 2526 imperia
2024 2453 2201 2505 ludere
2210 2474 2229 2514 ‚·
2245 2452 2398 2505 ducis

1393 2547 1446 2586 et
1469 2537 1801 2605 imperatoris
1820 2535 2035 2586 nomine
2058 2534 2195 2584 inter
2213 2531 2399 2585 Inden-

1392 2612 1520 2664 dum
1545 2633 1575 2664 a
1604 2614 1785 2683 pueris
1810 2609 2081 2684 appellari.

1469 2709 1486 2743 1
1498 2691 1551 2744 3.
1570 2693 1825 2752 Tuscum3
1844 2692 2124 2756 Caecinam,
2140 2691 2245 2756 cui,
2257 2707 2399 2740 amo-

1392 2786 1448 2824 to
1469 2772 1665 2839 Burro,
1693 2771 2058 2842 praetoriarum
2094 2769 2399 2822 cohortium

1391 2867 1575 2902 curam
1587 2849 1881 2902 destinasse
1900 2845 2238 2900 credebatur.
2260 2846 2398 2898 Vide

1389 2931 1559 2981 Tacit.
1581 2929 1771 2980 AnnaI.
1794 2929 1944 2991 XIII,
1972 2943 2067 2993 20,
2089 2939 2139 2978 et
2160 2925 2235 2977 ibi
2252 2925 2395 2997 Lips.

1387 3009 1470 3061 Cf.
1493 3007 1562 3059 de
1582 3028 1639 3060 re
1662 3007 1861 3078 Xiphil.
1882 3007 2070 3074 LXIII,
2099 3007 2179 3058 18.
2204 3005 2399 3076 Super-

1388 3089 1551 3140 fuisse
1579 3107 1701 3140 eum
1726 3089 1962 3156 Neroni,
1988 3105 2051 3139 ex
2069 3087 2239 3138 Tacit.
2262 3087 2396 3138 nist.

1387 3169 1482 3235 III,
1510 3167 1609 3234 38,
1638 3169 1845 3220 monuit
1859 3171 1969 3239 jam
1995 3168 2136 3238 Lips.
2166 3165 2203 3217 l.
2230 3183 2276 3218 c.

1467 3246 1547 3312 14.
1586 3247 1833 3299 Senecam
1848 3283 1867 3311 ,
1910 3259 2013 3298 etc.
2052 3248 2361 3298 Orationem
2378 3282 2395 3311 ,

1387 3345 1493 3398 qua
1506 3327 1651 3378 bona
1666 3345 1763 3378 sua
1777 3327 1981 3378 Neroni
1995 3326 2153 3376 offert
2168 3325 2396 3389 Seneca,

1388 3404 1551 3458 habet
1578 3408 1747 3458 Tacit.
1778 3404 1971 3456 Annal.
2001 3405 2141 3468 XIV,
2171 3404 2257 3456 53.
2288 3401 2397 3454 Ibi-

1389 3483 1508 3536 dem
1523 3523 1543 3550 ,
1570 3499 1903 3536 secessurum
1928 3500 1983 3536 se
2007 3484 2063 3533 in
2088 3481 2275 3532 hortos
2304 3493 2399 3532 aut

1388 3563 1563 3626 villas,
1597 3564 1889 3633 promittit;
1916 3561 2050 3631 (hoc
2082 3575 2159 3613 est
2183 3560 2395 3626 Nostri,

1387 3653 1736 3695 commeatum
1761 3644 1994 3715 petenti,
2037 3642 2283 3712 bonisque
2314 3660 2398 3694 ce-

1389 3724 1534 3775 denti
1560 3745 1574 3772 .·
1616 3722 1763 3774 conf.
1803 3724 1957 3774 etiam
1996 3723 2297 3774 Reimarum
2328 3720 2401 3772 ad

1390 3800 1651 3873 xiphilin.
1687 3801 1861 3866 LXII,
1901 3799 2017 3871 25).
2047 3798 2315 3865 Tandem,
2343 3800 2399 3852 in

1392 3883 1601 3934 Pisonis
1624 3883 1996 3954 conjuratione
2018 3893 2073 3932 et
2097 3882 2207 3950 ipse
2228 3881 2400 3930 nomi-

297 3957 526 4012 Reimar.
565 3957 636 4010 ad
663 3957 864 4029 Xiphil.
902 3959 1026 4026 XII,
1065 3959 1145 4026 14.
1177 3961 1307 4012 Mox
1395 3971 1583 4025 natus,
1604 3962 1741 4012 mori
1755 3965 1935 4028 jussus
1956 3973 2049 4010 est.
2071 3959 2208 4029 Lege
2228 3957 2396 4012 Tacit.

299 4055 418 4090 cnm
436 4039 647 4090 Ernest.
667 4053 722 4090 et
740 4037 988 4092 Oudend.
1007 4057 1071 4091 ex
1091 4040 1304 4110 optimis

299 4117 448 4170 libris
477 4117 744 4171 edidimus
767 4129 1177 4188 comparasset,
1204 4137 1303 4190 pro

301 4209 688 4270 constuprasset.

1395 4039 1583 4090 Annai.
1617 4039 1738 4103 XV,
1762 4039 1863 4102 603
1888 4037 2085 4109 Xiphil.
2108 4037 2143 4090 1.
2170 4057 2217 4088 c.
2242 4040 2397 4090 Periit

1395 4136 1522 4172 ann.
1554 4121 1675 4186 819.

1474 4217 1492 4250 ι
1505 4197 1555 4251 5.
1588 4200 1751 4250 Burro
1766 4237 1783 4263 ,
1803 4212 1901 4250 etc.
1919 4200 2087 4250 Tacit.
2106 4200 2241 4253 Anu.
2260 4201 2397 4266 XIV,
