3050 5004
661 459 793 542 254
1403 453 1476 516 o.
1527 453 1634 518 sn
1651 453 1992 521 EToNn

656 584 1019 653 Victoriam
1042 601 1201 646 cum
1226 593 1487 670 tropaeo
1528 581 1964 671 exprimente.
2013 585 2108 647 Ac
2151 579 2436 651 subinde
2471 581 2748 653 Alexan·

656 695 852 764 drina
898 692 1085 759 navis
1122 685 1511 756 Dertosam⁶
1547 689 1842 782 appulit,
1882 693 2086 758 armis
2119 709 2398 777 onusta,
2447 697 2593 762 sine
2633 721 2746 788 gu·

655 805 1041 885 bernatore,
1068 803 1211 868 sine
1240 815 1445 868 nauta
1475 823 1556 866 ac
1582 815 1852 868 vectore
1877 798 2056 870 ullo:
2081 817 2157 869 ut
2185 805 2435 870 nemini
2457 801 2744 875 dubium

656 932 863 999 esset,
890 913 1151 1008 justum
1183 914 1540 1005 piumque,
1580 927 1646 978 et
1680 911 2058 980 faventibus
2095 915 2269 996 Diis,
2310 914 2566 983 bellum
2602 941 2744 986 sus·

654 1028 819 1121 cipi;
855 1046 1068 1120 quum
1104 1037 1381 1114 repente
1416 1045 1499 1088 ex
1534 1025 1914 1114 inopinato⁷
1952 1046 2164 1115 prope
2199 1041 2440 1093 cuncta
2477 1026 2744 1096 turbata

656 1152 835 1206 sunt.
863 1133 1139 1201 Alarum
1161 1129 1370 1199 altera
1395 1134 1628 1199 castris
1653 1133 2305 1226 appropinquantem
2320 1187 2336 1218 ,
2355 1138 2742 1226 poenitentia

655 1247 893 1314 mutati
916 1244 1343 1325 sacramenti,
1378 1241 1741 1310 destituere
1769 1258 2008 1310 conata
2033 1259 2167 1326 est,
2195 1267 2504 1338 aegreque
2528 1263 2743 1314 reten-

652 1375 723 1427 ta
744 1361 815 1424 in
839 1354 1095 1424 officio:
1126 1369 1193 1421 et
1214 1355 1423 1435 servi,
1448 1377 1650 1447 quos,
1675 1378 1715 1420 a
1742 1351 1984 1421 liberto
2011 1357 2294 1422 Neronis
2322 1356 2409 1423 ad
2430 1356 2740 1426 fraudem

654 1484 1086 1564 proeparatos‚
1104 1467 1369 1535 muneri
1384 1480 1754 1557 acceperat,
1769 1489 1892 1558 per
1905 1469 2334 1558 angiportum
2354 1469 2422 1534 in
2441 1467 2738 1538 balineas

652 1593 1113 1649 transeuntem
1134 1599 1329 1669 poene
1362 1579 1883 1661 interemerunt,
1915 1579 2042 1644 nisi
2057 1577 2085 1623 8
2109 1575 2616 1646 cohortantibus
2641 1583 2743 1646 in-

566 1679 571 1686 *
650 1693 869 1759 vicem
884 1742 901 1772 ‚
916 1712 1003 1755 ne
1016 1689 1437 1755 occasionem
1450 1688 1834 1754 omitterent
1849 1739 1866 1770 ,
1885 1689 2446 1782 interrogatisque
2462 1740 2480 1772 ,
2499 1686 2584 1757 de
2603 1714 2741 1784 qua

650 1804 1001 1872 occasione
1024 1799 1484 1894 loquerentur,
1516 1821 1835 1890 expressa
1857 1801 2158 1866 cruciatu
2183 1799 2514 1868 confessio
2537 1817 2734 1870 esset.

742 1917 861 1980 XI.
910 1913 1208 1980 Accessit
1236 1906 1326 1976 ad
1357 1925 1544 1977 tanta
1579 1906 1966 1977 discrimina
1991 1933 2175 1977 mors
2206 1908 2534 1977 Vindicis¹
2553 1963 2570 1994 ,
2602 1935 2738 2007 qua

652 2025 941 2090 maxime
972 2035 1468 2101 consternatuS,
1496 2018 1951 2114 destitutoque
1983 2019 2250 2103 similis,
2279 2045 2418 2088 non
2441 2021 2738 2090 multum

650 2132 894 2214 abfuit,
933 2133 1099 2225 quin
1137 2133 1291 2197 vitae
1333 2134 1780 2198 renunciaret.
1827 2130 1954 2199 Sed
1991 2130 2616 2223 supervenientibus
2649 2132 2738 2200 ab

650 2244 834 2314 Urbe
864 2245 1125 2311 nunciis
1144 2259 1202 2326 ²,
1229 2257 1305 2309 ut
1330 2245 1628 2310 occisum
1657 2248 2028 2328 Neronem,
2059 2257 2474 2339 cunctosque
2501 2249 2571 2312 in
2597 2269 2738 2314 ver-

647 2355 735 2423 ba
780 2378 901 2423 sua
942 2351 1245 2446 jurasse,
1290 2355 1637 2444 cognovit3
1690 2352 1995 2446 deposita
2041 2358 2397 2436 LEGATI,
2443 2359 2740 2449 suscepit

646 2470 1011 2537 CAESARIS
1036 2462 1300 2559 appella
1310 2465 1638 2534 tionem³x
1669 2468 1930 2563 iterque
1967 2468 2308 2558 ingressus
2337 2479 2439 2535 est
2460 2466 2737 2559 paluda-

645 2654 870 2723 August.
902 2652 1000 2719 50,
1019 2666 1072 2705 et
1099 2654 1299 2703 Neron.
1330 2650 1427 2718 46,
1450 2618 1545 2703 ubi
1569 2652 1645 2703 vi·

645 2731 714 2785 de
732 2745 845 2784 not.
864 2732 1019 2784 Conf.
1041 2730 1292 2784 Oudend.
1314 2744 1365 2783 et
1382 2730 1550 2785 Wolf.
1577 2730 1646 2783 ad

644 2811 789 2865 hunc
817 2811 1014 2863 locum.

712 2891 765 2943 6.
802 2884 1089 2943 Der-tosoni-
1141 2890 1219 2940 Ita
1255 2889 1484 2940 restituit
1517 2906 1643 2941 cor-

644 2980 855 3038 ruptam
876 2966 1157 3019 lectionem
1173 2965 1404 3017 Tumeb.
1424 2964 1642 3019 Advers.

642 3046 838 3111 XXIV,
864 3046 951 3112 4¹·
984 3048 1061 3098 De
1085 3044 1186 3096 hac
1218 3044 1351 3095 urbe
1384 3043 1501 3095 vide
1523 3044 1645 3096 Cel-

643 3126 739 3177 lar.
776 3126 850 3192 n,
894 3142 947 3189 1,
980 3142 1102 3197 pag.
1150 3124 1264 3193 ¹39·
1298 3129 1429 3175 Rem
1461 3118 1642 3177 narrat

642 3204 840 3277 xiphil.
856 3204 1033 3267 LXIV,
1056 3220 1075 3255 1
1091 3242 1100 3253 .
1121 3202 1364 3255 Ceterum
1376 3240 1392 3267 ,
1407 3205 1639 3274 ineptam

642 3285 991 3337 mutationem
1013 3280 1227 3353 Bulcng.
1244 3281 1321 3350 ‘tle
1344 3282 1556 3349 Prodig.
1586 3286 1640 3349 Ι,

642 3364 953 3436 corrigentis
977 3362 1193 3416 subinde
1215 3364 1267 3412 in
1286 3362 1373 3412 sub
1392 3361 1473 3428 id,
1500 3363 1642 3413 acci-

640 3454 799 3495 nente
842 3442 1063 3508 Pitisco‚
1098 3443 1211 3511 jam
1256 3440 1640 3495 damnaverunt

617 3521 835 3578 ,Duken
851 3522 919 3574 ad
943 3524 981 3573 F
984 3520 1079 3573 lor.
1104 3524 1177 3587 11,
1206 3538 1296 3589 ιο,
1316 3520 1409 3575 ubi
1429 3523 1640 3594 exponi·

641 3615 729 3653 tur
750 3601 818 3655 de
841 3619 941 3653 usu
959 3600 1117 3673 hujus
1138 3601 1407 3672 particulae
1424 3640 1438 3664 ,
1458 3616 1509 3655 et
1533 3604 1640 3657 On·

640 3680 796 3733 dend.
826 3680 893 3733 ad
918 3694 1055 3733 nost.
1083 3680 1184 3732 loc.

712 3778 761 3831 7.
800 3762 883 3813 Ex
912 3760 1199 3834 inopinato.
1238 3758 1379 3811 Male
1403 3759 1469 3812 de
1495 3760 1638 3831 glos-

639 3856 697 3891 sa
725 3854 775 3891 et
796 3840 1101 3911 pleonasmo
1127 3839 1325 3909 cogitat
1346 3840 1636 3892 Ernestius.

636 3922 865 3994 Repente
898 3935 1105 3991 tempus
1142 3918 1437 3989 significat,
1481 3933 1533 3972 et
1573 3938 1637 3972 ex

638 4000 910 4070 inopinato
938 4018 1076 4063 rem,
1113 4016 1224 4070 qua:
1256 4016 1405 4069 paene
1443 4012 1637 4052 cuncta

637 4091 856 4150 repente
888 4079 1183 4147 turbasset,
1214 4078 1411 4131 nemini
1444 4098 1633 4152 exspe-

638 4170 793 4209 (8218.

1805 2652 1856 2705 8.
1885 2653 2047 2705 Poene
2061 2654 2456 2721 interemerunt,
2477 2654 2578 2707 m‘si
2589 2692 2606 2719 ,
2629 2669 2734 2709 etc.

1733 2732 1928 2800 Injuria
1947 2728 2001 2782 h.
2026 2730 2062 2782 l.
2084 2730 2150 2782 de
2171 2732 2458 2784 Latinitate
2482 2731 2736 2787 dictionis

1733 2805 1978 2859 dubitant
2005 2821 2128 2879 post
2157 2806 2396 2883 exempla
2425 2810 2551 2862 (ἕπε.
2578 2810 2644 2862 52
2681 2825 2738 2864 et

1734 2886 1830 2952 58,
1853 2884 1945 2937 ubi
1966 2885 2101 2939 vide.
2125 2887 2205 2939 cf.
2227 2888 2469 2959 exempla
2489 2908 2518 2940 a
2540 2889 2736 2942 Casan·

1731 2964 1876 3017 bono
1909 2966 2081 3019 allata.

1802 3044 1895 3096 XI.
1927 3062 1970 3097 ι.
2005 3046 2448 3098 Accessit...mors
2467 3046 2734 3109 Vindicis,-

1733 3125 1840 3195 qui,
1869 3125 2039 3193 copiis
2067 3126 2170 3176 suis
2200 3124 2268 3176 ab
2293 3127 2526 3176 exercitu
2552 3126 2734 3197 Virgi-

1730 3205 1804 3254 nii
1847 3206 1965 3255 Rufi
2003 3202 2072 3255 ad
2111 3206 2486 3257 Vesontionem
2537 3225 2734 3277 magna

1729 3295 1900 3353 strage
1920 3282 2156 3349 afflictis,
2185 3282 2345 3354 idque
2372 3285 2536 3335 invito
2565 3284 2731 3353 duce,

1730 3380 1785 3414 se
1827 3365 2001 3435 ipsum
2036 3364 2314 3415 interemit.
2355 3362 2488 3415 Vide
2525 3363 2730 3437 Xiphil.

1727 3443 1918 3511 Lxln,
1949 3448 2041 3511 24,
2069 3458 2118 3496 et
2137 3444 2404 3496 Plutarch.
2436 3444 2486 3496 6.

1801 3540 1850 3591 2..
1888 3524 1990 3576 Sed
2015 3524 2509 3595 supervenientibus.
2528 3564 2540 3576 .
2557 3564 2570 3575 .
2589 3544 2729 3577 nun-

1726 3603 1844 3669 ciis,
1873 3616 1974 3654 etc.
2005 3602 2270 3654 Plutarch.
2301 3620 2358 3672 7,
2386 3603 2534 3673 prius
2563 3601 2728 3656 liber·

1723 3682 1894 3731 tinum
1920 3678 2204 3751 quemdam
2229 3680 2490 3749 Siculum,
2515 3683 2604 3733 cui
2623 3700 2728 3753 po-

1725 3774 1838 3812 stea
1873 3761 2138 3812 Marciani
2172 3760 2305 3813 Iceli
2337 3780 2532 3813 nomen
2569 3760 2728 3833 (vide

1727 3857 1844 3909 cap.
1883 3838 2014 3909 14),
2053 3852 2106 3890 et
2135 3837 2346 3891 duobus
2377 3840 2567 3893 diebus
2599 3854 2728 3912 post

1721 3920 1783 3970 Τ.
1807 3920 2058 3971 Vinnium
2077 3918 2188 3972 haec
2211 3918 2390 3971 Galbae
2415 3922 2726 3990 nunciasse,

1722 4009 1918 4050 narrat.
2266 4042 2276 4055 .

1792 4076 1846 4129 3.
1882 4077 2120 4149 Suscepit
2161 4078 2368 4130 coesaris
2403 4076 2724 4151 appellatio-

1724 4174 1860 4210 nem.
1899 4158 2128 4209 Primum
2150 4156 2374 4211 Galbam
2399 4158 2604 4210 Coesaris
2625 4176 2723 4209 no-
