3050 5004
700 517 833 598 384
1452 521 1525 584 C.
1575 519 2052 588 SUETONII

691 645 897 712 tionis
918 643 1433 728 admoneretur,
1458 640 1810 714 habitabat
1834 671 1996 716 cum
2019 665 2210 742 patre
2237 674 2376 719 una
2394 705 2412 735 ,
2437 651 2794 750 sellamque

692 753 843 848 ejus
868 779 950 823 ac
978 755 1237 836 fmtriS,
1272 757 1542 847 quoties
1567 755 1951 849 prodirent,
1981 757 2214 828 lectica
2247 763 2694 856 sequebatur:
2727 789 2796 834 ac

692 867 1119 959 triumphum
1164 867 1523 960 utriusque
1569 864 1932 935 Judaicum
1973 891 2154 964 equo
2197 869 2354 938 albo
2375 868 2404 909 ³
2449 877 2794 942 comitatus

692 995 817 1046 est.
852 983 931 1044 ln
960 999 1079 1044 sex
1106 973 1574 1043 consulatibus
1598 1000 1738 1044 non
1767 979 1896 1046 nisi
1919 1003 2138 1046 unum
2168 979 2632 1050 ordinarium⁴
2661 1009 2796 1077 ges-

692 1093 819 1171 sit,
862 1109 1159 1181 eumque
1195 1085 1481 1154 cedente
1517 1102 1588 1154 et
1625 1087 2042 1181 suffragante
2081 1089 2310 1159 fratre.
2349 1093 2702 1162 Simulavit
2737 1113 2794 1162 et

692 1201 877 1295 ipse‘
922 1202 1095 1268 mire
1132 1197 1577 1282 modestiam;
1619 1202 2070 1295 inprimisque
2104 1207 2390 1295 poeticae
2428 1203 2790 1288 “studium

688 1333 831 1383 tam
868 1315 1215 1379 insuetum
1252 1327 1453 1378 antea
1486 1311 1644 1394 sibi,
1677 1337 1888 1408 quam
1923 1333 2158 1406 postea
2189 1334 2496 1410 spretum
2529 1336 2600 1388 et
2631 1318 2794 1413 abje-

690 1443 909 1493 ctum:
947 1425 1387 1518 recitavitque
1426 1427 1631 1492 etiam
1668 1425 1962 1519 publice.
2000 1432 2138 1498 Nec
2172 1445 2404 1498 tamen
2439 1454 2522 1498 eo
2559 1435 2792 1514 secius,

690 1561 908 1632 quum
922 1535 1297 1627 vologesus
1313 1545 1339 1586 ⁷
1363 1534 1770 1604 Parthorum
1791 1561 1910 1606 rex
1928 1539 2174 1608 auxilia
2189 1539 2518 1608 adversus
2533 1541 2790 1624 AlanoS,

691 1648 1077 1743 ducemque
1108 1647 1401 1714 alterum
1432 1671 1517 1715 ex
1539 1651 1938 1740 Vespasiani
1971 1649 2232 1734 liberis,
2265 1651 2792 1746 depoposcisset,

690 1761 877 1829 omni
914 1781 1047 1851 ope
1080 1753 1460 1838 contendit,
1500 1772 1580 1824 ut
1617 1760 1764 1850 ipse
1807 1761 2240 1850 potissimum
2279 1763 2680 1831 mitteretur.
2719 1767 2796 1830 Et

690 1875 851 1968 quia
896 1870 1203 1938 discussa
1242 1892 1350 1936 res
1388 1885 1519 1952 est,
1561 1869 1728 1938 alios
1766 1873 2062 1941 Orientis
2095 1897 2319 1966 reges,
2363 1891 2445 1942 ut
2475 1873 2658 1945 idem
2692 1899 2796 1970 po-

690 1984 1057 2065 stularent,
1098 1981 1297 2049 donis
1340 2005 1422 2049 ac
1462 1981 2058 2076 pollicitationibus
2099 1987 2462 2056 sollicitare
2501 1991 2791 2056 tentavit.

690 2101 889 2164 Patre
911 2093 1233 2162 defuncto
1246 2145 1265 2176 ,
1291 2091 1411 2161 diu
1434 2111 1792 2163 cunctatus
1806 2150 1824 2180 ,
1849 2121 1938 2164 an
1961 2096 2252 2190 duplum
2271 2097 2670 2168 donativum
2689 2103 2799 2168 mi·

692 2315 945 2372 adversus
970 2315 1216 2384 fratrem,
1244 2317 1297 2368 in
1334 2317 1542 2368 incerto
1569 2318 1704 2370 fuit:

690 2418 817 2452 nam
840 2395 1057 2450 Cerialia
1086 2395 1287 2448 salubri
1318 2410 1708 2470 temperamen-

1795 2317 2020 2372 destiam
2038 2359 2056 2389 ,
2079 2344 2102 2369 ιο
2147 2333 2242 2374 aut
2263 2358 2280 2389 ,
2326 2344 2350 2368 ιι
2367 2319 2646 2400 §imulerit
2688 2321 2796 2373 inde

1793 2399 1930 2450 mire
1969 2399 2318 2466 modestiam,
2340 2424 2363 2447 ι
2402 2415 2456 2453 et
2482 2399 2795 2454 Oudendor-

690 2494 747 2533 to
785 2477 983 2545 elusit,
1026 2489 1085 2529 ut
1121 2495 1256 2530 vana
1294 2478 1569 2550 pueriliter
1609 2496 1706 2531 cu-

688 2561 943 2633 pientem.
966 2579 989 2603 ιι

758 2640 813 2692 3.
842 2638 1000 2709 Equo
1023 2636 1173 2703 albo,
1204 2651 1305 2689 etc.
1332 2635 1413 2688 Cf.
1440 2638 1706 2707 Zonaras,

688 2716 884 2772 Annal.
915 2720 991 2782 11,
1017 2736 1143 2789 pag.
1178 2716 1291 2787 ¹94·

760 2800 815 2864 4.
852 2798 979 2849 Non
1012 2798 1115 2848 nisi
1144 2814 1309 2848 unum
1342 2796 1706 2859 ordinarium,-

690 2878 754 2928 A.
778 2878 845 2926 U.
869 2874 1003 2941 826,
1028 2892 1152 2926 cum
1175 2874 1249 2925 Μ.
1270 2874 1487 2926 Valerio
1505 2876 1707 2927 Messa-

688 2953 820 3007 lino.
848 2955 929 3006 De
954 2954 1170 3025 reliquis
1200 2952 1573 3007 consulatibus
1600 2956 1706 3006 Do-

690 3034 897 3085 mitiani
922 3032 1184 3103 Principis
1224 3034 1360 3085 infra
1398 3032 1608 3086 dicetur
1637 3033 1704 3087 ad

692 3112 927 3185 cap.13.

764 3192 814 3247 5.
834 3190 1122 3245 Simulavit
1143 3199 1193 3243 et
1218 3191 1324 3262 ipse
1338 3228 1356 3256 ‚
1385 3204 1485 3243 etc.
1508 3194 1708 3246 Hacte-

691 3292 793 3327 nus
808 3274 1039 3326 narravit
1054 3284 1263 3337 auctor,
1287 3269 1566 3343 depressos
1582 3275 1709 3325 fuis-

690 3372 747 3407 se
774 3372 807 3406 a
832 3365 982 3425 patre
1006 3350 1271 3424 hujusque
1296 3354 1477 3403 amicis
1511 3354 1704 3408 nimios

689 3433 981 3485 Domitiani
999 3433 1245 3502 spiritus,
1266 3428 1706 3505 admonitumque

692 3532 815 3565 eum
834 3512 999 3563 matis
1020 3521 1072 3562 et
1091 3509 1429 3562 conditionis.
1447 3514 1566 3563 Jam
1586 3530 1706 3583 per-

688 3594 797 3665 git:
822 3592 944 3643 Non
971 3590 1040 3642 ab
1065 3590 1179 3643 aliis
1200 3589 1362 3642 modo
1384 3590 1606 3643 adactus
1625 3606 1707 3645 eat

692 3671 760 3724 ad
794 3668 1112 3723 modestiam
1144 3668 1200 3720 h.
1235 3688 1282 3721 e.
1306 3672 1465 3721 vitam
1496 3688 1702 3722 mores-

692 3770 827 3823 que,
852 3754 991 3804 oetati
1014 3750 1233 3821 juvenili
1252 3762 1305 3802 et
1334 3751 1548 3821 privata.»
1573 3768 1702 3803 con·

690 3830 882 3884 ditioni
910 3849 1209 3901 congruos,
1242 3827 1339 3881 sed
1366 3839 1418 3879 et
1440 3830 1546 3900 ipse
1571 3848 1702 3901 pro-

689 3912 809 3981 prio
838 3910 1063 3963 consilio
1100 3910 1228 3961 mire
1258 3928 1373 3961 eam
1404 3907 1702 3975 simulavit,

688 3988 919 4061 ideoque
955 3992 1183 4062 privatas
1222 4002 1395 4055 artes,
1432 4003 1492 4040 ut
1522 3992 1702 4061 poeti-

691 4088 826 4136 cam,
844 4083 1067 4123 tractare
1088 4072 1263 4142 coepit.
1281 4069 1586 4123 Concidunt
1607 4072 1702 4141 igi·

690 4161 777 4200 tur
796 4152 1111 4219 conjectura
1130 4151 1357 4201 Ernestii
1370 4188 1386 4216 ,
1412 4151 1498 4201 cui
1517 4149 1702 4221 legen-

692 4227 819 4281 dum
852 4228 1061 4281 videtur
1090 4252 1113 4275 n
1134 4228 1406 4284 Simulavit
1436 4230 1560 4281 inde
1587 4248 1702 4281 mo-

1794 2479 1872 2549 pii
1887 2518 1904 2545 ,
1934 2481 2024 2552 qui
2050 2479 2310 2533 excidisse
2334 2493 2490 2551 putat
2513 2481 2732 2534 verbum
2753 2491 2797 2533 et

1790 2575 1904 2631 proe
1925 2578 1978 2613 se
2002 2558 2146 2611 tulit.

1866 2637 1918 2690 6.
1957 2639 2310 2711 Inprimisque
2327 2640 2548 2711 poetice
2563 2640 2793 2693 studim.

1793 2717 1920 2768 Tac.
1943 2718 2035 2783 IV,
2057 2718 2125 2770 86
2143 2740 2156 2769 ε
2189 2740 2212 2763 ι
2233 2718 2566 2772 Domitianus
2586 2720 2753 2789 sperni
2767 2736 2794 2769 a

1795 2798 2096 2851 senioribus
2105 2802 2382 2870 juventam
2400 2816 2552 2850 suam
2565 2816 2796 2861 cernens,

1794 2874 2008 2927 modica
2039 2894 2255 2948 quoque
2284 2888 2338 2928 et
2359 2891 2620 2947 usurpata
2652 2890 2796 2928 antea

1796 2954 1976 3006 munia
1999 2956 2207 3026 imperii
2229 2954 2544 3020 omittebat,
2563 2954 2796 3026 simpliei-

1795 3036 1916 3085 tatis
1945 3054 2008 3087 ac
2035 3035 2304 3087 modestiae
2327 3036 2583 3105 imagine,
2609 3036 2663 3086 in
2686 3032 2796 3086 alti-

1797 3113 2033 3166 tudinem
2059 3114 2336 3180 conditus,
2369 3112 2710 3185 studiumque
2736 3113 2797 3165 li-

1797 3206 2026 3245 terarum
2055 3207 2108 3246 et
2140 3212 2380 3246 amorem
2413 3194 2708 3245 carminum
2735 3194 2800 3245 si-

1796 3272 2004 3325 mulans
2024 3312 2041 3339 ,
2087 3292 2195 3345 quo
2235 3272 2435 3327 velaret
2475 3276 2710 3325 animum
2751 3286 2799 3324 et

1797 3354 1973 3406 fratris
2013 3353 2340 3406 aemulationi
2383 3350 2796 3417 subduceretur,

1795 3436 1946 3505 cujus
1972 3432 2240 3504 disparem
2265 3436 2638 3504 mitioremque
2654 3444 2798 3484 natu·
2833 3466 2842 3473 -

1791 3531 1904 3564 ram
1945 3526 2128 3565 contra
2167 3510 2681 3583 interpretabatur.
2659 3510 2794 3563 ιΟῙ.

1791 3592 2018 3660 Quintil.
2060 3595 2187 3645 inst.
2225 3594 2312 3659 X,
2356 3608 2374 3641 ι
2394 3608 2547 3661 ,,91
2583 3606 2638 3645 et
2667 3589 2794 3643 Plin-

1791 3672 1942 3723 Praef.
1963 3674 2100 3724 nist.
2119 3672 2241 3724 Nat.
2263 3684 2324 3722 ut
2347 3684 2630 3742 poetarum
2655 3667 2795 3721 locos

1791 3766 2026 3818 taceam,
2052 3754 2108 3804 in
2133 3751 2328 3823 quibus
2350 3748 2606 3803 laudatur
2627 3750 2796 3803 Domi·

1793 3834 1924 3885 tiani
1947 3830 2194 3885 eruditio.

1867 3930 1918 3983 7.
1959 3914 2130 3983 Quum
2158 3914 2210 3962 V
2207 3910 2466 3983 oloqents,
2488 3926 2590 3964 etc.
2616 3912 2692 3961 De
2712 3910 2792 3959 in-

1792 3996 2043 4046 cursione
2063 3992 2112 4045 A
2115 3993 2166 4045 la
2173 4010 2361 4045 norum
2383 3994 2438 4044 in
2453 3991 2714 4045 Parthiam
2726 3989 2792 4038 vi·

1791 4072 1858 4125 de
1893 4072 2114 4145 Joseph.
2155 4071 2283 4124 Bell.
2321 4071 2448 4123 Jud.
2484 4072 2615 4135 vu,
2648 4086 2703 4139 7,
2737 4066 2786 4131 4.

1790 4151 2082 4205 Βίεοιιςεωη
2139 4168 2246 4203 rem
2303 4162 2488 4202 narrat
2543 4145 2786 4220 xiphilin.

1792 4228 1982 4299 val,
2015 4228 2093 4282 15.
2121 4230 2298 4283 Refert
2327 4228 2399 4281 ad
2422 4247 2546 4281 ann.
2573 4226 2690 4281 828.
