3050 5004
880 581 887 588 .
1010 492 1628 559 FRAGMENTA.
2243 495 2374 581 473

578 691 1129 796 Charisius,'1nst.
1156 713 1435 780 Gramm.
1468 712 1580 778 lib.
1605 713 1714 793 ΙΙ,
1735 735 1889 805 paq.
1926 715 2074 780 180.
2154 662 2161 669 ·

369 905 536 970 Istoc
564 901 780 968 vilius.
814 904 955 966 Rex
982 901 1101 996 qui
1133 897 1419 967 vocabat
1448 895 1537 966 ad
1568 920 1830 964 coenam
1852 951 1870 982 ,
1910 900 1969 965 si
2007 897 2134 966 sibi
2160 923 2238 968 ea
2270 924 2380 970 res

274 1010 655 1082 exhibenda
700 1009 1137 1092 indiceretur,
1182 1035 1387 1108 quam
1432 1006 1751 1078 exhibere
1790 1033 1930 1078 non
1971 1026 2232 1104 posset,
2277 1035 2382 1077 re-

275 1124 591 1219 spondit,
621 1140 698 1193 ut
723 1121 1161 1219 Tranquillus
1198 1121 1431 1204 refert,
1477 1151 1506 1182 a
1529 1125 1668 1192 Isto
1699 1119 1901 1189 vilius
1925 1120 2220 1190 hominis
2255 1125 2382 1191 erit

278 1260 491 1304 coena.
517 1266 544 1295 ιο

676 1459 1057 1527 Eustathius
1085 1463 1155 1525 ἰη
1183 1459 1407 1552 Odyss.
1436 1453 1579 1549 ἑαψ.
1609 1481 1684 1548 A,
1709 1483 1801 1526 vs,
1839 1461 1985 1526 106.

387 1633 552 1732 ὁδε
584 1651 687 1733 τὰ
718 1651 901 1761 περὶ
941 1637 1385 1746 Ελληνικῆς
1420 1652 1756 1745 παιδιᾶς
1793 1653 2160 1759 γράψας,
2202 1651 2378 1746 630⁶-

280 1775 548 1886 ψορὰν
595 1777 737 1858 καὶ
787 1775 1038 1870 αὐτὸς
1081 1776 1305 1871 εἰδὼς
1352 1779 1614 1876 κύβων
1658 1776 1802 1856 καὶ
1847 1785 2187 1871 πεσσῶν,
2239 1773 2382 1854 καὶ

276 1901 835 2008 παλαμοτάτην
880 1901 1109 1983 εἰπὼν
1147 1901 1288 1996 τὴν
1321 1899 1783 2003 κυβιστικὴν
1819 1899 2190 1994 παιδιάν,
2229 1921 2380 1977 πα·-

281 2027 509 2132 ράγει
546 2025 1071 2134 Σοφοκλέους
1111 2027 1248 2132 μὲν
1289 2029 1379 2106 ἐκ
1417 2028 2030 2129 Παλαμήδους,
2075 2023 2382 2129 ὁμωνύ-

283 2175 452 2251 μου
500 2154 603 2254 τῷ
638 2150 839 2257 ἧρωῖ
874 2147 1300 2259 δράματος
1335 2147 1457 2230 ‘td‘
1509 2137 1842 2242 Ἐκεῖνος
1879 2151 2170 2257 ἐφεῦρε
2201 2170 2384 2228 πεσ-

281 2271 518 2370 σούς,
554 2271 866 2371 κύβους
891 2297 975 2352 τε
998 2272 1331 2380 τερπνὸν
1356 2276 1651 2380 ἀργίας
1679 2269 1904 2364 ἄκος.
1937 2272 2082 2352 καὶ
2111 2275 2384 2380 Εὐφο-

284 2397 570 2505 ρίωνος
596 2398 725 2478 τό·
766 2396 1045 2477 Πεσσὰ
1078 2394 1656 2478 Ναυπλιάδαο.
1701 2393 1905 2504 λέγει
1933 2396 2022 2476 δὲ
2046 2395 2188 2475 καὶ
2207 2456 2228 2493 ,
2259 2421 2384 2474 etc.

278 2638 423 2705 Hoc
476 2651 833 2732 excerptum
886 2662 967 2704 ex
1023 2637 1181 2703 libro
1238 2637 1379 2705 MS.
1438 2640 1514 2703 de
1569 2638 1820 2702 Natura
1879 2638 2112 2703 Rerum
2167 2636 2388 2701 retulit

326 2792 330 2797 -
916 2747 1165 2815 Oxom‘o
1197 2749 1337 2815 Jac.
1372 2750 1747 2815 Gronovius.

375 2948 477 3011 De
501 2942 816 3011 omnibus
845 2944 1051 3010 maris
1074 2965 1154 3010 ac
1175 2940 1540 3011 fluminum
1570 2944 1642 3009 in
1670 2944 1883 3037 pratis
1910 2945 1983 3009 in
2014 2941 2386 3011 Annalibus

280 3052 725 3149 Tranquillus
751 3056 847 3121 sic
878 3055 1011 3121 ait:
1047 3069 1427 3122 extremum
1452 3078 1640 3123 mare
1672 3058 2013 3138 Oceanus3
2043 3056 2388 3122 internum

280 3163 581 3247 mediuS,
621 3163 804 3258 quod
847 3188 931 3231 ex
965 3168 1234 3234 Oceano
1270 3162 1443 3263 fluit.
1484 3167 1867 3260 Super-num
1903 3180 1972 3233 et
2004 3166 2347 3233 infernum
2366 3216 2384 3246 ,

284 3275 533 3369 quihus
560 3275 749 3342 Italia
774 3274 1069 3343 alluitur.
1093 3280 1193 3343 Ex
1216 3275 1323 3344 his
1346 3300 1674 3369 superum
1697 3294 1765 3344 et
1786 3275 2204 3345 Adriaticum
2225 3275 2388 3344 dici-

280 3404 399 3453 tur
424 3403 492 3454 et
517 3389 819 3454 Tuscum
842 3386 1159 3455 inferum.
1201 3394 1474 3457 Fretum
1498 3405 1866 3481 angustum
1891 3391 2085 3482 quasi
2119 3388 2386 3455 fervens

282 3522 503 3583 mare,
522 3514 591 3566 et
608 3498 907 3567 Siculum
927 3516 995 3567 et
1011 3497 1417 3568 Gaditanum
1441 3504 1465 3585 (
1476 3505 1612 3570 MS.
1639 3502 2114 3587 Gaditianum).
2141 3506 2389 3568 AEstua·

280 3609 387 3676 ria
420 3625 579 3677 sunt
604 3610 829 3677 omnia
846 3662 863 3693 ,
898 3634 1023 3703 per
1045 3634 1197 3705 quae
1220 3633 1406 3677 mare
1433 3612 1732 3679 vicissim
1762 3627 1908 3677 tum
1931 3608 2190 3678 accedit
2212 3612 2383 3697 (MS.

283 3723 545 3809 occidit)
562 3774 579 3805 ‚
618 3738 764 3789 tum
806 3722 1079 3791 recedit.
1123 3721 1353 3791 Altum
1392 3724 1666 3816 proprie
1708 3745 1895 3791 mare
1939 3719 2384 3817 profundum.

282 3834 476 3902 Vada
502 3838 667 3921 (MS.
692 3838 890 3927 vaqa)
911 3887 928 3918 ‚
964 3835 1210 3930 quibus
1234 3838 1306 3902 in
1326 3838 1499 3903 mari
1520 3850 1747 3928 potest
1773 3838 1965 3919 stari,
1996 3857 2150 3930 quae
2173 3835 2390 3926 Virgi-

280 3944 419 4013 lius
461 3944 688 4013 brevia
733 3944 1062 4041 appellat,
1110 3970 1265 4040 quae
1308 3946 1546 4016 eadem
1591 3948 1808 4015 Graeci
1850 3943 2144 4013 brachia.
2190 3946 2387 4013 Sinus

138 4137 145 4145 ,
282 4054 577 4150 majores
612 4081 919 4127 recessus
951 4060 1158 4126 maris
1189 4056 1533 4145 dicuntur,
1572 4075 1651 4126 ut
1675 4060 1956 4153 Caspius
1977 4110 1994 4142 ,
2027 4054 2384 4140 Arabicus,

286 4165 599 4239 Indicus:
634 4169 923 4265 majores
947 4186 1173 4241 autem
1196 4168 1425 4265 anguli
1444 4226 1461 4257 ,
1494 4189 1575 4242 ut
1595 4174 1974 4254 Poestanus‚
2007 4172 2386 4251 Matrestoe,
