3050 5004
1098 568 1113 591 .
1185 522 1505 589 TITUS.

2273 529 2402 618 367

292 648 593 715 minibus
632 650 913 731 amisso,
954 647 1307 742 alteroque
1344 649 1698 730 inscenso,
1741 646 1938 741 cujus
1975 668 2198 719 rector
2235 655 2411 722 circa

292 784 369 828 se
386 770 415 812 ⁹
442 759 769 828 dimicans
796 759 1229 829 occubuerat.

384 892 465 953 V.
502 885 719 954 Galba
740 910 901 953 mox
924 902 1195 954 tenente
1216 885 1732 978 Rempublicam
1751 938 1769 969 ,
1796 889 2046 957 missus
2075 890 2163 958 ad
2187 908 2412 985 gratu-

286 996 575 1064 landum
594 1014 613 1045 ¹
637 1051 654 1081 ,
702 1020 976 1091 quaqua
1028 999 1155 1063 iret
1173 1048 1190 1077 ‚
1240 998 1571 1064 convertit
1613 995 1924 1065 homines
1945 1051 1963 1081 ,
2007 1004 2202 1094 quasi
2249 1003 2411 1071 ado·

284 1108 540 1199 ptionis
566 1109 778 1197 gratia
800 1122 1273 1174 arcesseretur.
1307 1104 1435 1173 Sed
1460 1105 1578 1174 ubi
1603 1106 1862 1174 turbari
1894 1132 2132 1179 rursus
2166 1128 2410 1181 cuncta

287 1223 501 1288 sensit
525 1228 580 1304 ²,
611 1221 811 1288 rediit
837 1244 920 1288 ex
948 1216 1263 1287 itinere³:
1295 1218 1614 1314 aditoque
1645 1219 1916 1313 Paphia>
1941 1226 2227 1293 Veneris
2255 1249 2409 1293 ora-

284 1332 445 1400 culo
462 1332 523 1415 4,
555 1332 720 1401 dum
744 1332 829 1402 de
852 1334 1279 1427 navigatione
1304 1332 1600 1399 consulit
1616 1383 1634 1414 ‚
1661 1336 1863 1399 etiam
1887 1331 1973 1402 de
1997 1337 2260 1428 imperii
2288 1362 2408 1430 spe

282 1444 727 1513 confirmatus
744 1462 865 1513 est.
888 1441 1099 1537 Cujus
1114 1443 1303 1511 brevi
1321 1443 1658 1536 compos⁵‚
1681 1444 1851 1513 etad
1869 1446 2406 1537 perdomandam

280 1558 321 1620 J
330 1552 597 1621 udaeam
624 1554 896 1621 relictus
916 1551 945 1592 ⁶
961 1607 978 1638 ,
1007 1554 1371 1620 novissima
1402 1552 2033 1645 Hierosolymorum
2058 1580 2408 1651 oppugna-

280 1666 473 1731 tione
488 1716 503 1745 ,
546 1668 675 1732 XII
721 1680 1263 1759 propugnatores
1282 1674 1309 1716 ⁷
1350 1662 1630 1731 totidem
1681 1667 2074 1757 sagittarum
2119 1670 2407 1738 confecit

354 1936 407 1987 9.
428 1918 575 1972 Circa
597 1938 668 1973 se.
688 1920 805 1971 Hoc
825 1923 1028 1991 recepit
1044 1918 1293 1975 Oudend.

275 2016 309 2049 e
336 1998 693 2063 Memmiano‚
726 2015 829 2068 pro
858 2008 1042 2050 contra
1064 2016 1133 2050 se.
1158 1999 1297 2048 Puto

274 2092 490 2145 tamen,
511 2094 676 2148 quum
696 2076 761 2129 de
780 2096 891 2130 uno
912 2096 1085 2129 sermo
1105 2078 1200 2142 sit,
1222 2096 1299 2131 es-

274 2176 337 2210 se
363 2156 615 2209 debuisse
619 2160 779 2228 juxta
806 2174 875 2209 se.
896 2156 1091 2209 Nescio
1116 2158 1293 2227 igitur,

274 2256 349 2289 an
379 2238 554 2288 verius
583 2247 764 2289 contra
792 2254 859 2288 se.

351 2317 415 2366 V.
440 2332 463 2367 1
474 2354 485 2366 .
501 2314 767 2368 Missmad
776 2312 1173 2387 qramlandum‚
1188 2326 1288 2367 etc.

271 2396 453 2448 Tacit.
496 2397 631 2446 Hist.
666 2396 741 2461 11,
780 2412 827 2460 1,
867 2393 1061 2445 «Titus
1087 2393 1290 2463 Vespa—

272 2478 459 2530 sianus
498 2493 527 2526 e
563 2472 778 2539 Judaea‚
820 2470 1076 2524 incolumi
1113 2472 1289 2525 adhuc

268 2555 477 2621 Galba,
494 2556 683 2606 missus
700 2573 727 2604 a
750 2566 918 2625 patre,
933 2569 1149 2604 causam
1164 2571 1291 2624 pro-

268 2635 526 2688 fectionis
560 2635 797 2685 officiu'm
830 2651 953 2703 erga
990 2634 1285 2705 Principem

268 2731 325 2785 et
346 2729 609 2769 maturam
631 2714 869 2787 petendis
888 2712 1189 2767 honoribus
1205 2717 1289 2786 ju·

265 2809 485 2849 ventam
510 2795 733 2847 ferebat.
752 2793 859 2847 sed
878 2793 1069 2864 vulgus
1092 2794 1291 2865 fingen-

264 2877 326 2929 di
356 2875 569 2928 avidum
600 2874 946 2947 disperserat,
976 2874 1205 2926 accitum
1230 2877 1287 2926 in

264 2955 641 3028 adoptionem.
657 2977 679 3000 ιι
700 2955 783 3006 Cf.
799 2953 1023 3025 Joseph.
1046 2955 1103 3004 B.
1124 2956 1170 3006 J.
1196 2955 1284 3020 IV,

262 3055 333 3107 9,
364 3051 423 3097 ας
448 3033 649 3105 Xiphil.
675 3033 836 3098 LXV,
861 3033 909 3086 8.

342 3131 395 3166 2.
425 3113 531 3166 Sed
554 3113 643 3165 uhi
664 3111 935 3165 turbam...
960 3121 1145 3164 cuncta
1168 3129 1284 3163 sen-

260 3195 362 3257 sit,
410 3205 513 3244 etc.
556 3193 727 3245 Tacit.
772 3191 809 3242 l.
856 3209 905 3242 c.
957 3213 981 3238 κ
1000 3191 1279 3255 Corinthi,

258 3273 485 3325 Achaia!
504 3271 666 3337 urbe,
692 3283 865 3323 certos
888 3272 1115 3323 nuncios
1139 3270 1303 3324 acce-'

258 3353 349 3422 pit
374 3347 445 3400 de
473 3350 686 3401 interitu
712 3347 923 3414 Gallias,
946 3362 1000 3400 et
1027 3347 1282 3416 aderant,

260 3432 365 3501 qui
394 3447 540 3481 arma
566 3426 765 3481 Vitellii
790 3426 1101 3500 bellumque
1134 3429 1282 3480 affir-

258 3521 497 3560 marent.
522 3531 545 3555 n

336 3587 391 3639 3.
431 3586 608 3638 Rediit
630 3605 695 3638 ex
718 3588 917 3638 itinere.
950 3585 1035 3638 Cf.
1056 3585 1278 3657 Joseph.

256 3667 295 3719 l.
342 3685 394 3718 c.
436 3667 607 3720 Tacit.
650 3667 731 3732 11,
771 3685 799 3717 2
828 3687 841 3716 ε
887 3685 911 3712 α
931 3667 1097 3736 Igitur
1130 3683 1281 3718 oram

202 3745 211 3762 ⁸
254 3746 483 3797 Achaim
499 3758 551 3796 et
568 3747 735 3812 Asite,
754 3763 817 3796 ac
829 3744 958 3796 heva
972 3747 1133 3798 maris
1152 3763 1283 3817 με·

252 3839 479 3890 vectus,
511 3821 760 3876 Rhodum
789 3838 845 3876 et
868 3825 1105 3898 Cyprum
1128 3827 1279 3878 insu-

250 3906 341 3958 las
362 3945 379 3970 ‚
428 3903 553 3957 inde
591 3903 793 3976 Syriam
813 3942 832 3969 .,
880 3903 1279 3956 audentioribus

254 3989 453 4059 spatiis
480 3986 715 4056 petebat.
738 4009 761 4032 a

333 4065 385 4132 4.
409 4065 673 4136 Αάὶωῳιε
691 4064 915 4136 Paphia·
936 4063 1147 4116 Veneris
1164 4083 1279 4116 ora-

248 4145 412 4213 culo,
438 4160 541 4198 etc.
562 4147 735 4198 Tacit.
766 4169 789 4194 α
808 4148 983 4217 Atque
1012 4143 1161 4196 illurn
1184 4161 1276 4196 eu·

246 4225 391 4300 pido
432 4229 651 4282 incessit
690 4225 925 4281 adeundi
964 4223 1275 4300 visendique

1390 1918 1648 1990 templum
1664 1919 1878 1993 Paphiae
1891 1924 2112 1975 Veneris
2124 1962 2140 1989 ‚
2160 1923 2402 1977 inclitum

1386 2016 1484 2070 per
1508 1998 1792 2069 indigenas
1825 2000 2183 2073 advenasque.
2204 2027 2229 2052 a
2267 2004 2399 2077 Cap.
2480 2078 2484 2083 ,

1386 2078 1450 2145 4ε
1487 2101 1509 2126 α
1530 2081 1712 2149 Titus,
1737 2094 1976 2153 spectata
2001 2082 2276 2155 opulentia
2301 2084 2402 2137 do-

1385 2161 1574 2231 nisque
1603 2178 1822 2231 reguaeu,
1852 2182 2072 2235 quaeque
2098 2159 2198 2216 alia
2221 2162 2400 2216 laetum

1384 2240 1792 2311 antiquitatibus
1809 2240 2109 2294 Graecorum
2133 2262 2300 2315 genus
2324 2246 2400 2297 in-

1382 2334 1541 2371 certae
1563 2323 1814 2372 vetustati
1837 2322 2070 2395 affingit,
2095 2324 2158 2375 de
2181 2324 2398 2397 naviqu-

1382 2398 1523 2449 tione
1547 2400 1777 2468 primum
1805 2398 2082 2452 consuluit.
2110 2403 2396 2473 Postquam

1375 2476 1546 2550 pandi
1567 2478 1708 2531 viam
1738 2491 1789 2532 et
1815 2496 1960 2531 mare
1977 2499 2283 2552 prosperum
2307 2501 2395 2534 ac-

1378 2559 1550 2628 cepit,
1570 2557 1634 2608 de
1649 2577 1701 2610 se
1715 2577 1814 2629 per
1824 2559 2068 2631 ambaqes
2082 2559 2393 2634 irtterroqat,

1380 2638 1523 2688 caesis
1552 2637 1922 2707 compluribus
1949 2636 2153 2690 hostiis.
2184 2641 2394 2692 Sostra-

1378 2727 1463 2766 tus
1488 2713 1808 2786 (sacerdotis
1836 2715 1894 2767 id
1915 2735 2112 2769 nomen
2133 2718 2276 2790 erat)
2299 2719 2392 2772 ubi

1378 2792 1493 2845 laeta
1506 2807 1559 2846 et
1569 2797 1918 2864 congruentia
1931 2807 2068 2862 exta,
2084 2800 2392 2871 magnisque

1378 2871 1638 2926 consultis
1677 2891 1916 2926 annuere
1955 2875 2126 2927 Deam
2145 2913 2164 2945 ,
2207 2877 2352 2930 videt
2371 2916 2389 2943 ‚

1375 2969 1548 3023 pauca
1568 2955 1624 3005 in
1655 2971 1890 3025 presens
1913 2966 1966 3005 et
1985 2954 2144 3007 solita
2162 2973 2392 3028 respon-

1376 3031 1536 3099 dens,
1555 3035 1726 3104 petito
1747 3046 1978 3099 secreto,
1998 3034 2178 3087 futura
2195 3037 2381 3108 aperit.

1373 3113 1525 3164 Titus
1536 3150 1554 3178 ,
1569 3125 1728 3164 aucto
1745 3111 1951 3177 animo,
1973 3113 2038 3164 ad
2053 3133 2120 3185 pa
2128 3127 2262 3166 trem
2274 3134 2390 3187 per·

1371 3204 1581 3257 vectus,
1613 3193 1886 3262 suspensis
1912 3196 2304 3263 provinciarum
2335 3209 2389 3246 et

1372 3274 1700 3324 exercituum
1739 3273 2039 3340 mentibus,
2077 3278 2264 3347 ingens
2299 3296 2388 3330 re-

1370 3369 1493 3403 rnm
1516 3351 1708 3404 fiducia
1740 3353 1981 3405 accessit.
2004 3375 2026 3400 a

1442 3431 1493 3482 5.
1537 3433 1692 3504 Cujus
1716 3431 1856 3482 brevi
1881 3449 2118 3504 compen
2147 3451 2256 3484 non
2282 3435 2384 3485 im-

1368 3511 1532 3581 perii,
1548 3509 1642 3562 sed
1658 3513 1793 3582 spei,
1815 3523 1998 3561 evecto
2015 3510 2086 3563 ad
2099 3513 2384 3584 imperium

1370 3601 1540 3661 patre.
1557 3593 1732 3640 Vanas
1747 3590 2018 3641 Ernestius
2033 3603 2212 3644 movet
2227 3590 2382 3645 dubi-

1370 3671 1620 3721 tationes.

1442 3747 1495 3799 6.
1531 3749 1602 3800 Et
1619 3747 1690 3799 ad
1705 3749 2116 3818 perdomandam
2135 3751 2380 3804 Judoeam

1370 3829 1594 3881 relictus.
1620 3828 1704 3879 Cf.
1729 3827 1949 3900 Joseph.
1979 3830 2064 3896 w,
2097 3847 2114 3881 ι
2131 3847 2177 3894 t,
2205 3831 2254 3884 5.
2280 3833 2379 3885 Ta.

1370 3909 1461 3959 cit.
1484 3909 1620 3959 Hist.
1635 3908 1712 3972 11,
1732 3907 1798 3958 82
1811 3943 1830 3968 ‚
1849 3929 1872 3952 οι
1886 3906 2066 3957 Titum
2083 3909 2378 3962 instareJu-

1368 3987 1523 4053 doeoe,
1549 3988 1934 4056 Vespasianum
1965 3985 2209 4040 obtinere
2231 3990 2378 4042 clau-

1368 4078 1477 4117 stra
1504 4067 1717 4138 AEgypti
1742 4065 1962 4136 placuit.
1985 4089 2008 4112 ιο

1440 4163 1489 4215 7.
1529 4145 1648 4197 XII
1676 4155 2114 4218 propinquamus,
2152 4161 2254 4200 etc.
2291 4149 2373 4202 cf.

1365 4223 1586 4296 Joseph.
1610 4224 1682 4288 V,
1707 4223 1768 4289 6,
1797 4223 1862 4284 ὃς
1889 4223 2112 4296 Eutrop.
2138 4226 2260 4294 vu,
2291 4227 2376 4295 14.
