3050 5004
629 399 719 475 40
1377 395 1450 457 c.
1503 395 1969 462 SUEToMl

627 545 839 616 quum
867 545 940 587 se
971 523 1402 587 innocentem
1436 520 1922 613 proclamasset
1940 575 1957 604 ,
1992 521 2293 606 reduxit3
2326 523 2722 616 abscisaque

622 629 854 722 lingua
873 682 890 713 ,
918 653 1156 697 rursus
1179 627 1464 696 induxit.

713 743 1018 807 XXVIII.
1059 745 1471 806 Revocatum
1513 740 1857 834 quendam
1888 767 1931 809 a
1960 759 2186 811 vetere
2222 743 2455 812 exsilio
2495 745 2718 811 scisci·

621 865 801 917 tatus
815 903 832 934 ‚
858 849 1184 945 quidnam
1207 848 1300 916 ibi
1319 849 1542 918 facere
1566 869 1957 920 consuesset
1970 906 1988 936 ‚
2015 853 2469 947 respondente
2492 876 2573 920 eo
2594 877 2719 946 per

620 958 1079 1028 adulationem
1093 1013 1110 1044 ,
1147 991 1173 1022 κ
1195 964 1372 1030 Deos
1397 984 1667 1053 semper
1689 964 1907 1046 oravi,
1932 979 2038 1046 ut,
2064 961 2252 1058 quod
2275 967 2526 1046 evenit,
2548 965 2720 1055 peri-

619 1088 723 1140 ret
747 1071 1058 1140 Tiberius
1077 1125 1095 1155 ‚
1125 1088 1193 1140 et
1217 1089 1296 1140 tu
1323 1075 1687 1165 imperares
1709 1100 1725 1156 ;
1751 1103 1778 1136 n
1815 1077 2100 1166 opinans
2116 1129 2140 1159 ‚
2167 1065 2291 1143 sibi
2315 1098 2586 1170 quoque
2610 1099 2720 1142 ex-

621 1183 804 1252 sules
844 1208 1004 1252 suos
1037 1198 1325 1252 mortem
1356 1187 1750 1278 imprecari,
1789 1188 1970 1254 misit
1996 1187 2247 1254 circum
2274 1186 2563 1267 insulas,
2601 1187 2718 1280 qui

618 1299 972 1365 universos
1023 1293 1568 1382 contrucidarent
1588 1314 1634 1365 ¹.
1683 1301 1913 1383 Quum
1956 1297 2245 1392 discerpi
2292 1308 2315 1336 ²
2330 1304 2719 1370 Senatorem

619 1410 1048 1500 concupisset
1066 1460 1083 1491 ‚
1124 1407 1518 1476 subornavit
1537 1460 1555 1490 ‚
1593 1411 1709 1503 qui
1745 1407 2230 1500 ingredientem
2264 1413 2535 1478 Curiam
2554 1461 2573 1490 ‚
2609 1432 2717 1474 re-

617 1532 822 1610 pente
866 1517 1132 1586 hostem
1175 1516 1528 1611 publicum
1570 1516 1990 1612 appellantes
2011 1571 2028 1602 ,
2080 1517 2477 1588 invaderent
2493 1571 2513 1602 ,
2564 1541 2714 1610 gra·

615 1625 968 1722 phiisque³
1001 1628 1390 1698 confossum
1413 1680 1430 1711 ,
1463 1626 1903 1697 lacerandum
1924 1633 2163 1698 ceteris
2186 1629 2549 1698 traderent.
2582 1633 2720 1696 Nec

616 1754 774 1808 ante
797 1741 1073 1806 satiatus
1097 1753 1230 1818 est,
1266 1762 1472 1832 quam
1501 1736 1805 1804 membra
1828 1755 1899 1807 et
1921 1755 2107 1807 artus
2131 1756 2199 1807 et
2219 1743 2477 1808 viscera
2500 1737 2718 1806 homi-

619 1849 723 1915 nis
747 1863 958 1915 tracta
980 1869 1105 1939 per
1129 1848 1314 1914 vicos
1335 1899 1352 1928 ,
1375 1861 1578 1940 atque
1605 1861 1761 1914 ante
1786 1870 1859 1915 se
1883 1865 2200 1940 congesta
2222 1847 2515 1916 vidisset.

708 1962 948 2026 XXIX.
1001 1958 1492 2028 Immanissima
1536 1955 1713 2024 fincta
1758 1957 2047 2050 augebat
2090 1961 2436 2027 atrocitate
2476 1957 2717 2028 verbo·

617 2095 794 2137 rum.
832 2101 860 2130 a
883 2066 1061 2138 Nihil
1083 2071 1296 2161 magis
1318 2069 1389 2135 in
1417 2084 1663 2138 natura
1690 2090 1815 2134 sua
1832 2067 2109 2136 laudare
2134 2093 2205 2138 se
2226 2093 2309 2138 ac
2330 2069 2617 2164 probare
2636 2121 2653 2150 ,
2679 2099 2707 2126 »ι

617 2179 917 2264 dicebat,
974 2209 1002 2238 α
1026 2203 1270 2274 quam,
1296 2209 1324 2240 υ
1378 2195 1454 2245 ut
1494 2181 1708 2271 ipsius
1751 2179 1959 2248 verbo
2002 2199 2185 2264 utar,
2239 2195 2663 2276 «ιὰδιατροψίανκ
2684 2217 2713 2246 ‚2

619 2292 924 2360 Monenti
950 2293 1256 2358 Antoniae
1285 2291 1452 2358 aviae
1473 2340 1490 2372 ,
1530 2307 1856 2384 tanquam
1893 2315 2132 2383 parum
2171 2312 2347 2360 esset
2379 2317 2520 2360 non
2557 2291 2715 2360 obe-

618 2402 797 2486 dire,
833 2431 860 2462 a
883 2405 1225 2468 Memento
1245 2452 1262 2482 ‚
1297 2402 1424 2483 ait,
1463 2401 1691 2466 omnia
1722 2399 1899 2483 mihi,
1920 2416 1988 2469 et
2018 2403 2087 2468 in
2116 2410 2391 2470 omnes²
2425 2400 2648 2470 licere.
2677 2433 2709 2463 a

616 2514 1106 2589 Trucidaturus
1143 2512 1422 2581 fratrem
1440 2565 1458 2595 ‚
1501 2537 1708 2606 quem
1744 2528 1931 2582 metu
1968 2538 2387 2582 venenorum
2421 2538 2719 2606 praemu-

689 2758 923 2811 XXVIII.
951 2775 996 2810 1.
1011 2757 1239 2811 Misit...-
1260 2758 1352 2829 qui
1369 2760 1627 2811 universos

616 2836 1052 2893 contrucidant-ent.
1096 2837 1256 2888 Cous.
1295 2837 1433 2904 Dio,
1468 2840 1623 2902 LIX,

1782 2759 1975 2811 XXIX.
2020 2779 2064 2812 1.
2090 2759 2439 2828 Ἀδιωτροψίιν·
2471 2760 2715 2811 immobi-

1714 2836 1917 2889 litatem
1956 2838 2163 2904 animi,
2206 2858 2313 2909 quo
2346 2836 2612 2891 vocabulo
2648 2834 2717 2887 de

627 2919 709 2972 18.
738 2912 891 2966 Philo
919 2916 1076 2967 etiam
1092 2951 1110 2979 ,
1135 2915 1193 2964 in
1215 2912 1462 2965 Flaccum
1478 2952 1497 2979 ‚
1521 2913 1622 2966 sub

617 2998 708 3049 sm.
729 3009 782 3047 et
799 2995 924 3065 Leg.
943 2991 1013 3045 ad
1032 2992 1244 3057 Caium,
1267 2992 1462 3045 caedem
1477 2993 1625 3047 illam

618 3072 856 3129 exsulum
893 3091 926 3125 a
961 3074 1092 3124 Caio
1120 3072 1317 3124 factam
1349 3086 1621 3125 memorat.

617 3159 752 3209 Rem
788 3152 1032 3223 indigitat
1066 3154 1252 3206 Senec.
1295 3151 1512 3204 Consol.
1555 3152 1625 3204 ad

619 3233 805 3308 Polyb.
837 3251 953 3303 cap.
983 3232 1050 3283 32
1083 3252 1096 3281 :
1138 3255 1161 3278 ιι
1180 3230 1471 3285 Clementia
1499 3246 1624 3298 tua,

621 3318 828 3380 Caesar,
859 3313 1052 3376 efficit,
1087 3324 1147 3363 ut
1179 3312 1494 3381 quietiorem
1525 3312 1625 3364 sub

621 3410 675 3448 to
701 3404 861 3463 agant
883 3391 1044 3443 vitam
1072 3387 1309 3455 exsulem,
1339 3407 1498 3461 quam
1528 3408 1627 3441 nu-

619 3492 720 3546 per
743 3470 841 3523 sub
865 3469 995 3521 Caio
1019 3486 1174 3539 egere
1195 3469 1478 3539 principes.
1500 3469 1626 3519 Non

619 3550 923 3624 trepidant,
957 3564 1058 3598 nec
1085 3564 1182 3616 per
1207 3544 1438 3615 singulas
1467 3545 1626 3597 horas

622 3629 857 3703 gladium
871 3636 1200 3697 exspectant,
1214 3642 1314 3676 nec
1329 3622 1398 3675 ad
1415 3642 1627 3678 omnem

626 3712 839 3765 navium
862 3716 1212 3776 conspectum
1228 3716 1440 3774 pavent.
1465 3727 1487 3752 ιι

691 3806 738 3841 a.
761 3787 932 3856 Quum
947 3782 1164 3853 discerpi
1175 3780 1472 3835 Senator-em
1485 3820 1505 3847 ,
1523 3796 1623 3834 etc.

625 3867 962 3924 Scribonium
1004 3861 1286 3915 Proculum
1323 3860 1451 3914 dicit
1487 3863 1591 3914 Dio
1612 3902 1629 3929 ,

629 3946 776 4010 ux,
808 3943 907 4010 26,
934 3941 1028 3995 ubi
1053 3940 1188 3993 vide.

702 4024 751 4076 3.
796 4023 1056 4095 Gmphiis.
1085 4019 1220 4073 Vide
1253 4033 1360 4073 not.
1399 4019 1466 4073 ad
1499 4022 1625 4073 (ἐστε.

632 4122 748 4175 cap.
783 4104 866 4154 82.

1713 2915 2009 2967 Stoicorum
2056 2914 2352 2981 imma-054
2403 2918 2568 2969 utitur
2612 2916 2717 2967 La-

1714 3004 1876 3045 ctant.
1899 2994 2002 3057 VI,
2029 3010 2107 3063 ¹7·
2130 2992 2404 3045 Laudabat
2422 2994 2581 3047 Caius
2600 3013 2715 3046 eam

1714 3072 1879 3123 animi
1926 3070 2224 3124 firmitatem
2250 3110 2267 3139 ‚
2325 3090 2433 3143 qua
2488 3074 2717 3125 immotis

1715 3149 1883 3202 oculis
1924 3151 2290 3203 cruentissima
2334 3148 2717 3223 suppliciorum

1715 3230 2016 3301 spectacula
2030 3230 2303 3304 adspicere
2312 3244 2540 3303 poterat.
2562 3231 2715 3283 Haud

1714 3312 1897 3381 inepta
1933 3326 2012 3361 est
2046 3308 2221 3382 glossa
2257 3309 2429 3363 codd.
2466 3328 2716 3382 quorum-

1716 3384 1871 3450 dam,
1906 3385 2048 3438 ·hoc
2074 3400 2180 3453 oct,
2208 3387 2669 3447 inverecundiam3
2691 3411 2713 3434 n

1716 3461 2065 3533 &carpine-San
2102 3467 2242 3517 enim
2280 3484 2413 3536 saepe
2454 3479 2534 3518 est
2570 3465 2719 3518 «sm-

1718 3546 1860 3597 σθειι.
1902 3545 2037 3598 Vide
2078 3544 2301 3600 casaub.
2343 3545 2410 3599 ad
2447 3546 2592 3600 huuc
2634 3547 2716 3599 lo-

1717 3642 1872 3692 cum,
1897 3638 1949 3677 et
1971 3624 2042 3676 cf.
2072 3625 2202 3692 Dio,
2230 3624 2373 3691 LIX,
2406 3644 2485 3679 ιο.

1758 3730 1769 3741 ·
1792 3720 1841 3755 a.
1878 3704 1953 3755 Et
1972 3705 2031 3755 in
2050 3722 2239 3757 omnes.
2271 3706 2347 3757 Ita
2368 3724 2491 3758 cum
2512 3704 2715 3761 Emest.

1720 3796 1773 3837 et
1795 3782 2144 3857 Oudendorp.
2175 3784 2457 3841 edidimus.
2490 3788 2645 3859 vulg.
2671 3802 2723 3843 et

1724 3864 1942 3915 homini.
1978 3864 2253 3936 Reliquam
2278 3866 2523 3919 lectionis
2551 3871 2721 3919 varie-

1720 3954 1885 3995 tatem
1916 3944 2255 4019 virorumque
2278 3944 2559 3997 doctorum
2594 3964 2722 3999 cou-

1716 4022 1967 4091 jecturas-
1992 4022 2109 4076 vide
2144 4023 2288 4096 apud
2334 4024 2614 4077 Burmann.
2670 4040 2723 4083 et

1725 4100 2071 4174 Oudendorp.
