3050 5004
1163 498 1441 563 NERO.

2230 502 2343 569 1⁴61

247 629 596 695 Memoriae
621 627 894 693 Domitii
916 628 1128 718 patris
1153 626 1448 693 honores
1467 634 1488 661 ²
1519 626 1848 693 maximos
1868 624 2122 695 habuit.
2158 633 2355 697 Matri

247 760 592 803 summam
609 738 922 803 omnium
939 760 1170 802 rerum
1189 733 1619 829 publicarum
1640 737 2193 831 privatarumque
2218 763 2367 831 per-

247 849 430 915 misit
443 845 495 915 3.
535 850 760 915 Primo
801 848 1004 915 etiam
1045 848 1308 939 imperii
1347 843 1457 913 die
1501 848 1775 939 signum
1812 846 2177 919 excubanti
2216 854 2367 919 Tri·-

249 959 434 1027 buno
477 956 671 1026 dedit
711 988 742 1019 κ
767 960 1110 1051 Optimam
1149 974 1470 1025 matrem:
1497 988 1527 1017 ν
1575 980 1656 1025 ac
1699 956 2017 1053 deinceps
2060 956 2367 1052 ejusdem

251 1095 430 1164 saepe
453 1068 698 1139 lectica
725 1094 848 1163 per
875 1068 1224 1161 publicum
1253 1067 1456 1135 simul
1477 1084 1711 1136 vectus
1736 1084 1859 1137 est.
1890 1075 2167 1141 Antium
2190 1074 2368 1143 colo·

251 1185 430 1249 niam
459 1179 822 1264 deduxit4‚
845 1184 1154 1271 ascriptis
1183 1182 1516 1247 veteranis
1552 1205 1589 1248 e
1612 1184 1929 1273 praetorio
1946 1232 1963 1264 ,
1989 1182 2369 1279 additisque

254 1317 374 1385 per
427 1292 758 1361 domicilii
809 1291 1324 1359 translationem
1342 1290 1366 1328 ⁵
1415 1291 1759 1359 ditissimis
1808 1292 2371 1385 primipilarium:

263 1403 374 1471 ubi
405 1420 480 1471 et
507 1418 788 1495 portum
808 1406 1039 1495 operis
1065 1403 1585 1469 sumtuosissimi
1612 1399 1832 1470 fecitss.

345 1518 434 1582 X.
493 1522 760 1607 Atque,
809 1528 892 1579 ut
935 1515 1292 1579 certiorem
1336 1510 1563 1579 adhuc
1605 1509 1905 1579 indolem
1953 1515 2378 1601 ostenderet,

269 1656 296 1684 a
319 1648 404 1692 ex
449 1626 744 1715 Augusti
793 1625 1190 1716 praescripto
1233 1624 1725 1715 imperaturum
1770 1646 1879 1705 se,
1904 1654 1931 1683 n
1988 1624 2334 1715 professus
2360 1677 2379 1708 ,

257 1726 482 1829 neque
512 1732 934 1801 liberalitatis
955 1784 974 1814 ,
1013 1754 1236 1827 neque
1269 1730 1645 1799 clementiae
1669 1783 1686 1813 ,
1718 1754 1843 1799 nec
1872 1734 2205 1823 comitatis
2236 1736 2383 1829 qui·-

257 1843 417 1913 dem
450 1844 860 1913 exhibendae
894 1842 1106 1910 ullam
1134 1844 1557 1909 occasionem
1594 1842 1817 1908 omisit
1836 1859 1880 1908 ¹.
1914 1844 2235 1911 Graviora
2271 1870 2383 1913 ve-

273 2068 406 2121 nihil
425 2082 654 2139 regente
675 2088 739 2121 eo
767 2066 1014 2139 Reipuhl.
1041 2070 1191 2119 triste
1211 2066 1285 2118 ‘ab

277 2148 510 2200 externis
550 2147 844 2211 accidisse,
875 2148 1058 2218 pronis
1097 2147 1286 2197 animis

275 2225 491 2288 audita3
511 2240 798 2298 postquam
812 2224 880 2277 ad
897 2223 1286 2296 providentiam

273 2306 704 2377 sapientiamque
741 2304 884 2357 flexit
903 2340 922 2369 ‚
961 2322 1118 2355 nemo
1155 2304 1288 2356 risui

275 2398 612 2455 temperare,
648 2401 974 2457 quamquam
1009 2383 1214 2447 oratio,
1252 2401 1285 2433 a

273 2463 476 2518 Seneca
498 2466 796 2536 composita
812 2501 829 2531 ‚
859 2461 1084 2516 multum
1105 2462 1279 2514 cultus

273 2545 560 2614 preferret.
579 2567 602 2592 υ
629 2543 788 2597 conf.
813 2544 972 2595 etiam
999 2541 1068 2594 ad
1095 2541 1282 2595 Claud.

271 2639 388 2695 cap.
406 2622 498 2692 45.

343 2729 390 2764 2.
427 2712 708 2764 Mmorioe
729 2711 953 2764 Domitii
971 2711 1160 2782 patu-is,
1187 2709 1284 2761 lio-

273 2809 446 2856 nores,
467 2803 571 2842 etc.
595 2791 966 2861 Fragmentum
989 2788 1206 2861 lapidis,
1227 2791 1284 2840 in

276 2890 406 2944 quo,
423 2873 487 2923 in
505 2891 651 2924 sacra
670 2873 756 2924 via
775 2873 1040 2924 memoria!
1059 2875 1151 2924 Cn.
1175 2871 1282 2922 Do-

275 2954 411 3006 mitii
426 2953 761 3007 Ahenobarbi
784 2952 1074 3006 immolasse
1097 2971 1154 3004 se
1170 2989 1187 3016 .,
1203 2964 1284 3003 te-

279 3046 440 3088 statur
469 3036 644 3100 Nero,
668 3033 956 3087 attulerunt
987 3034 1211 3086 Ursinus
1236 3044 1288 3084 et

275 3115 580 3168 casaubon.
625 3115 876 3181 Tacitus,
910 3112 1100 3166 Annal.
1135 3115 1288 3176 xul,

286 3211 370 3262 io,
389 3219 412 3244 ι
427 3193 634 3248 Eodem
655 3211 796 3247 anno
813 3193 1163 3266 (808)Caesar
1177 3191 1290 3245 effi-

279 3275 412 3344 giem
451 3276 550 3327 Cn.
589 3273 822 3326 Domitio
861 3273 1058 3345 patri...
1101 3272 1286 3343 petivit

279 3367 310 3402 a
330 3353 545 3407 Senatu.
563 3377 592 3401 v

345 3443 396 3496 3.
427 3443 602 3496 Matri
620 3461 899 3496 summam.
919 3481 930 3492 .
949 3482 959 3493 .
975 3479 990 3492 .
1015 3459 1204 3493 renim.
1223 3479 1233 3490 .
1253 3479 1284 3492 ..

280 3523 526 3592 permisit.
567 3523 738 3574 Tacit.
783 3519 976 3572 Annal.
1020 3521 1171 3585 xm,
1218 3537 1245 3571 2
1270 3541 1282 3571 :

288 3621 310 3645 e
327 3597 606 3673 Propalam'
629 3617 813 3652 omnes
835 3601 890 3652 in
914 3617 1028 3652 eam
1053 3597 1287 3650 honores

282 3679 718 3745 cumulabantur,
767 3679 1087 3749 signumque
1137 3695 1287 3728 more

283 3758 475 3812 militiae
492 3760 696 3830 petenti
711 3757 952 3810 Tribuno
973 3756 1122 3809 dedit
1145 3755 1288 3829 Opti-

283 3855 378 3891 moe
395 3839 590 3892 matris.
611 3839 826 3890 Decreti
843 3852 894 3889 et
916 3857 946 3890 a
966 3839 1158 3889 Senatu
1176 3837 1285 3888 duo

285 3913 490 3970 lictores
510 3954 527 3983 ‚
571 3915 892 3969 Flaminium
943 3913 1234 3968 Claudiale.
1258 3937 1281 3962 ιι

287 3997 363 4048 cf.
400 3997 602 4068 xiphil.
641 3999 787 4064 in‚
825 3997 857 4050 3
873 4033 890 4060 ‚
932 3993 1026 4046 ubi
1061 3995 1286 4047 Reimar.

282 4077 568 4148 Agrippina
594 4075 740 4146 apud
765 4077 995 4138 Ricina,
1025 4073 1287 4124 Britanni·

287 4173 394 4220 cus,
425 4169 529 4208 act.
557 4157 615 4223 1,
640 4171 714 4207 sc.
751 4172 794 4221 ι,
825 4155 1104 4225 pristinam
1131 4165 1286 4223 pote-

283 4247 466 4286 statem
490 4236 739 4288 amissam
766 4236 1032 4305 queritur:

467 4327 563 4392 ΙΙ.

1377 2064 1468 2106 Nou
1477 2094 1490 2115 ‚
1507 2078 1593 2106 non
1602 2095 1615 2115 ,
1632 2064 1671 2105 le
1684 2072 1791 2107 tems
1804 2063 1907 2107 n‘ezt
1918 2064 2011 2121 plus
2024 2078 2103 2123 que
2114 2065 2249 2109 Nem
2259 2066 2385 2123 §eune

1375 2188 1441 2229 Me
1457 2139 1669 2246 ηιξῖἒζειιῗι
1682 2188 1742 2231 les
1756 2202 1869 2230 voenx
1882 2186 2005 2230 d'nne
2017 2203 2117 2231 cour
2128 2190 2199 2247 qui
2210 2188 2386 2245 l'adore3

1375 2250 1573 2307 Lorsqu'il
1589 2266 1629 2293 se
1644 2252 1823 2308 reposcit
1837 2265 1908 2293 sur
1920 2252 2005 2293 moi
2018 2250 2069 2292 de
2084 2262 2174 2293 tout
2187 2252 2319 2306 l’etat3

1371 2312 1465 2369 Que
1479 2326 1579 2355 mon
1592 2312 1713 2354 ordre
1724 2326 1777 2353 au
1792 2312 1919 2369 pelais
1931 2312 2167 2355 assemblait
2176 2312 2217 2355 le
2230 2315 2349 2357 sextat
2360 2346 2373 2361 ,

1373 2374 1426 2415 Et
1455 2388 1535 2431 que
1564 2373 1745 2417 deenen
1770 2389 1829 2417 un
1856 2372 1979 2423 veile,
2005 2374 2195 2419 invisible
2224 2386 2266 2419 ct
2296 2379 2393 2433 pre»

1509 2447 1633 2479 sente
1642 2461 1655 2483 ι

1372 2506 1512 2547 Τόιιίι
1534 2505 1586 2548 de
1608 2519 1653 2545 ce
1678 2504 1811 2560 grand
1838 2519 1957 2560 corps
1984 2506 2105 2546 rime
2135 2515 2251 2549 toute
2276 2509 2391 2564 puis-

1511 2575 1641 2608 sante.

1447 2645 1737 2712 4.Antium
1749 2643 2013 2696 coloniam
2024 2644 2264 2713 deduxit,
2283 2662 2383 2700 etc.

1369 2725 1541 2777 Tacit.
1572 2723 1764 2776 Annal.
1794 2725 1933 2790 XIV,
1965 2741 2052 2794 27,
2094 2747 2117 2772 ι
2136 2726 2385 2780 Veterani

1372 2807 1663 2857 Tarentum
1715 2817 1769 2858 et
1816 2805 2035 2856 Antium
2080 2805 2379 2881 adscripti.-

1373 2885 1511 2936 Ann.
1534 2884 1659 2951 814.

1451 2963 1500 3015 5.
1541 2964 1645 3016 Per
1678 2963 1935 3018 domicilii
1970 2967 2386 3023 translationem.

1375 3044 1502 3098 scil.
1550 3045 1857 3115 praetoriani
1902 3045 2227 3102 domicilium
2274 3071 2385 3104 non

1377 3123 1685 3189 habebant,
1731 3125 1825 3177 sed
1870 3127 2221 3198 primipilares
2266 3144 2388 3184 tan-

1379 3215 1525 3268 tum,
1554 3215 1615 3254 ut
1651 3205 1810 3256 cives.
1843 3206 1936 3257 His
1966 3218 2018 3258 et
2054 3207 2183 3278 ipsis
2218 3211 2385 3262 Roma

1379 3283 1709 3354 migrandum
1734 3286 1838 3336 fuit
1860 3287 2097 3337 Antium.

1449 3361 1502 3415 6.
1552 3362 1650 3414 Ubi
1687 3372 1739 3413 et
1768 3372 2039 3433 portum...
2077 3363 2233 3430 feel&
2273 3387 2385 3440 quo

1377 3440 1595 3491 carebat
1617 3452 1859 3512 tempore
1886 3439 2161 3494 Strabonis
2185 3441 2382 3511 (Strab.

1376 3523 1444 3586 V,
1463 3518 1495 3571 3
1511 3558 1529 3585 .,
1555 3517 1635 3591 5).

1448 3600 1513 3650 Χ.
1544 3617 1587 3651 ι.
1608 3599 1796 3672 Neque
1815 3597 2191 3653 liberalitatis...
2218 3600 2385 3656 ullam

1378 3682 1696 3732 occasionem
1720 3680 1908 3732 omisit.
1930 3678 2063 3732 Vide
2080 3681 2249 3733 Tacit.
2276 3682 2386 3734 An-

1376 3756 1483 3810 nal.
1521 3759 1675 3825 XIII,
1708 3775 1805 3822 10,
1838 3775 1937 3819 ¹¹3
1971 3756 2151 3809 Aurel.
2178 3761 2381 3813 Victor.

1377 3839 1510 3891 Caes.
1554 3839 1617 3900 5;
1654 3839 1794 3911 Epit.
1838 3836 1887 3890 5.
1941 3835 2122 3891 Senec.
2162 3838 2229 3892 de
2266 3839 2387 3894 Cle-

1379 3931 1540 3970 ment.
1582 3919 1637 3985 l,
1683 3935 1773 3984 ιι,
1821 3919 2187 3989 ncomparare
2226 3937 2386 3971 nemo

1381 3995 1778 4048 mansuetudini
1812 4009 1915 4047 tuae
1949 3995 2163 4048 audebit
2198 3997 2387 4052 Divum

1378 4077 1705 4144 Augustum,
1728 4076 1931 4127 etiamsi
1954 4078 2008 4126 in
2027 4089 2289 4128 certamen
2300 4079 2389 4148 ju·
2432 4083 2435 4086 ’

1379 4152 1631 4205 venilium
1655 4173 1917 4206 annorum
1943 4151 2221 4206 deduxerit
2243 4175 2391 4209 sene·

1381 4245 1581 4283 cuntem
1603 4232 1725 4302 pius
1751 4233 1911 4302 qiiam
1932 4246 2215 4302 maturam,
2240 4249 2340 4288 etc.
2363 4261 2387 4284 ιο
