3050 5004
1012 518 1682 586 VESPAsiANUs.
2272 520 2402 605 357

293 653 459 720 dum
490 650 903 746 quandoque
925 648 1039 741 jus
1067 648 1249 730 fisci,
1279 650 1654 740 ingenuum
1683 669 1756 713 se
1783 662 1852 713 et
1877 646 2240 716 Lachetem
2267 672 2412 715 mu·

292 779 431 831 tato
468 764 747 828 nomine
788 774 1083 852 coeperat
1116 758 1293 825 ferre
1312 809 1331 839 ,
1368 764 1409 823 ὦ
1451 771 1665 845 Λάχης,
1703 771 1919 845 Λάχης,
1958 768 2088 826 ἐπὰν
2115 770 2409 845 ἀποθάνῃς,

291 880 447 947 αὖθις
472 883 693 959 ὅξαρχῆς
716 878 811 959 ’ἔσῃ
842 882 1093 959 Κήρυλος.
1124 868 1417 933 Maxime
1444 883 1672 933 tamen
1699 864 2116 935 dicacitatem
2142 868 2416 937 affecta-

294 984 414 1051 bat
448 985 522 1049 in
554 980 973 1049 deformibus
1005 979 1244 1061 lucris,
1274 994 1353 1045 ut
1384 977 1708 1045 invidiam
1738 978 1966 1073 aliqua
1993 978 2416 1048 cavillatione

293 1092 615 1173 dilueret,
644 1088 1173 1183 transferretque
1206 1087 1294 1156 ad
1328 1088 1525 1155 sales.
1560 1088 1918 1175 Quendam
1947 1114 1986 1157 e
2013 1094 2184 1159 caris
2215 1093 2416 1158 mini·

297 1204 454 1269 stris
473 1254 491 1284 ,
540 1198 1113 1293 dispensationem
1127 1198 1157 1249 4
1202 1196 1474 1266 cuidam
1491 1250 1510 1279 ‚
1560 1201 1754 1293 quasi
1801 1190 2031 1284 fratri,
2075 1218 2416 1292 petentem

296 1340 514 1411 quum
544 1312 944 1397 distulisset,
985 1316 1211 1406 ipsum
1238 1311 1674 1382 candidatum
1699 1311 1788 1379 ad
1826 1338 1901 1381 se
1933 1319 2233 1402 vocavit3
2263 1342 2418 1385 exa-

297 1446 545 1523 ctaque
563 1428 851 1521 pecunia
866 1478 885 1507 ,
915 1444 1239 1520 quantam
1261 1428 1315 1494 is
1345 1448 1501 1492 cum
1529 1426 1974 1517 suffragatore
1999 1452 2126 1495 suo
2143 1433 2418 1523 pepige-

296 1554 437 1621 rat,
490 1540 635 1605 sine
683 1559 875 1604 mora
927 1534 1283 1603 ordinavit.
1346 1533 1812 1625 Interpellanti
1863 1560 2022 1604 mox
2071 1541 2418 1621 ministre,

308 1678 337 1707 α
356 1646 585 1715 Alium
610 1646 765 1729 tibi,
786 1677 815 1707 n
850 1648 977 1727 ait,
1016 1674 1043 1705 α
1061 1668 1291 1739 quaere
1318 1645 1600 1711 fratrem
1627 1671 1643 1711 ε
1669 1644 1812 1727 hic,
1842 1671 2044 1740 quem
2081 1666 2276 1717 tuum
2296 1676 2422 1743 pu-

300 1774 437 1839 tas,
471 1779 665 1824 meus
702 1772 825 1824 est.
853 1786 879 1817 n
918 1754 1295 1823 Mulionem
1338 1757 1407 1822 in
1440 1757 1682 1823 itinere
1714 1756 2014 1850 quodam
2040 1762 2421 1852 suspicatus

299 1863 388 1933 ad
422 1864 801 1934 oelciandas
838 1865 1061 1933 mulas
1090 1863 1475 1947 desiluisse,
1506 1881 1585 1931 ut
1611 1864 1887 1934 adeunti
1923 1867 2237 1960 litigatori
2268 1892 2424 1963 spa-

300 1979 477 2044 tium
504 1999 903 2070 moramque
930 1976 1295 2067 praeberet,
1323 1977 1796 2069 interrogavit,
1833 2010 1860 2063 ᾳ
1877 1984 2128 2066 Quanti
2150 1982 2425 2050 calcias-

302 2090 445 2155 set?
464 2116 491 2147 n
513 2103 888 2181 pactusque
908 2102 1013 2153 est
1030 2086 1201 2153 lucri
1220 2103 1504 2179 partem.
1529 2088 2074 2180 Reprehendenti
2092 2092 2230 2160 filio
2241 2098 2420 2177 Tito,

302 2197 491 2294 quod
526 2202 727 2265 etiam
768 2202 987 2265 urinae'
1009 2198 1334 2291 vectigal⁵
1370 2217 1794 2269 commentus
1823 2221 2027 2289 esset,
2063 2211 2424 2298 pecuniam

304 2334 390 2378 ex
429 2314 649 2403 prima
683 2313 1011 2403 pensione
1053 2310 1353 2380 admovit
1384 2309 1473 2378 ad
1509 2336 1745 2395 nares,
1783 2318 2158 2401 sciscitans,
2205 2349 2232 2379 a
2253 2344 2422 2387 num

305 2422 517 2491 odore
540 2422 1035 2510 offenderetur3
1058 2455 1083 2483 n
1118 2440 1186 2491 et
1206 2422 1323 2491 illo
1349 2440 1668 2517 negante,
1703 2455 1729 2484 a<
1749 2428 1983 2521 Atqui,
2005 2459 2032 2487 n
2056 2430 2306 2525 inquit,
2340 2422 2423 2497 «e

306 2534 471 2604 lotio
494 2551 617 2604 est.
641 2563 668 2594 a»
697 2536 1109 2602 Nunciantes
1134 2535 1390 2628 legatos
1405 2533 1432 2573 ⁶
1448 2587 1465 2616 ,
1496 2565 1523 2596 a
1541 2535 1882 2604 decretam
1907 2541 1966 2604 ei
1989 2537 2260 2630 publice
2281 2565 2422 2608 non

379 2720 430 2786 4.
455 2721 903 2792 Dispensationem
921 2742 939 2782 ,-
958 2721 1011 2774 h.
1036 2741 1081 2774 e.
1104 2721 1323 2794 dispen-
1412 2722 1718 2776 Cf.Ernest.
1734 2722 1804 2774 ad
1816 2724 2311 2794 Tacit.Annal.XI,
2327 2729 2420 2801 32,

308 2803 499 2855 satoris
519 2819 731 2854 munus.
752 2803 1050 2864 Ordinavit,
1071 2804 1225 2870 fecit,
1246 2806 1323 2854 in·
1416 2803 1719 2876 «jussitque,
1732 2803 2134 2857 utBritannicns
2145 2809 2428 2862 etOctavia

308 2883 482 2933 stituit
504 2881 939 2950 dispensatorem.
1410 2883 1467 2933 in
1498 2882 1836 2953 complexum
1868 2886 2033 2954 patris
2063 2901 2373 2959 peryerent3
2396 2915 2419 2939 n

381 2958 432 3011 5.
456 2958 775 3028 Quodetiam
784 2961 951 3011 urinoe
962 2959 1203 3034 vectiqas,
1217 2973 1319 3013 etc.
1411 2961 1684 3013 Drakenb:
1708 2973 1761 3014 et
1777 2961 1976 3014 Duker.
2001 2963 2070 3015 ad
2089 2965 2199 3017 Liv.
2220 2968 2425 3038 XXIII,

308 3039 467 3092 conf.
479 3037 679 3111 Xiphil.
694 3041 875 3105 LXVI,
897 3038 975 3108 14.
997 3042 1081 3092 An
1092 3039 1321 3094 fullones
1416 3057 1445 3091 2
1458 3059 1475 3092 ι
1485 3079 1501 3106 ,
1520 3055 1574 3092 et
1587 3043 1804 3108 xxxn,
1828 3042 1905 3094 16.
1921 3039 2118 3096 Noster
2131 3049 2290 3100 etiam
2303 3045 2434 3104 Tib.

308 3123 462 3172 urina
482 3119 573 3172 illa
590 3123 674 3182 nsi
692 3121 914 3186 fuerint,
936 3141 1003 3174 an
1025 3134 1224 3174 certum
1241 3141 1326 3175 ve·
1418 3137 1481 3172 υ
1496 3159 1512 3186 ,
1541 3144 1564 3168 α
1585 3121 1873 3189 codicillis,
1895 3122 2116 3195 quibus,
2136 3137 2198 3178 ut
2219 3128 2431 3200 idface-

309 3198 472 3270 ctigal
504 3199 688 3252 datum
714 3202 806 3265 iis,
840 3203 1019 3272 quiin
1055 3201 1325 3274 amphoris
1416 3211 1515 3268 ret,
1529 3203 1829 3274 jubebatur.
1853 3227 1875 3248 n
1903 3205 2080 3275 Atque
2103 3205 2242 3259 idem
2270 3229 2432 3280 pror-

310 3279 529 3352 publice
547 3280 823 3332 collocatis
836 3283 1064 3332 vesicam
1081 3301 1328 3335 exonera·
1416 3297 1506 3331 sus
1523 3295 1628 3347 est,
1648 3282 1797 3352 quod
1811 3281 1864 3332 h.
1883 3282 2129 3354 Ljusst't...
2146 3302 2426 3360 ponerent,

310 3379 367 3413 re
388 3359 611 3422 vellent,
636 3360 915 3412 incertum.
938 3362 1074 3413 Vide
1096 3363 1323 3416 Casaub.
1416 3359 1612 3411 omisso
1637 3370 1710 3410 ut.
1734 3359 1980 3412 violenta
2008 3365 2148 3414 enim
2176 3379 2256 3418 est
2280 3370 2430 3420 crisis

316 3439 383 3492 ad
410 3439 467 3490 h.
494 3439 531 3489 l.
558 3451 611 3490 et
633 3440 861 3491 Reimar.
896 3439 961 3491 ad
984 3440 1183 3512 Xiphil.
1418 3438 1643 3488 Ernestii
1661 3473 1678 3500 ,
1711 3440 1802 3509 qui
1831 3455 1952 3488 cum
1981 3440 2288 3496 But-manno
2317 3449 2433 3501 sine

386 3519 437 3572 6.
484 3519 815 3572 Nunciantes
846 3517 1069 3592 leyatos,
1110 3535 1213 3572 etc.
1251 3523 1329 3574 Ita
1416 3515 1566 3569 libris
1577 3515 1722 3569 dedit
1729 3535 1939 3588 ponere,
1957 3519 2434 3595 utvulgarisgram-

316 3597 487 3650 codd.
506 3599 713 3668 antiqui
728 3615 930 3650 omnes.
951 3598 1034 3649 Al.
1057 3599 1331 3651 Nuncian-
1418 3599 1621 3650 maticae
1636 3597 1780 3668 leges
1791 3615 2144 3654 servarentur.
2163 3603 2244 3656 Cf.
2262 3609 2430 3662 Tacit.

318 3679 451 3732 tibus
464 3678 675 3751 quatae's,
698 3679 919 3748 quinon
940 3677 1105 3730 dativi
1124 3693 1327 3745 essent,
1420 3677 1614 3729 Annal.
1650 3678 1794 3743 xm,
1829 3677 1919 3743 15,
1956 3702 1978 3724 κ
2001 3681 2091 3732 ubi
2123 3684 2434 3741 Britannico

309 3756 572 3828 jungendi
600 3755 763 3808 verbo
776 3758 957 3829 jussit,
989 3757 1084 3810 sed
1116 3758 1332 3812 ablativi
1406 3756 1590 3829 jussit,
1611 3765 1918 3830 exsurgeret,
1941 3768 2434 3833 progressusquein

318 3837 581 3901 absoluti,
628 3853 778 3887 more
828 3837 1011 3888 Graeco
1056 3840 1331 3906 praemissi.
1424 3835 1682 3903 medium,
1719 3849 1938 3888 cantum
1973 3838 2202 3911 aliquem
2235 3843 2436 3916 incipe-

318 3919 445 3967 Post
459 3915 647 3987 jussit,
683 3913 749 3965 al.
788 3923 849 3966 ut
878 3933 977 3985 pro
1011 3915 1123 3982 vel,
1160 3916 1331 3988 quod,
1424 3931 1527 3983 ret,
1550 3943 1572 3966 u
1607 3919 1700 3970 ubi
1729 3917 1912 3971 eadem
1945 3921 2142 3992 ellipsis
2169 3925 2438 3994 particulae

320 3997 423 4048 nisi
450 3994 695 4046 meliores
726 3993 847 4044 libri
876 4011 939 4045 ex
968 4013 1071 4046 usu
1100 3994 1336 4047 Suetonii
1424 4011 1510 4066 ut,
1543 4010 1595 4051 et
1614 4001 1834 4069 junctus
1859 4001 2016 4051 etiam
2042 4001 2250 4056 dativus
2273 4006 2438 4060 verbo

323 4075 635 4129 exhiberent
658 4073 764 4138 vel,
790 4093 900 4126 non
924 4075 1336 4146 improbandum
1412 4082 1614 4153 jubere,
1635 4078 1785 4152 quod
1799 4093 1974 4131 tamen
1985 4082 2239 4134 Suetonio
2253 4101 2446 4156 praeter

322 4169 479 4218 esset,
494 4173 659 4227 quum
678 4156 1005 4226 optimorum
1016 4158 1337 4227 scriptorum
1430 4161 1798 4212 necessitatem
1825 4161 2024 4213 inferre
2051 4161 2248 4232 nolim,
2277 4185 2444 4236 quum

326 4235 577 4308 exemplis
588 4253 651 4288 ea
666 4237 987 4288 constructio
1004 4234 1337 4288 defendatur.
1430 4237 1594 4292 codd.
1610 4241 1966 4294 accusativum
1984 4239 2282 4298 exhibeant.
2301 4247 2450 4301 Alias
