3050 5004
649 500 692 566 6
757 542 762 553 -
1402 502 1473 565 C.
1523 501 1998 566 SUETONII

642 630 941 723 quentiae
971 627 1436 722 doctrinasque
1466 651 1713 721 genere
1744 626 2140 722 praecellens
2162 681 2181 712 ‚
2214 627 2756 698 benevolentiam

647 737 1058 829 singularem
1077 790 1097 822 ‚
1141 736 1717 833 conciliandaeque
1758 737 2117 806 hominum
2157 741 2387 830 gratiae
2409 791 2429 823 ‚
2474 763 2557 808 ac
2594 745 2755 833 pro—

641 849 954 920 merendi
981 852 1234 919 amoris
1257 852 1510 918 mirum
1534 865 1603 918 et
1622 849 1861 918 efficax
1886 849 2209 919 studium.
2242 855 2501 922 Formae
2528 853 2755 919 minus

641 960 1060 1052 congruebat
1099 959 1435 1052 gracilitas
1475 984 1755 1029 crurum
1769 1013 1789 1044 ,
1836 959 1955 1030 sed
1994 985 2077 1029 ea
2112 985 2385 1058 quoque
2426 961 2757 1054 paulatim

641 1072 936 1165 repleta,
963 1072 1236 1140 assidua
1263 1077 1421 1168 equi
1453 1077 1833 1143 vectatione
1865 1090 2023 1169 post
2052 1073 2609 1143 cibum.·Hostem
2640 1097 2756 1142 co-

641 1186 869 1252 minus
901 1207 1081 1277 saepe
1111 1187 1469 1278 percussit.
1500 1187 1735 1254 Oravit
1760 1183 2038 1254 causas³
2065 1189 2268 1254 etiam
2288 1185 2753 1279 triumphalis3

640 1310 848 1390 atque
879 1297 1058 1363 inter
1091 1312 1316 1364 cetera
1351 1297 1735 1366 studiorum
1762 1315 2207 1366 monumenta
2242 1297 2515 1392 reliquit
2548 1313 2617 1365 et
2646 1321 2758 1366 co-

640 1408 923 1477 moedias
950 1411 1244 1478 GraecaS.
1275 1411 1471 1477 Domi
1493 1409 1796 1506 forisque
1820 1408 2067 1478 civilis:
2092 1407 2307 1478 libera
2327 1431 2409 1476 ac
2432 1407 2755 1476 foederata

639 1517 896 1611 oppida
929 1519 1076 1586 sine
1112 1518 1504 1588 lictoribus4
1536 1519 1785 1589 adibat.
1826 1519 2049 1589 Sicubi
2084 1519 2425 1590 clarorum
2452 1521 2757 1589 virorum

637 1627 958 1722 sepulcra
985 1647 1455 1722 cognosceret,
1483 1631 1757 1699 inferias
1792 1631 2109 1700 Manibus
2146 1630 2373 1700 dabat.
2411 1634 2757 1699 Caesorum

639 1738 832 1808 clade
854 1742 1152 1808 Variana
1181 1759 1442 1810 veteres
1469 1765 1551 1810 ac
1584 1741 1930 1836 dispersas
1968 1743 2287 1838 reliquias
2318 1765 2459 1810 uno
2489 1741 2757 1810 tumulo

637 1849 1048 1918 humaturus
1062 1902 1081 1934 ,
1119 1851 1436 1944 colligere
1472 1873 1601 1920 sua
1637 1876 1849 1920 manu
1864 1904 1882 1935 ‚
1921 1869 1990 1920 et
2026 1868 2453 1946 comportare
2493 1854 2756 1944 primus

600 1985 1000 2054 ⁸aggressus
1039 1961 1198 2029 est⁵.
1243 1961 1826 2030 obtrectatoribus
1865 1965 2101 2047 etiam,
2142 1960 2651 2057 qualescunque
2688 1977 2759 2028 et

637 2089 1170 2168 quantacunque
1198 2073 1284 2141 de
1317 2097 1522 2142 causa
1554 2089 1793 2142 nactus
1828 2090 2035 2158 esset,
2062 2073 2235 2142 lenis
2264 2072 2435 2141 adeo
2468 2090 2537 2141 et
2566 2075 2757 2141 inno-

640 2187 792 2252 xius
811 2238 830 2269 ,
871 2201 950 2253 ut
983 2187 1238 2270 Pisoni,
1270 2185 1544 2254 decreta
1570 2209 1707 2254 sua-
1721 2186 2164 2270 rescindenti,
2202 2184 2547 2253 clientelas
2576 2181 2759 2252 dive-

641 2292 864 2362 xanti⁶
878 2349 896 2382 ,
921 2320 1065 2365 non
1087 2301 1280 2390 prius
1301 2321 1704 2368 succensere
1727 2301 1799 2366 in
1826 2301 2131 2366 animum
2152 2295 2523 2380 induxerit,
2550 2319 2758 2391 quam

641 2551 698 2591 et
717 2538 929 2593 Latino.
952 2536 1088 2593 Vide
1113 2538 1182 2593 ad
1207 2542 1382 2597 Tiber.
1411 2560 1530 2615 cap.
1562 2560 1653 2612 70.
1743 2558 1861 2593 rum
1878 2540 2044 2593 humo
2065 2548 2294 2610 tegeret,
2314 2554 2530 2603 omnes,
2548 2548 2609 2587 ut
2633 2553 2760 2588 con·

717 2630 768 2681 3.
813 2630 998 2683 oravit
1027 2648 1234 2698 causas,
1270 2646 1372 2684 etc,
1403 2631 1485 2684 Cf
1519 2631 1653 2700 Dio,
1738 2622 1983 2691 junctos,
2000 2616 2760 2688 utconsanguineos‚auctain

643 2709 791 2774 LVI,
823 2710 904 2761 26.
931 2709 1086 2764 Ovid.
1118 2712 1332 2777 Fast.1,
1363 2729 1456 2763 21.

643 2793 784 2849 Quas
785 2794 860 2835 iet
861 2794 990 2835 mme
991 2794 1069 2835 uilt
1089 2794 1278 2837 famudi·

1369 2798 1497 2839 simu
1513 2799 1618 2846 oris,

699 2854 772 2897 civ
751 2854 1123 2911 νίοιρτοῑκρίἀίε
1141 2856 1448 2912 quamtulitnr
1401 2872 1516 2899 nrm
1536 2859 1629 2901 reis.

643 2930 796 2979 Patet
819 2938 996 2977 autem
1011 2925 1428 2999 ‚triumphalem
1454 2928 1561 2981 dici
1584 2930 1656 2985 ob

647 3018 960 3059 ornamenta
998 3004 1339 3077 triumphalia
1377 3009 1523 3079 prius
1565 3026 1659 3059 ac-

647 3098 804 3156 cepta
817 3122 836 3150 ‚
857 3104 1020 3156 quum
1033 3087 1212 3137 statim
1228 3099 1351 3157 post
1363 3086 1657 3157 legitimum

643 3162 972 3234 triumphum
998 3164 1054 3215 in
1076 3164 1354 3217 Orientem
1379 3168 1659 3237 profectus

645 3242 825 3297 fuerit.

719 3332 772 3399 4.
811 3330 938 3387 Sine
973 3330 1246 3387 lictoribus.
1285 3330 1508 3389 Athenis
1546 3352 1657 3386 nno

641 3415 834 3467 lictore
867 3432 994 3466 usus
1023 3426 1118 3465 est.
1148 3415 1320 3467 Tacit.
1355 3412 1549 3467 Annal.
1578 3415 1658 3481 Π,

651 3494 752 3561 53,
785 3518 809 3541 ι
829 3494 966 3546 Hinc
995 3504 1210 3547 ventum
1245 3493 1516 3557 Athenas,
1556 3493 1659 3544 foe-

645 3572 866 3647 derique
895 3573 1052 3625 sociae
1073 3586 1126 3624 et
1159 3586 1376 3627 vetustte
1398 3572 1544 3625 urbis
1568 3570 1660 3623 da·

648 3668 790 3720 tum,
810 3666 870 3703 ut
890 3670 999 3705 uno
1020 3650 1210 3705 lictore
1231 3665 1500 3719 uteretur,
1515 3673 1539 3699 ι
1568 3650 1663 3704 ubi

647 3731 769 3787 vide
791 3732 934 3802 Lipc.

721 3816 774 3871 5.
817 3818 1174 3872 Coesorum....
1213 3816 1569 3893 reliquias....
1610 3826 1664 3869 et

651 3910 975 3971 comportare
1008 3896 1218 3969 primus
1254 3916 1516 3971 aqqressus
1555 3906 1660 3957 est,-

651 3994 776 4028 ann.
807 3976 928 4047 768.
947 3977 1115 4029 Tacit.
1142 3978 1193 4043 1,
1217 3974 1314 4028 62:
1347 3998 1370 4024 ιι
1391 3978 1663 4029 Romanus

649 4058 939 4123 exercitus,
972 4068 1180 4109 sextum
1214 4068 1340 4127 post
1373 4053 1541 4107 eladis
1569 4072 1664 4106 an-

647 4152 807 4203 num,
842 4137 1002 4188 trium
1025 4136 1295 4207 legionum
1330 4152 1480 4203 ossa,
1511 4132 1661 4187 nullo

649 4228 938 4279 noscente,
961 4215 1161 4268 alienas
1179 4214 1430 4287 reliquias
1451 4234 1518 4268 an
1539 4233 1665 4268 suo·

1743 2698 1957 2751 hostem
1977 2700 2057 2751 ira
2071 2737 2088 2764 .,
2118 2698 2293 2751 moesti
2316 2694 2473 2749 simul
2496 2708 2549 2747 et
2568 2694 2761 2747 infensi

1747 2776 2070 2831 condebant.
2090 2779 2321 2829 Primum
2340 2774 2663 2827 exstruendo
2685 2788 2761 2827 tu·

1748 2856 1894 2909 mulo
1922 2858 2179 2927 cespitem
2204 2857 2379 2908 Caesar
2400 2855 2611 2925 posuit,
2638 2871 2759 2923 gra-

1745 2936 1949 2987 tissimo
1984 2952 2206 2987 munere
2243 2935 2300 2985 in
2336 2932 2623 2985 defunctos
2644 2970 2661 2997 ‚
2704 2945 2759 2985 et

1746 3013 2093 3085 praesentibus
2130 3012 2332 3066 doloris
2370 3014 2567 3066 socius.
2596 3010 2761 3079 Quod

1746 3095 1960 3149 Tiberio
1984 3094 2133 3149 haud
2159 3094 2479 3166 probatum,
2510 3110 2605 3145 seu
2628 3111 2761 3145 eun-

1748 3188 1833 3227 cta
1852 3174 2155 3227 Germanici
2168 3176 2223 3225 in
2244 3172 2479 3225 deterius
2500 3171 2762 3238 trahenti,

1746 3256 1855 3306 sive
1896 3256 2183 3308 exercitum
2225 3254 2455 3324 imagine
2500 3270 2761 3304 exesorum

1746 3332 2244 3405 insepultorumque
2260 3330 2529 3385 tardatum
2550 3330 2619 3382 ad
2636 3350 2762 3403 pre-

1746 3412 1819 3465 lia
1832 3426 1889 3465 et
1900 3411 2389 3465 formidolosiorem
2402 3410 2639 3465 hostium
2652 3429 2761 3464 cre·

1746 3490 1925 3545 debat.
1946 3516 1971 3541 ο

1820 3579 1875 3632 6.
1894 3579 2129 3631 Divexan
2138 3578 2193 3629 ti.
2216 3579 2531 3648 Recepimus
2550 3596 2649 3651 pro
2668 3578 2761 3631 diu

1752 3661 1962 3713 vexanti
1972 3657 2393 3710 emendationem
2402 3694 2418 3721 ,
2432 3674 2547 3727 quae
2558 3658 2617 3708 Li
2621 3658 2762 3728 poio,

1750 3739 2030 3791 Torrentio
2044 3776 2059 3802 ‚
2100 3735 2353 3789 salmasio
2371 3772 2388 3801 ‚
2434 3738 2487 3787 in
2532 3751 2762 3790 mentem

1748 3818 1921 3885 venit,
1948 3817 2229 3891 probatam
2252 3817 2412 3869 etiam
2435 3814 2654 3869 Wolfio.
2677 3816 2762 3867 In·

1748 3898 1831 3949 fra
1858 3898 1985 3949 Ner.
2015 3895 2113 3964 34,
2144 3918 2165 3942 α
2187 3914 2365 3968 neque
2387 3896 2441 3946 in
2464 3894 2761 3947 diuexanda

1752 3977 2041 4047 quicquam
2072 3978 2225 4047 pensi
2254 3974 2458 4027 habuit.
2478 3994 2501 4017 ¹·
2535 3972 2761 4025 Decreta

1750 4058 1971 4108 rescissa
1994 4072 2029 4107 a
2051 4056 2241 4107 Pisone
2264 4064 2444 4105 narrat
2461 4050 2591 4103 Tac.
2617 4051 2757 4103 Ann.

1750 4134 1831 4201 11,
1854 4134 1955 4204 692
1992 4154 2015 4180 ι
2034 4134 2102 4184 At
2128 4131 2504 4195 Germanicus,
2528 4130 2757 4203 AEgypto

1750 4230 2019 4279 remeans,
2043 4224 2267 4277 cuneta,
2294 4228 2407 4282 que
2426 4207 2571 4281 apud
2590 4210 2759 4281 legio-
