3050 5004
609 402 694 468 88
1356 406 1426 468 C.
1477 406 1946 473 SUETONII

607 532 884 621 pitatum
916 552 1187 625 quoque
1220 534 1290 599 in
1317 530 1575 601 flumen
1597 584 1615 617 ‚
1653 536 1826 603 sicut
1853 514 2127 603 vestitus
2162 536 2547 605 advenerat.
2589 542 2712 603 A-t-

607 664 742 733 que
759 665 840 707 ex
859 664 939 709 eo
955 664 1307 735 nunquam
1326 665 1465 709 non
1485 644 1555 709 in
1568 644 1819 711 Senatu·
1833 647 2233 713 novissimus
2246 646 2707 715 consularium

609 756 1005 821 sententiam
1029 751 1194 821 dixit
1208 806 1226 836 ‚
1251 755 1638 845 ignominiae
1666 779 1871 825 causa
1900 774 2055 849 post
2074 780 2310 826 omnes
2340 760 2709 848 interroga·

609 879 718 929 tus
733 860 784 928 3.
817 864 1032 929 Etiam
1059 865 1350 959 cognitio
1375 862 1525 931 falsi
1552 869 1931 934 testamenti
1968 884 2235 961 recepta
2256 867 2411 936 est⁴
2426 920 2445 951 ‚
2470 869 2544 935 in
2564 890 2707 961 quo

610 986 678 1042 et
714 972 857 1063 ipse
897 974 1294 1065 signaverat.
1344 977 1695 1043 Postremo
1737 978 1937 1043 etiam
1983 980 2361 1045 sestertium
2410 980 2707 1069 octogies

609 1105 734 1173 pro
773 1083 1049 1149 introitu
1083 1085 1256 1149 novi·
1275 1080 1667 1151 sacerdotii⁵
1703 1102 1975 1154 coactus
2013 1088 2437 1180 impendere.
2474 1086 2563 1155 ad
2588 1110 2707 1153 eas

613 1195 706 1260 rei
723 1190 1064 1261 familiaris
1087 1194 1428 1284 angustias
1451 1192 1770 1278 decidit⁶‚
1795 1211 1903 1277 ut,
1930 1220 2143 1290 quum
2164 1196 2524 1289 obligatam
2546 1219 2709 1263 aera-

613 1307 710 1373 rio
734 1303 936 1373 fidem
952 1320 978 1367 7
1007 1302 1292 1371 liberare
1313 1327 1451 1372 non
1481 1322 1740 1398 posset,
1771 1308 1842 1373 in
1870 1331 2157 1375 vacuum
2180 1306 2327 1401 lege
2348 1306 2719 1401 praediato-

614 1421 710 1483 ria
740 1414 990 1483 venalis
1021 1414 1416 1508 pependerit
1444 1416 1573 1484 sub
1600 1416 1817 1485 edicto
1841 1418 2317 1487 Praefectorum
2332 1418 2377 1485 ⁸.

684 1642 733 1693 3.
756 1640 1130 1693 Nouissimas...
1155 1642 1508 1714 intermqatus.
1529 1639 1611 1692 Cf.

615 1735 724 1773 not.
745 1718 815 1771 ad
833 1719 960 1771 Caes.
983 1736 1040 1771 αι
1053 1759 1066 1771 .

690 1801 738 1867 4.
775 1800 994 1871 Recepta
1029 1810 1103 1851 est
1114 1820 1135 1861 ‚·
1172 1798 1398 1852 admissa
1435 1802 1490 1850 in
1528 1798 1615 1850 Se·-

615 1894 770 1943 uatu,
799 1897 908 1931 non
942 1881 1166 1947 rejecta,
1197 1894 1520 1949 quamquam
1544 1878 1615 1929 si-

616 1977 776 2031 gnum
786 1958 964 2029 patrui
977 1956 1231 2027 Principis
1241 1957 1367 2009 satis
1377 1954 1444 2007 ad
1457 1954 1615 2007 fidem

617 2035 914 2088 testamenti
933 2032 1108 2085 valere
1131 2032 1417 2085 debuisset.

687 2115 740 2167 5.
779 2116 884 2166 Pru
913 2113 1135 2166 introitu
1163 2114 1288 2167 novi
1315 2113 1617 2173 ςασεπὶοείἰς

617 2194 764 2266 quod
789 2212 980 2266 nempe
1013 2192 1116 2244 sibi
1140 2193 1298 2245 Caius
1321 2193 1620 2244 instituerat

615 2273 767 2345 (vide
789 2272 956 2342 Caug.
985 2272 1098 2342 22).
1135 2272 1334 2324 Centies
1358 2272 1456 2324 Hs.
1486 2290 1617 2343 pen-

616 2356 739 2405 dere
767 2350 1098 2422 cogebantur
1120 2351 1212 2421 qui
1241 2348 1422 2421 adepti
1446 2363 1617 2402 erant.

616 2438 676 2487 ln
702 2432 808 2485 hoc
839 2433 1028 2502 etipse
1051 2430 1210 2483 Caius
1225 2464 1250 2495 9
1271 2442 1324 2481 et
1349 2446 1482 2481 uxor
1507 2429 1619 2480 Cae-

617 2514 801 2578 sonia,
821 2523 875 2562 et
901 2513 1153 2562 Incitatus
1174 2527 1376 2582 equus,
1393 2521 1446 2561 et
1463 2507 1619 2561 Clau—

617 2595 734 2645 dius
772 2603 991 2663 patruus
1029 2591 1246 2664 ascripti
1283 2591 1449 2640 fuere.
1483 2589 1620 2651 Dio,

615 2674 730 2724 ux
745 2709 762 2738 ‚
783 2673 868 2724 28.
883 2671 994 2720 Cur
1013 2671 1216 2720 Ernest.
1231 2681 1384 2746 vexet
1401 2669 1621 2720 verbum

618 2752 911 2824 impendere
937 2748 1115 2821 (quod
1141 2749 1475 2818 de‚pecunia
1509 2751 1624 2800 adi-

617 2827 736 2880 ciali
769 2840 912 2879 reete
946 2828 1362 2898 interpretantur
1387 2825 1619 2879 Gronov.

620 2907 689 2961 ad
717 2908 886 2958 Tacit.
917 2905 1108 2956 Annal.
1137 2905 1213 2966 11,
1240 2903 1341 2972 65,
1369 2917 1417 2957 et
1444 2907 1619 2958 Burm.

620 2987 690 3040 sd
713 2987 770 3038 h.
791 2987 828 3036 l.
849 2983 976 3037 coll.
1001 2983 1136 3038 Pliu.
1156 2985 1320 3055 Epist.
1347 2986 1394 3036 X
1411 3021 1428 3049 ‚
1459 3003 1480 3038 s
1497 2985 1621 3058 13),

617 3062 902 3135 legendum
945 3080 1165 3114 censens
1209 3064 1462 3131 pendere,
1508 3084 1619 3116 non

619 3145 793 3198 video.
829 3145 966 3194 Nam
1005 3142 1332 3213 impendebat
1367 3147 1524 3197 etiam
1566 3147 1623 3198 in

621 3221 980 3280 sacerdotium
1007 3239 1190 3274 recens
1217 3223 1437 3289 initum,-
1473 3223 1623 3296 quod

617 3304 890 3374 pendebat.
1092 3366 1106 3376 ο

693 3385 744 3440 6.
783 3383 1018 3446 Decidit3
1047 3401 1076 3434 e
1113 3383 1418 3436 conditione
1445 3401 1623 3437 rerum

621 3483 836 3520 suarum
865 3462 1104 3516 feliciore
1133 3462 1202 3514 ad
1227 3467 1494 3534 augustias
1522 3465 1621 3518 de-

614 3547 788 3613 jectus
826 3556 922 3594 est.
959 3543 1084 3593 Non
1127 3556 1204 3594 est
1243 3547 1433 3612 igitur,
1477 3543 1623 3617 quod

623 3638 794 3679 mutes
815 3641 938 3674 cum
961 3624 1166 3676 Ernest.
1190 3623 1382 3677 recidit.
1403 3625 1623 3678 Utrum-

623 3723 725 3776 que
757 3702 976 3756 verbum
1009 3703 1354 3754 mutationem
1384 3706 1438 3754 in
1472 3706 1625 3776 pejus

624 3781 910 3854 §QnificaQ
932 3779 1064 3832 illud
1085 3781 1333 3849 adjuncta
1359 3782 1462 3835 lo‘ci
1481 3821 1496 3849 ,
1519 3780 1623 3834 hoc

622 3861 878 3932 temporis
893 3860 1126 3911 notione.
1143 3860 1206 3911 Et
1225 3859 1490 3930 vulgatam
1502 3897 1519 3926 ‚
1541 3880 1626 3912 re·

621 3952 846 3994 tractata
875 3939 1168 4004 sementia.
1205 3951 1382 3990 tuetur
1415 3939 1623 3991 Ernest-

627 4017 695 4070 ad
743 4017 911 4069 Tacit.
961 4017 1151 4068 Annal.
1201 4019 1248 4069 11
1267 4056 1284 4084 ‚
1336 4017 1403 4070 38
1423 4055 1441 4084 ,
1493 4017 1586 4070 ubi
1608 4057 1624 4084 .,

631 4119 652 4140 u
674 4097 911 4165 quamvis
931 4095 1120 4150 domus
1143 4098 1407 4150 Hortensii
1425 4097 1629 4168 puden—

1702 1640 1823 1693 dam
1850 1641 1920 1693 ad
1948 1643 2187 1713 inopiam
2212 1642 2545 1695 delaberetur.
2568 1662 2591 1687 ι
2628 1642 2711 1691 lta

1704 1737 1803 1773 nos
1820 1717 1959 1773 Galli
1982 1719 2205 1773 dechoi’r.

1778 1812 1827 1865 7.
1870 1795 2167 1871 obligatam
2202 1798 2381 1851 oeran‘o
2406 1794 2608 1869 ῥάκη,-
2642 1814 2711 1848 ex

1706 1894 1813 1947 quo
1851 1892 2091 1931 mutuam
2126 1892 2385 1931 sumserat
2422 1877 2709 1949 pecuniam

1704 1952 1877 2021 illam,
1898 1975 2057 2028 quam
2079 1956 2145 2011 de
2158 1974 2548 2011 suenumerare
2562 1954 2711 2007 haud

1706 2047 1981 2106 potuerat,
2002 2036 2250 2108 obligatis
2264 2036 2466 2108 praediis
2476 2035 2568 2105 (en
2588 2036 2717 2087 don·

1708 2127 1841 2167 nant
1864 2116 2197 2190 hypotheque
2216 2134 2306 2170 sur
2322 2134 2397 2169 ses
2416 2113 2600 2187 biens).

1781 2194 1833 2245 8.
1868 2195 1937 2246 In
1962 2212 2223 2249 vacuum..
2240 2235 2251 2247 .
2268 2235 2280 2245 .
2315 2194 2717 2267 Proesectomm.

1707 2274 1887 2340 Quum
1932 2272 2224 2327 dissolvere
2264 2288 2597 2327 contractum
2640 2292 2713 2325 ωε

1710 2351 1939 2403 alienum
1967 2367 2079 2404 non
2106 2366 2320 2423 posset,
2348 2354 2713 2423 possessiones

1709 2432 1823 2501 ejus
1861 2432 1970 2483 sive
2014 2432 2211 2502 praedia
2250 2430 2487 2504 obligata
2526 2434 2719 2484 aerario

1710 2513 1875 2564 edicto
1910 2513 2283 2586 Proefectorum
2318 2512 2461 2583 (scil.
2494 2514 2678 2566 aerario
2695 2553 2717 2579 ‚

1709 2591 1763 2644 h.
1790 2612 1835 2644 e.
1862 2611 1927 2644 eo
1952 2603 2193 2663 tempore
2224 2597 2507 2646 Praetorum
2542 2613 2603 2646 ex
2630 2596 2717 2645 in—

1710 2671 1897 2722 stituto
1928 2671 2177 2742 Augusti,
2205 2674 2358 2743 cujus
2386 2673 2563 2723 Vitam
2594 2670 2723 2724 vide

1712 2767 1830 2818 cap.
1856 2747 1957 2816 36,
1979 2761 2183 2801 mutato
2208 2752 2374 2803 serius
2398 2771 2431 2802 a
2454 2749 2679 2802 Claudio
2696 2789 2721 2816 ,

1709 2826 1832 2880 vide
1855 2846 1903 2878 c.
1939 2829 2036 2894 24,
2062 2842 2121 2880 ut
2145 2827 2279 2880 adeo
2306 2827 2451 2881 haud
2479 2847 2616 2900 opus
2645 2831 2717 2881 sit

1710 2908 2041 2959 correctione
2064 2909 2351 2960 Praetorum
2366 2946 2384 2973 ‚
2410 2926 2568 2980 quam
2588 2925 2719 2978 pro-

1709 2985 1831 3037 tulit
1852 2987 2043 3038 Loens.
2068 2985 2333 3058 Epiphyll.
2356 2989 2429 3039 lx
2444 3024 2461 3053 ,
2494 2985 2551 3056 ι)
2572 3005 2719 3058 prse-

1710 3067 1909 3137 scripta
1932 3079 2057 3118 sunt
2080 3079 2141 3117 ut
2166 3066 2399 3132 venalia,
2428 3079 2489 3118 ut
2512 3085 2575 3118 ex
2596 3086 2721 3137 pre-

1711 3148 1785 3198 tio
1800 3145 1925 3198 inde
1938 3159 2189 3218 percepto
2206 3149 2393 3200 aerario
2410 3165 2465 3198 sa
2472 3146 2688 3200 tisfieret
2700 3186 2727 3214 ‚‚

1710 3226 1852 3279 unde
1866 3228 1983 3299 ipse
1994 3225 2195 3280 venalis
2204 3227 2506 3300 pependisse
2524 3225 2719 3280 eodem

1712 3303 1904 3370 modo,
1930 3324 2036 3376 quo
2057 3305 2393 3376 proscriptus,
2418 3304 2727 3376 publicatus

1710 3382 1930 3456 aliquis,
1956 3381 2169 3450 dicitur,
2188 3401 2286 3452 pro
2306 3381 2463 3434 bonis
2476 3419 2493 3446 ‚
2518 3380 2583 3432 de
2603 3400 2723 3452 quo

1710 3462 1967 3534 loquendi
1990 3481 2183 3533 genere
2202 3463 2319 3515 vide
2340 3461 2638 3514 Broukhus.
2663 3477 2724 3514 et

1713 3543 1889 3594 Burm.
1922 3541 1991 3592 ad
2022 3539 2075 3592 h.
2106 3541 2142 3592 l.
2176 3539 2437 3594 Harduin.
2474 3541 2541 3592 ad
2578 3540 2720 3594 Plin.

1712 3625 1845 3674 Hist.
1872 3623 1995 3672 Nat.
2021 3623 2175 3688 xm,
2206 3621 2266 3674 15
2296 3620 2457 3690 (29),
2488 3633 2542 3673 et
2575 3621 2727 3674 infra.

1712 3700 1908 3752 Domit.
1928 3717 1990 3768 9,
2010 3722 2033 3746 α
2048 3700 2151 3758 rei,
2170 3701 2263 3772 qui
2282 3713 2403 3752 ante
2422 3701 2727 3771 quinquen—

1714 3782 1861 3832 nium
1886 3782 2183 3849 proximum
2206 3778 2351 3849 apud
2372 3781 2611 3831 aemrium
2630 3801 2707 3850 pe

1712 3859 2021 3931 pendissent.
2043 3881 2065 3906 ι
2106 3857 2166 3910 Id
2199 3859 2398 3910 factum
2439 3858 2551 3932 lege
2579 3877 2723 3930 μηθ-

1715 3941 1933 3992 diatoria
1943 3977 1961 4004 ,
1980 3957 2087 4009 qua
2101 3937 2332 4008 obligata
2352 3937 2571 4008 publico
2588 3957 2725 4009 prae-

1717 4017 1803 4070 dia
1831 4037 2041 4082 eorum,
2076 4018 2166 4088 qui
2192 4016 2446 4069 solvendo
2484 4034 2593 4069 non
2630 4036 2721 4070 es-

1717 4112 1862 4161 sent,
1902 4095 2185 4158 venibant,
2222 4094 2287 4148 de
2316 4115 2417 4166 qua
2450 4109 2569 4166 post
2607 4094 2735 4150 Sal-
