3050 5004
1083 493 1597 561 CLAUDIUS.

287 622 638 715 Quosdam
657 674 676 707 ,
711 626 781 691 in
803 620 1075 717 publico
1107 644 1352 714 parum
1374 621 1771 713 tempestive
1799 616 2127 688 adeuntes
2146 672 2163 703 ,
2193 643 2401 687 manu

287 760 413 805 sua
439 734 712 829 repulit.
752 737 920 802 Item
949 732 1239 800 scribam
1272 732 1707 826 quaestorium
1726 782 1743 812 ‚
1782 732 2077 827 itemque
2106 747 2403 824 praetura

285 846 599 921 functum
618 848 1008 913 Senatorem
1024 894 1042 925 ,
1061 841 1398 911 inauditos
1419 858 1486 908 et
1508 843 1819 908 innoxios
1839 840 2192 933 relegavit:
2216 840 2401 935 quod

285 956 403 1025 ille
428 957 761 1025 adversus
795 958 1130 1049 privatum
1161 976 1234 1022 se
1271 954 1830 1047 intemperantius
1865 948 2263 1035 adfuisset⁵3
2290 952 2400 1020 hic

287 1066 359 1133 in
387 1066 706 1134 aedilitate
737 1062 1102 1159 inquilinos
1133 1059 1547 1156 praediorum
1583 1058 1936 1144 suorum⁶,
1976 1078 2210 1128 contra
2240 1064 2401 1129 veti-

287 1188 470 1245 tum⁷
517 1192 710 1245 cocta
749 1171 1150 1257 vendentes,
1199 1172 1585 1255 multasset,
1636 1170 2067 1269 villicumque
2116 1175 2400 1240 interve·

287 1290 587 1355 nientem
631 1284 1058 1380 flagellasset.
1105 1288 1254 1371 Qua
1297 1282 1384 1352 de
1430 1307 1633 1351 causa
1680 1287 1881 1352 etiam
1926 1285 2397 1351 coercitionem

289 1402 696 1494 popinarum
751 1395 1076 1466 AEdilibus
1122 1396 1396 1465 ademit.
1443 1401 1538 1463 Ac
1588 1420 1675 1463 ne
1728 1394 2076 1465 stultitiam
2120 1394 2397 1491 quidem

291 1534 478 1579 suam
503 1513 770 1579 reticuit
787 1565 802 1593 ,
831 1510 1353 1604 simulatamque
1380 1534 1420 1577 a
1445 1532 1518 1576 se
1548 1532 1631 1576 ex
1660 1507 2023 1577 industria⁸
2046 1510 2173 1602 sub
2201 1513 2391 1591 Cai0‚

289 1621 471 1718 quod
509 1622 706 1691 aliter
739 1646 1064 1691 evasurus
1102 1638 1688 1717 pet-venturusque
1724 1621 1811 1689 ad
1850 1637 2229 1713 susceptam
2268 1638 2395 1688 sta-

289 1735 580 1801 tione-ms>
603 1757 746 1800 non
771 1733 1003 1815 fuerit,
1043 1731 1448 1829 quibusdam
1485 1731 1921 1799 oratiunculis
1959 1746 2235 1799 testatus
2266 1749 2387 1799 est.

291 1848 424 1913 Nec
461 1861 689 1912 tamen
729 1847 1097 1939 persuasit3
1143 1853 1420 1941 quum'0
1461 1846 1639 1911 intra
1680 1844 1886 1913 breve
1922 1859 2188 1935 tempus
2223 1841 2392 1910 liber

2273 496 2399 587 139

1385 2062 1495 2117 nu'o
1511 2067 1749 2119 coercuit
1762 2068 2123 2138 Vespasianus
2136 2102 2154 2133 ‚
2172 2078 2393 2125 auctore

1383 2143 1585 2216 xiphil.
1611 2145 1801 2211 LXVI,
1833 2162 1909 2198 ιο.

289 2064 423 2118 Vide
475 2066 760 2119 Burmann.
812 2078 867 2120 et
929 2066 1290 2139 Oudendorp.

357 2146 408 2197 5.
446 2146 806 2198 Mamm...
836 2146 1326 2225 se....‹1dfuae'sset‚·x

291 2241 502 2276 causam
524 2223 596 2276 ita
615 2226 835 2295 egisset,
853 2239 913 2278 ut
931 2228 986 2277 in
1005 2224 1291 2278 Claudium

290 2302 526 2372 quedam
555 2302 922 2356 vehementius
949 2318 1000 2355 et
1025 2316 1294 2357 contume-

287 2379 472 2433 liosius
497 2379 714 2433 diceret.

356 2458 408 2512 6.
446 2457 779 2513 Proedt'orum
809 2478 1036 2514 suorum.
1063 2460 1292 2532 Nescio,

287 2558 382 2592 cur
393 2539 591 2591 urbana
601 2551 808 2593 tantum
816 2541 1122 2612 intelligant,
1134 2561 1293 2616 quum

289 2638 350 2672 ex
386 2621 596 2673 rusticis
634 2622 792 2673 etiam
830 2623 1053 2693 opsonia
1083 2622 1293 2675 venalia

287 2699 475 2752 afferre
493 2702 798 2770 potuissent
818 2700 1088 2773 inquilini,
1111 2719 1294 2772 quam-

287 2799 444 2851 quam
477 2779 568 2833 illa
599 2793 659 2832 ut
689 2783 945 2852 propiora
982 2783 1150 2852 magis
1185 2780 1292 2834 huc

287 2859 565 2928 pertinent.
585 2857 861 2925 Ceterum,
887 2858 993 2912 huc
1011 2859 1163 2911 nullo
1181 2879 1294 2912 mo·

287 2935 354 2988 do
375 2936 660 2991 referenda
686 2936 873 2990 divisio
895 2939 1215 3010 praediorum
1233 2942 1290 2993 in

289 3016 484 3069 urbana
513 3031 568 3069 et
603 3019 832 3084 rustica,
868 3035 1029 3089 quam
1061 3035 1121 3070 ex
1154 3036 1289 3087 usu,

286 3095 366 3147 vel
386 3095 684 3166 voluptati,
705 3095 786 3148 vel
806 3098 1107 3150 necessitati
1127 3099 1292 3151 inser-

285 3177 473 3242 viente,
490 3177 698 3228 faciunt
704 3178 1090 3248 jurisconsulti,
1105 3178 1170 3232 de
1185 3197 1291 3251 qua

286 3254 402 3308 vide
421 3257 672 3322 Heinecc.
697 3260 820 3309 Ant.
845 3259 995 3311 Rom.
1023 3261 1095 3325 Π,
1119 3261 1180 3326 3,
1207 3277 1252 3311 t.

355 3353 404 3405 ⁶7.
447 3338 639 3390 Contra
677 3338 886 3388 vetitum
901 3359 919 3398 ,-
960 3337 1074 3388 scil.
1113 3336 1289 3391 edicto

287 3415 544 3468 AEditicio.
570 3417 654 3469 Cf.
677 3415 854 3468 Tiber.
881 3417 969 3486 34.
1003 3417 1104 3470 Sed
1129 3419 1290 3471 Clau-

288 3493 404 3548 dius
425 3497 542 3569 ipse
561 3496 738 3549 edicto
761 3495 1000 3549 ciborum
1023 3496 1288 3551 luxuriam

287 3574 601 3629 cohibuerat
613 3615 632 3644 ‚
651 3589 872 3629 auctore
887 3577 1087 3642 Dione,
1107 3578 1217 3644 LX,
1235 3578 1286 3629 6.

287 3655 472 3707 Postea
516 3653 618 3708 sub
657 3656 869 3708 Nerone
914 3655 1252 3709 interdictum
1271 3697 1290 3725 ,

291 3753 397 3787 ane
425 3734 556 3808 quid
589 3737 642 3788 in
682 3737 896 3808 popinis
930 3739 1068 3789 cocti
1102 3751 1292 3809 proeter

285 3813 552 3886 legumina
579 3827 670 3867 aut
699 3815 845 3868 olera
868 3819 1096 3884 veniret,
1122 3836 1287 3889 quum

286 3907 438 3947 antea
478 3893 686 3946 nullum
724 3913 832 3946 non
871 3896 1082 3966 opsonii
1118 3915 1286 3967 genus

282 3985 698 4045 proponeretur,
714 3995 736 4020 ι
756 3975 836 4025 uti
853 3975 1071 4042 Noster,
1089 3974 1286 4027 Neron.
1324 3991 1329 3996 ·

286 4069 401 4122 cap.
470 4052 562 4118 16,
608 4051 754 4104 unde
795 4064 968 4123 patet,
1016 4051 1287 4124 prioribus

285 4130 468 4184 edictis
489 4129 638 4184 baud
670 4132 828 4184 nimis
865 4131 1290 4204 obtemperatum

284 4209 444 4263 fuisse
471 4211 530 4262 in
555 4209 704 4262 Urbe
729 4209 946 4263 luxuriat
971 4209 1150 4292 plena.
1190 4211 1291 4265 De-

1454 2226 1505 2279 8.
1545 2224 1965 2297 Simulatamque
1989 2246 2022 2277 a
2054 2242 2105 2277 se
2135 2242 2200 2276 ex
2232 2225 2390 2277 indu·

1379 2305 1522 2357 stria.
1553 2303 1636 2356 Cf.
1661 2306 1796 2371 Dio,
1820 2306 1966 2370 LIX,
1994 2303 2093 2363 23,
2119 2318 2171 2357 et
2192 2305 2310 2371 LX,
2338 2322 2388 2356 a.

1381 2382 1593 2436 Scilicet
1621 2387 1799 2453 magni
1832 2385 1977 2436 Bruti
2005 2381 2307 2453 exemplum
2333 2400 2391 2434 se

1381 2464 1643 2517 imitatum
1660 2464 1867 2518 ferebat
1878 2464 2072 2516 stultus
2087 2462 2271 2530 homo,
2282 2476 2393 2516 tan·

1382 2558 1495 2598 tum
1515 2545 1753 2598 diversus
1774 2545 1983 2612 abillo,
2008 2557 2270 2617 quantum
2287 2547 2392 2595 lm-

1381 2638 1691 2694 peratornm
1711 2638 1954 2696 tempora
1976 2641 2007 2676 a
2022 2622 2184 2675 cruda
2198 2625 2391 2676 Roma-

1381 2719 1577 2754 norum
1602 2701 1861 2756 libertate.

1453 2800 1504 2853 9.
1541 2781 1631 2834 Ad
1648 2793 1931 2855 susceptam
1953 2781 2229 2835 stationem
2241 2804 2262 2844 ‚-
2285 2781 2391 2836 hoc

1381 2873 1481 2927 est,
1503 2863 1785 2934 imperium
1798 2866 1910 2933 jam
1926 2875 2259 2934 susceptum,
2282 2880 2387 2935 quo

1378 2952 1623 3012 tempore
1646 2943 1943 2993 orationem
1968 2939 2221 2992 habebat.

1461 3036 1542 3072 ιο.
1564 3021 1677 3073 Nec
1696 3031 1866 3072 tamen
1888 3021 2139 3094 persuasit
2152 3041 2172 3083 ‚·
2195 3039 2387 3094 quum,

1382 3111 1484 3151 etc.
1510 3101 1587 3151 lta
1611 3099 1789 3152 locum
1814 3101 2043 3152 restituit
2066 3102 2386 3154 Gronovius.

1381 3176 1623 3251 Plerique
1660 3177 1782 3230 libri
1823 3190 1877 3231 et
1912 3177 2029 3231 edd.
2075 3179 2231 3230 «Nec
2267 3187 2393 3230 ante

1379 3263 1644 3330 persuasit
1661 3299 1675 3322 ,
1704 3279 1863 3333 quam
1877 3297 1895 3326 ,
1932 3272 2034 3312 etc.
2055 3282 2079 3306 ι
2112 3260 2391 3311 Memmia-

1379 3355 1479 3390 nus
1500 3377 1516 3405 ,
1552 3361 1573 3386 ι
1593 3339 1707 3391 Nec
1739 3351 1917 3390 tamen
1945 3347 2069 3389 ante
2095 3339 2387 3409 persuasit,

1381 3435 1565 3487 quum.
1587 3439 1610 3464 ι
1633 3418 1894 3468 Nimirum
1922 3427 2175 3486 corrupto
2195 3433 2385 3487 quum,

1379 3508 1438 3548 ut
1467 3497 1784 3566 saepissime,
1811 3497 1866 3546 in
1889 3511 2047 3567 quam
2062 3532 2080 3560 ,
2108 3495 2165 3544 in
2192 3511 2391 3564 praece-

1380 3573 1630 3626 dentibus
1662 3584 1786 3627 ante
1814 3576 2164 3625 necessarium
2192 3571 2389 3624 duxere

1378 3652 1607 3719 librarii,
1633 3668 1791 3725 atque
1812 3655 1884 3706 ita
1903 3655 2059 3725 periit
2080 3662 2271 3703 tamen.
2294 3651 2391 3704 Ce-

1378 3747 1582 3800 terum,
1610 3732 1803 3786 falsam
1832 3751 1946 3786 esse
1972 3731 2241 3803 vulgarem
2264 3732 2391 3783 scri-

1376 3829 1586 3888 pturam
1606 3855 1623 3882 ‚
1651 3814 1809 3868 docet
1836 3817 1993 3867 etiam
2022 3831 2249 3884 sequens
2275 3812 2391 3864 edi-

1378 3905 1458 3948 tus
1481 3895 1563 3948 sit.
1590 3895 1642 3948 Si
1670 3893 1998 3966 praecederet
2021 3910 2179 3964 quam
2194 3929 2213 3958 ‚
2238 3893 2389 3962 sequi

1376 3971 1597 4026 deberet
1633 3973 1803 4026 editus
1838 3984 1990 4038 esset,
2024 3969 2106 4022 vel
2138 3969 2385 4023 ederetur.

1375 4053 1533 4104 Nunc
1548 4071 1707 4125 quum
1725 4051 2000 4124 scriptoris
2017 4063 2387 4120 argumentum

1377 4131 1564 4199 infert,
1589 4150 1727 4203 quo,
1750 4149 1861 4183 non
1885 4128 2211 4203 persuasisse
2230 4127 2389 4181 Clau-

1378 4211 1522 4264 dium
1537 4251 1555 4278 ‚
1578 4210 1829 4266 lectorem
1856 4211 2094 4264 edoceat.
