3050 5004
1399 486 1470 549 C.
1525 485 1990 551 SUETONII

647 618 804 679 Post
849 613 1054 705 patris
1100 609 1344 679 deinde
1389 628 1678 679 mortem
1692 662 1709 693 ,
1750 609 2131 681 libertinam
2176 608 2464 679 aulicam
2504 613 2747 702 gratio-

648 746 794 791 sam
808 724 869 805 4,
911 746 1052 816 quo
1091 720 1434 793 efficacius
1475 720 1757 804 coleret,
1805 723 2008 791 etiam
2044 720 2325 815 diligere
2366 720 2708 792 simulavit
2724 775 2745 806 ‚

647 834 958 926 quamvis
981 856 1194 899 anum
1215 854 1294 899 ac
1315 854 1512 923 paene
1535 828 1966 923 decrepitam.
2002 836 2129 899 Per
2160 830 2337 901 hanc
2366 832 2747 901 insinuatus

647 946 940 1012 Neroni⁵
957 997 975 1027 ‚
1003 943 1198 1013 facile
1225 968 1575 1012 summum
1596 946 1772 1011 inter
1801 946 2055 1013 amicos
2090 942 2318 1013 locum
2348 945 2567 1013 tenuit
2592 968 2748 1012 con-

647 1057 956 1147 gruentia
991 1070 1294 1139 moru‘m3
1327 1070 1404 1121 ut
1435 1078 1597 1123 vero
1630 1054 1907 1147 quidam
1944 1051 2247 1136 tradunt,
2284 1070 2352 1123 et
2384 1070 2747 1125 consuetu-

649 1162 806 1237 dine
829 1170 1050 1235 mutui
1079 1169 1326 1261 stupri:
1363 1190 1442 1235 ac
1469 1183 1736 1233 tantum
1768 1168 2071 1258 potentia
2102 1164 2342 1250 valuit,
2366 1182 2444 1233 ut
2472 1166 2749 1235 damna·

647 1294 793 1344 tum
835 1276 1225 1370 repetundis
1243 1276 1748 1347 ⁶·consularem
1791 1280 2013 1345 virum
2035 1330 2053 1359 ,
2104 1280 2342 1371 ingens
2388 1281 2743 1370 praemium

647 1406 914 1482 pactus,
944 1394 1136 1482 prius
1163 1414 1370 1485 quam
1398 1388 1603 1484 plane
1634 1390 2126 1458 restitutionem
2140 1404 2168 1451 7
2202 1389 2263 1456 ei
2284 1390 2711 1481 impetrasset
2724 1440 2745 1471 ,

649 1524 788 1568 non
809 1498 1176 1569 dubitarit⁸
1197 1502 1266 1567 in
1289 1505 1611 1570 Senatum
1626 1497 1715 1567 ad
1732 1498 2028 1590 agendas
2042 1499 2287 1589 gratias
2300 1494 2745 1565 introducere.

743 1616 862 1679 111.
914 1615 1235 1683 Omnium
1259 1630 1487 1682 autem
1509 1610 1947 1681 consiliorum
1968 1627 2518 1703 secretorumque
2538 1612 2745 1701 parti-

647 1748 840 1816 ceps,
879 1722 1020 1808 die,
1064 1748 1269 1818 quem
1311 1721 1635 1791 necandae
1676 1724 1879 1790 matri
1916 1726 2094 1789 Nero
2135 1720 2616 1802 destinaverat,
2656 1718 2746 1787 ad

647 1833 1043 1902 avertendas
1067 1836 1484 1928 suspiciones
1508 1857 1773 1901 coenam
1797 1835 2068 1926 utrique
2092 1832 2629 1927 exquisitissimae
2648 1853 2747 1898 co-

647 1946 900 2011 mitatis
927 1942 1135 2013 dedit.
1174 1950 1346 2013 Item
1380 1952 1738 2038 Poppoeam
1771 1942 2113 2026 Sabinam,
2142 1959 2306 2013 tunc
2331 1940 2555 2011 adhuc
2586 1945 2748 2013 ami-

647 2078 798 2121 cam
819 2050 963 2146 ejus
977 2107 995 2139 ,
1011 2052 1372 2123 abductam
1385 2058 1629 2122 marito
1644 2108 1661 2139 ,
1678 2053 2293 2150 demandatamque
2310 2053 2581 2120 interim
2598 2050 2746 2135 sibi,

648 2166 1040 2257 nuptiarum
1087 2166 1311 2257 specie
1363 2166 1618 2255 recepit
1646 2182 1688 2231 ¹.
1745 2170 1882 2233 Nec
1923 2166 2305 2256 corrupisse
2344 2178 2708 2230 contentus
2724 2213 2746 2245 ,

647 487 780 575 278

648 2360 832 2412 datum
859 2359 985 2411 huic
1007 2358 1316 2431 petulantiae
1336 2362 1549 2429 generi,
1576 2359 1653 2411 di·
1744 2360 1853 2411 lero
1882 2361 1937 2411 in
1974 2361 2146 2411 Lexic.
2184 2360 2473 2421 excitatus,
2502 2355 2607 2409 huc
2634 2374 2749 2411 non

647 2440 722 2491 xit
740 2437 970 2491 Caeaub.
995 2437 1064 2492 ad
1085 2450 1220 2491 nost.
1239 2437 1432 2489 locum.
1452 2436 1655 2489 Gallice

651 2519 974 2581 bemement,
1002 2535 1106 2587 qua
1129 2515 1396 2587 quondam
1423 2515 1655 2568 afflictus

653 2595 974 2648 contumelia
1016 2594 1270 2648 ridiculus
1315 2593 1403 2648 ille
1444 2595 1655 2648 Sancho

653 2674 832 2738 Pauca
869 2674 1022 2744 (Don
1066 2675 1344 2744 Quichotte
1359 2715 1374 2740 ,
1417 2677 1514 2738 111,
1558 2671 1653 2738 16,

649 2752 791 2820 fin.).

723 2833 772 2898 4.
813 2833 1126 2885 Libertinam
1135 2870 1313 2883 ......
1341 2837 1654 2906 gratiosam,-

650 2911 881 2980 Priucipi
891 2929 1108 2981 nempe3
1124 2911 1262 2982 ensa
1269 2912 1434 2962 veurc'ae
1444 2911 1498 2964 la
1512 2931 1653 2965 cour.

725 2989 774 3042 5.
815 2990 922 3042 Per
946 2989 1082 3042 hanc
1113 2990 1403 3042 insinuatus
1423 2992 1657 3057 Neroni,

653 3082 757 3120 etc.
781 3069 950 3121 Tacit.
970 3071 1104 3120 nist.
1126 3071 1177 3136 1,
1201 3087 1219 3120 ι
1233 3069 1294 3135 3,
1318 3091 1340 3116 κ
1359 3083 1541 3140 gratus
1554 3071 1659 3121 Ne-

653 3149 776 3198 roni
815 3145 1155 3200 emulatione
1195 3146 1368 3199 luxus.
1391 3171 1414 3194 1·
1461 3147 1655 3200 Annal.

651 3227 794 3290 xm,
819 3224 918 3291 46,
949 3248 972 3271 ιι
993 3223 1428 3295 flagrantissimus
1449 3229 1504 3278 in
1528 3228 1656 3279 ami-

647 3304 776 3356 citia
809 3303 1053 3356 Neronis.
1077 3328 1099 3350 n
1128 3305 1210 3356 Cf.
1247 3303 1509 3356 Plutarch.
1546 3305 1579 3356 Ι.
1606 3323 1653 3357 c.

651 3381 852 3454 Xipbil.
881 3383 1025 3448 LXI,
1059 3401 1135 3435 ιι.

721 3460 772 3512 6.
803 3460 871 3512 Ut
888 3459 1198 3514 damnatum
1221 3463 1529 3532 repetundis,
1552 3476 1657 3515 etc.

653 3540 878 3592 Ursinus
908 3559 970 3592 ex
1001 3555 1175 3593 vetere
1208 3542 1338 3593 cod.
1373 3541 1657 3612 legendum

653 3631 830 3672 censet
847 3619 912 3672 de
934 3620 1256 3691 repetundis,
1279 3619 1658 3693 displicuitque

653 3702 870 3766 antissio
901 3703 1292 3773 praepositionis
1329 3703 1555 3768 vossio,
1589 3700 1658 3754 de

653 3779 956 3834 Construct.
989 3798 1108 3850 cap.
1151 3780 1233 3832 26.
1269 3781 1337 3830 At
1365 3781 1555 3850 saepius
1586 3779 1661 3831 le·-

633 3863 1047 3932 giturdamnari
1055 3862 1294 3922 crimine,
1311 3873 1371 3912 ut
1384 3861 1494 3912 Cic.
1505 3863 1656 3914 Verr.

655 3941 742 4006 lv,
769 3941 868 4008 45,
899 3953 952 3992 et
986 3939 1278 4010 repetundis
1307 3952 1387 3991 est
1419 3949 1661 4010 repetun-

653 4017 836 4069 darum
857 4019 1076 4070 crimine
1093 4015 1276 4088 (locus
1288 4016 1503 4071 Cornel.
1517 4019 1655 4088 Nep.

579 4124 584 4132 ·
653 4093 908 4148 Themist.
942 4097 1004 4162 8,
1038 4118 1060 4143 αι
1082 4094 1178 4150 hoc
1213 4097 1431 4149 crimine
1465 4096 1657 4150 absens

647 4175 959 4245 pmdt'tiom's
977 4186 1051 4228 est
1067 4177 1371 4243 damnatus,
1387 4201 1410 4225 n
1433 4195 1466 4228 a
1485 4173 1658 4230 Schel-

1743 2440 1914 2510 pertin
1921 2452 2000 2505 et,
2022 2439 2275 2510 quoniam
2291 2436 2511 2491 verbum
2528 2436 2748 2489 damna-

1746 2537 1798 2570 re
1818 2517 1893 2571 ibi
1918 2537 2073 2570 suum
2101 2521 2239 2588 regit
2264 2519 2549 2590 genitivum
2580 2516 2750 2588 prodi·

1746 2597 1924 2662 tionis,
1949 2595 2299 2668 additumque
2322 2595 2419 2650 hoc
2436 2595 2653 2650 crimine
2670 2607 2751 2647 est

1740 2695 1839 2747 per
1851 2675 1988 2728 hanc
2002 2676 2437 2747 accusationem),
2459 2673 2601 2727 unde
2617 2691 2751 2746 pru-

1744 2755 1940 2824 positio
1964 2754 2027 2806 de
2052 2755 2108 2807 in
2130 2752 2263 2806 cod.
2286 2755 2447 2806 etiam
2472 2754 2653 2806 Ursini
2681 2751 2748 2804 ab

1746 2835 1917 2888 aliena
1946 2853 2107 2888 manu
2136 2836 2379 2906 profecta
2405 2831 2630 2886 videtur.

1818 2932 1866 2985 7.
1908 2915 2333 2976 Restitutionem5
2368 2915 2425 2965 in
2462 2914 2750 2980 Senatum,

1744 3009 1853 3061 quo
1874 3003 2049 3044 motus
2071 2991 2245 3042 fuerat
2267 2992 2345 3042 vir
2362 2988 2658 3043 consularis
2678 2990 2750 3043 ob

1744 3071 2159 3143 repetundarum
2178 3074 2377 3125 crimen
2396 3092 2427 3126 e
2446 3071 2565 3144 lege
2580 3071 2751 3138 Julian,

1744 3151 1812 3203 de
1843 3170 1947 3223 qua
1982 3155 2199 3219 Noster,
2224 3153 2353 3206 Ces.
2392 3153 2491 3220 43,
2532 3154 2752 3224 diepe-

1746 3227 2033 3282 tundarum
2067 3236 2338 3284 convictos
2369 3233 2529 3284 etiam
2565 3230 2751 3284 ordine

1746 3311 2015 3362 senatorio
2038 3313 2221 3362 movit.
2244 3333 2269 3357 ι·
2296 3308 2431 3362 Vide
2456 3323 2569 3364 not.
2594 3307 2666 3362 ad
2692 3309 2753 3362 il-

1748 3390 1855 3441 lum
1880 3390 2055 3443 locum
2072 3429 2091 3458 ‚
2112 3393 2167 3442 in
2190 3393 2373 3462 primis
2390 3393 2533 3463 Lips.
2562 3391 2633 3444 ad
2648 3393 2755 3444 Ta·

1748 3470 1838 3520 cit.
1863 3467 2053 3520 Annal.
2082 3471 2222 3535 XIV,
2248 3468 2331 3520 28.

1820 3547 1869 3600 8.
1908 3549 2190 3602 Dubitarit.
2220 3550 2533 3620 Recepimus
2566 3552 2749 3620 conje-

1747 3641 1949 3680 cturam
1972 3665 1989 3694 ‚
2028 3648 2060 3680 a
2100 3628 2357 3682 salmasio
2398 3627 2719 3701 adscriptam
2734 3667 2752 3694 ‚

1748 3725 1965 3778 prorsus
2014 3707 2391 3760 Suetonianam
2409 3747 2427 3774 ‚
2472 3709 2753 3780 probatam

1752 3799 1907 3838 antea
1934 3805 1963 3836 a
1988 3785 2218 3840 Wolfio.

1818 3866 1907 3917 111.
1932 3882 1949 3915 ι
1962 3903 1974 3915 .
1991 3866 2127 3918 Item
2142 3866 2427 3936 Poppoeam
2440 3865 2750 3918 Sabinam...

1749 3943 1952 4015 recepit.
1983 3943 2339 3996 Consentiunt
2372 3943 2574 4015 Xiphil.
2604 3944 2754 4010 LXI,

1754 4039 1773 4074 ι
1792 4036 1837 4088 ι,
1861 4035 1914 4074 et
1939 4021 2053 4074 fere
2080 4020 2349 4074 Plutarch.
2371 4020 2408 4072 1.
2430 4039 2478 4074 c.
2506 4033 2621 4074 tum
2640 4025 2753 4093 ipse

1746 4103 1915 4154 Tacit.
1934 4102 2070 4154 nist.
2086 4105 2139 4167 1,
2160 4100 2252 4168 13,
2278 4119 2375 4155 neo
2392 4101 2571 4173 (apud
2584 4100 2756 4156 otho-

1748 4181 1900 4248 nem)
1930 4181 2210 4251 Poppaeam
2240 4179 2490 4233 Sabinam
2507 4218 2525 4247 ‚
2553 4183 2753 4251 princi-
