3050 5004
665 524 787 603 134
1402 522 1473 585 C.
1524 518 1988 588 SUETONII

742 654 979 717 XXXI.
1033 645 1433 715 valetudine
1470 650 1644 715 sicut
1677 646 1840 715 olim
1877 648 2090 740 gravi,
2129 649 2222 715 ita
2253 649 2572 741 Princeps
2603 672 2752 741 per-

652 782 975 853 prospera
1002 780 1167 825 usus
1196 771 1330 839 est,
1362 770 1642 847 excepto
1676 753 2005 823 stomachi
2038 753 2302 839 dolore,
2334 780 2470 851 quo
2504 780 2576 824 se
2610 781 2752 825 cor-

651 884 919 963 reptum
944 868 1143 935 etiam
1165 862 1251 933 de
1274 862 1754 932 consciscenda
1776 884 1992 933 morte
2015 867 2342 957 cogitasse
2363 864 2553 933 dixit.

744 984 1017 1047 XXXII.
1067 980 1385 1046 Convivia
1414 979 1690 1069 agitavit
1721 993 1789 1043 et
1815 976 2038 1069 ampla
2075 995 2142 1045 et
2174 974 2476 1060 assidua,
2504 1002 2586 1045 ac
2606 978 2768 1045 fere.

650 1092 1129 1185 patentissimis
1166 1088 1365 1169 locis',
1401 1102 1480 1155 ut
1514 1086 1917 1184 plerumque
1955 1091 2370 1157 sexcenteni¹
2410 1088 2612 1157 simul
2648 1088 2750 1157 di-

651 1200 1103 1271 scumberent.
1135 1201 1541 1268 Convivatus
1577 1213 1683 1265 est
1717 1215 1785 1265 et
1816 1222 2022 1291 super
2057 1202 2476 1267 emissarium
2515 1204 2751 1267 Fucini

648 1312 910 1393 lacus²,
946 1334 1025 1378 ac
1054 1334 1249 1403 paene
1280 1332 1728 1393 summersuS,
1765 1333 1978 1403 quum
2009 1312 2254 1377 emissa
2285 1312 2542 1404 impetu
2567 1335 2748 1405 aqua
2833 1324 2842 1333 ·

649 1420 1114 1490 redundasset.
1146 1418 1523 1488 Adhibebat
1559 1422 1746 1487 omni
1782 1444 1990 1489 coenae
2028 1436 2098 1488 et
2129 1418 2376 1487 liberos
2406 1444 2564 1489 suos
2587 1444 2749 1488 cum

650 1536 877 1627 pueris
923 1532 1301 1628 puellisque
1343 1530 1682 1599 nobilibus
1699 1582 1716 1612 ,
1764 1533 1882 1625 qui
1923 1554 2111 1598 more
2151 1534 2362 1599 veteri
2403 1528 2491 1597 ad
2532 1530 2750 1599 fulcra

650 1640 1017 1712 lectorum-’⁶
1074 1641 1383 1710 sedentes
1429 1656 1884 1709 vescerentur.
1939 1640 2325 1725 Convivae4,
2375 1644 2492 1737 qui
2531 1640 2750 1734 pridie

650 1754 985 1849 scyphum
1020 1776 1301 1820 aureum
1334 1753 1738 1844 surripuisse
1761 1750 2288 1833 existimabatur,
2326 1768 2639 1819 revocato
2675 1754 2748 1819 in

649 1866 826 1934 diem
857 1882 1237 1959 posterum,
1272 1862 1550 1930 calicem
1583 1862 1858 1930 fictilem
1889 1866 2222 1956 apposuit.
2261 1866 2520 1931 Dicitur
2545 1866 2752 1931 etiam

650 1975 1011 2045 meditatus
1034 1973 1327 2043 edictum
1346 2026 1363 2055 ,
1400 2004 1426 2034 α
1448 1998 1586 2070 quo
1605 1976 1870 2041 veniam
1896 1972 2114 2057 daret,
2139 1972 2376 2042 flatum
2401 1979 2755 2067 crepitum·

652 2111 786 2183 que
826 2088 1074 2153 ventris
1108 2088 1177 2151 in
1210 2086 1517 2152 convivio
1546 2084 1926 2167 emittendi3
1953 2117 1980 2146 υ
2013 2109 2224 2181 quum
2245 2137 2262 2168 ‚
2295 2085 2754 2179 periclitatum

653 2196 1015 2294 quemdam
1038 2220 1179 2289 prae
1202 2192 1464 2288 pudore
1488 2219 1572 2263 ex
1594 2198 2004 2263 continentia
2018 2248 2035 2277 ,
2061 2199 2438 2289 reperisset.

744 2310 1051 2375 XXXIII.
1101 2304 1246 2372 Cibi
1284 2308 1559 2401 vinique
1593 2299 2002 2403 quocunque
2044 2322 2113 2374 et
2150 2322 2455 2400 tempore
2491 2323 2560 2374 et
2595 2304 2753 2375 loco

651 2420 1267 2515 appetentissimus,
1292 2422 1720 2510 Cognoscens
1751 2417 2095 2514 quondam
2123 2419 2194 2483 in
2225 2420 2506 2510 Augusti
2537 2422 2708 2483 Foro
2731 2470 2752 2499 ‚

651 2537 957 2628 ictusque
998 2530 1234 2599 nidore
1275 2529 1584 2623 prandii,
1631 2527 1814 2626 quod
1860 2532 1928 2596 in
1976 2531 2282 2623 proxima
2322 2530 2559 2597 Martis
2601 2526 2756 2595 aede

653 2643 843 2712 Saliis
871 2641 1323 2736 apparabatur
1340 2659 1359 2689 ¹
1378 2695 1396 2726 ,
1421 2640 1690 2713 deserto
1715 2639 2068 2725 tribunali,
2097 2638 2400 2709 ascendit
2419 2638 2506 2707 ad
2531 2663 2756 2708 sacer-

722 2883 937 2935 XXXH.
974 2899 1019 2936 ι.
1050 2885 1375 2938 Sexcentem'.
1408 2885 1555 2957 Lips.
1593 2885 1660 2938 ad

653 2962 822 3014 Tacit.
848 2963 1044 3015 Annal.
1074 2965 1177 3030 vl,
1214 2980 1307 3034 19,
1336 2967 1553 3036 corrigit
1578 2984 1660 3019 se-

1747 2903 1907 2958 quam
1951 2883 2201 2958 produxit
2245 2883 2498 2939 oudend.
2551 2907 2573 2932 α
2600 2903 2756 2938 more

1745 2967 1970 3018 veteri...
1985 2963 2228 3018 sedentes
2247 2966 2494 3031 vescenti,
2507 2987 2532 3010 ι
2551 2965 2760 3018 omisso

652 3042 860 3112 xaqeni.
886 3039 991 3094 sed
1016 3039 1105 3094 hic
1128 3061 1375 3096 numerus
1402 3042 1549 3096 haud
1571 3046 1658 3096 ni·

655 3122 755 3175 mis
782 3121 990 3194 amplus
1018 3123 1075 3173 in
1100 3125 1343 3176 convivio
1370 3127 1660 3197 Imperato-

656 3203 725 3252 ris
740 3236 758 3264 ,
784 3213 836 3253 et
859 3202 1226 3273 patentissimis
1258 3201 1383 3256 locis
1409 3205 1661 3257 convIve-

656 3294 801 3348 tum,
828 3279 1023 3334 diserte
1049 3279 1197 3334 addit
1220 3297 1425 3337 auctor.

729 3377 777 3412 2.
828 3360 901 3412 Et
937 3378 1087 3432 super
1123 3360 1437 3413 emissarium
1476 3361 1664 3414 Fucini

655 3438 826 3504 lacus,
854 3451 955 3492 etc.
988 3439 1159 3494 Tacit.
1184 3440 1373 3494 Annal.
1408 3441 1539 3507 XII,
1575 3441 1662 3510 57,

661 3540 684 3564 ι
704 3519 831 3588 quin
858 3529 910 3569 et
928 3520 1227 3571 convivium
1242 3557 1259 3584 ,
1278 3519 1492 3573 effluvio
1513 3520 1661 3573 lacus

656 3597 959 3667 appositum
977 3631 994 3659 ‚
1016 3615 1203 3665 magna
1226 3597 1506 3651 formidine
1534 3617 1662 3650 cun-

656 3687 773 3726 ctos
792 3675 1001 3736 affecit3
1024 3677 1147 3746 quia
1166 3677 1243 3728 vis
1264 3693 1524 3746 aquarum
1543 3695 1664 3749 pron

657 3771 907 3825 rumpens
943 3756 1187 3825 proxima
1224 3753 1499 3822 trahebat,
1529 3775 1662 3808 cou-

654 3829 817 3884 vulsis
846 3829 1215 3897 ulterioribus,
1254 3846 1346 3884 aut
1372 3834 1582 3904 fragore
1609 3845 1663 3885 et

656 3911 837 3961 sonitu
860 3911 1136 3962 exterritis.
1159 3933 1182 3958 ι

730 3988 779 4040 3.
817 3988 1101 4060 Adfulcra
1133 3989 1401 4044 lectorum.
1434 3991 1658 4062 August.

656 4068 760 4134 64,
797 4069 855 4120 in
893 4069 999 4120 imo
1036 4067 1185 4124 lecto.
1220 4071 1322 4141 Qui
1348 4081 1666 4124 vescet-enun-

658 4159 739 4198 est
768 4169 792 4192 a
810 4147 915 4213 ita,
938 4161 1057 4200 ut...
1082 4162 1435 4202 vescerentur.
1456 4175 1480 4199 ι
1504 4150 1664 4222 Effre-

658 4226 745 4297 gia
783 4239 959 4278 autem
992 4225 1151 4280 lectio
1188 4227 1423 4299 plurium
1454 4228 1660 4299 Codd.‚

1747 3045 1856 3116 qui.
1886 3043 2164 3111 Ceterum,
2195 3043 2316 3096 vide
2354 3061 2470 3114 quae
2505 3041 2573 3095 de
2599 3062 2758 3096 more

1748 3123 1841 3175 illo
1871 3126 2017 3197 Lips.
2053 3123 2121 3176 ad
2149 3123 2310 3178 verba
2331 3124 2531 3187 Taciti,
2557 3123 2757 3174 Annal.

1748 3205 1898 3270 XIII,
1935 3205 2030 3270 16,
2063 3227 2086 3251 ι
2107 3223 2220 3256 mos
2249 3201 2568 3268 habebatur,
2595 3203 2758 3254 Priu-

1647 3289 1656 3300 '
1750 3282 1928 3355 cipum
1973 3281 2171 3334 liberos
2217 3299 2354 3334 cum·
2382 3282 2570 3333 ceteris
2607 3279 2754 3333 idem

1749 3362 1915 3412 artatis
1944 3359 2216 3412 nobilibus
2237 3359 2479 3412 sedentes
2495 3361 2672 3425 vesci,
2698 3362 2754 3411 in

1751 3439 2009 3510 adspectu
2043 3441 2502 3512 propinquorum,
2537 3439 2758 3510 propria

1750 3533 1804 3572 et
1826 3522 2067 3590 parciore
2091 3539 2291 3572 mensa.
2315 3543 2338 3568 ι
2754 3525 2762 3530 ”

1823 3598 1872 3664 4.
1894 3599 2152 3665 Οοηυὶυω,
2175 3611 2274 3650 etc.
2299 3597 2360 3650 T.
2382 3597 2599 3651 Vinium
2621 3597 2758 3648 fuis-

1750 3696 1837 3744 se,
1868 3675 2063 3729 docent
2099 3675 2365 3728 Plutarch.
2391 3675 2545 3727 Galb.
2578 3691 2638 3726 ια
2657 3713 2675 3742 ,
2703 3689 2760 3728 et

1749 3756 1919 3808 Tacit.
1943 3757 2072 3808 Hist.
2100 3758 2153 3822 1,
2177 3754 2245 3820 48
2261 3793 2278 3818 ,
2307 3777 2330 3802 ι
2348 3753 2530 3809 Servili
2552 3754 2757 3826 probro

1751 3851 2027 3904 respersus
2064 3849 2173 3902 est,
2208 3848 2466 3906 tanquam
2495 3833 2756 3906 scyphum

1751 3931 1965 3964 aureum
1978 3914 2032 3964 in
2044 3914 2285 3964 convivio
2297 3912 2506 3964 Claudii
2517 3913 2756 3975 furatus;

1753 4005 1800 4043 et
1815 3991 2064 4044 Claudius
2077 4005 2288 4064 postera
2301 3991 2388 4045 die
2398 3990 2500 4044 soli
2516 3994 2758 4044 omnium

1750 4073 1908 4123 Vinio
1949 4071 2200 4125 fictilibus
2252 4073 2533 4124 ministrari
2574 4072 2754 4142 jussit.

1823 4151 2058 4204 xxxm.
2092 4168 2136 4204 1.
2161 4151 2390 4222 Quod...⁸
2409 4149 2570 4204 Saliis
2591 4169 2760 4224 appa-

1751 4231 1972 4284 rabatur.
2017 4230 2346 4284 Pontificum·
2375 4247 2556 4283 coeuas
2600 4228 2760 4290 valde
