3050 5004
662 500 796 568 338

1416 504 1491 567 c.
1541 500 2014 606 sUETonll

656 626 775 712 ba,
807 641 1097 697 statuam
1125 628 1277 695 Divi
1300 629 1340 695 J
1345 625 1465 695 ulii
1488 625 1578 697 ad
1605 632 1953 699 Orientem
1980 644 2230 723 sponte
2257 626 2310 668 ¹³
2323 653 2722 701 conversam
2748 659 2764 701 ε

656 739 935 833 acieque
951 738 1383 820 Betriacensi,
1400 741 1802 835 priusquam
1819 742 2381 825 committeretur,
2398 741 2570 811 duas
2587 745 2771 839 aqui-

654 844 757 915 las
795 850 866 914 in
902 862 1271 949 conspectu
1306 850 1615 916 omnium
1649 847 2038 919 conflixisse
2057 850 2148 935 ⁸43
2183 852 2496 947 victaque
2526 850 2770 935 altera,

656 958 1127 1050 supervenisse
1176 959 1443 1025 tertiam
1488 957 1577 1025 ab
1627 958 1787 1029 solis
1835 977 2110 1045 exortu,
2153 984 2234 1029 ac
2267 963 2616 1031 victricem
2653 960 2772 1029 ab·

656 1068 897 1158 egisse.

744 1180 861 1245 vl.
900 1180 1041 1243 Nec
1076 1193 1307 1245 tamen
1344 1180 1710 1274 quicquam
1747 1195 1905 1247 ante
1942 1182 2259 1264 tentavit,
2297 1183 2769 1275 promtissimis

652 1407 797 1472 noris
816 1430 872 1473 et
894 1418 1059 1472 officii
1076 1437 1239 1473 causa
1256 1435 1662 1493 prosequentes.

728 1500 807 1552 13.
840 1499 1121 1550 Comitia...
1146 1512 1328 1571 sponte
1346 1518 1661 1552 conversam.

648 1578 718 1629 Et
744 1576 936 1644 verba,
962 1590 1015 1629 et
1037 1590 1246 1649 tempus
1267 1578 1498 1649 prodigii
1525 1577 1666 1629 diffi-

648 1654 874 1709 cultates
903 1669 1245 1729 pepererunt.
1278 1654 1389 1709 Sub
1412 1655 1662 1723 Othone,

646 1736 849 1790 bellum
873 1736 1088 1789 Vitellio
1118 1750 1399 1801 movente,
1429 1736 1484 1789 id
1516 1738 1660 1789 acci·

647 1816 819 1883 disse,
846 1830 1068 1869 narrant
1098 1819 1268 1870 Tacit.
1304 1819 1437 1870 Hist.
1474 1820 1530 1881 1,
1560 1817 1660 1884 86,

654 1918 676 1943 ιι
698 1909 930 1949 statuam
952 1898 1018 1949 D.
1054 1894 1183 1947 Julii
1214 1896 1269 1947 in
1295 1894 1471 1947 insula
1497 1894 1662 1947 Tibe-

647 1974 754 2025 rini
776 1975 975 2041 amnis,
1004 1992 1196 2027 sereno
1218 1988 1272 2027 et
1292 1976 1515 2025 immoto
1546 1972 1658 2039 die,

649 2052 717 2104 ab
742 2053 1035 2106 Occidente
1058 2054 1110 2105 in
1142 2054 1415 2107 Orientem
1442 2072 1665 2106 eonver-

647 2150 791 2198 sam,
810 2154 834 2179 n·
868 2146 922 2183 et
948 2130 1215 2183 Plutarch.
1246 2130 1451 2185 Othon.
1477 2134 1530 2201 4.
1559 2131 1662 2186 Sed

646 2210 817 2264 levius
840 2210 947 2264 hoc
974 2211 1205 2279 videtur,
1234 2231 1395 2284 quum
1422 2212 1490 2265 ad
1517 2233 1664 2265 eum·

647 2290 772 2345 dem
787 2310 989 2343 antium
1004 2290 1153 2363 (822)
1177 2304 1231 2343 et
1247 2292 1514 2345 secundus
1535 2291 1664 2345 Gal-

648 2370 729 2423 hae
766 2370 1109 2439 consulatus,
1146 2384 1199 2423 et
1233 2370 1465 2424 Othonis
1493 2374 1664 2443 impe-

650 2451 819 2519 rium,
837 2466 890 2504 et
908 2448 1105 2504 Vitellii
1119 2452 1542 2524 Vespasianique
1559 2469 1648 2501 mo

650 2543 736 2582 tus
774 2532 1110 2602 pertineant,
1148 2542 1202 2582 et
1233 2533 1451 2584 Tacitus
1487 2549 1664 2584 errare

650 2611 889 2680 potuerit
910 2609 965 2660 in
998 2623 1239 2682 tempore
1272 2609 1536 2681 prodigii,
1571 2628 1666 2661 eo·

652 2707 757 2760 que
766 2702 987 2741 auctore
996 2688 1329 2754 Plutarchus,
1342 2707 1666 2760 quamquam

651 2768 697 2818 is
735 2766 933 2820 diserto
970 2767 1039 2820 ad
1082 2769 1468 2838 Vespasianum
1505 2769 1666 2820 refert

654 2866 778 2900 eum
814 2847 1085 2900 Suetonio.
1120 2846 1265 2899 Talis
1306 2847 1519 2919 quidem
1559 2845 1668 2900 dis-

655 2946 842 2980 sensus
864 2929 1187 2998 scriptorum
1202 2965 1219 2994 ,
1249 2925 1465 2998 qualem
1487 2929 1668 2999 saepis-

656 3008 785 3060 sime
813 3003 1295 3077 deprehendimus,
1320 3004 1465 3059 nulla
1490 3020 1667 3059 muta-

654 3087 814 3138 tionis
850 3085 1189 3138 instituendae
1224 3089 1324 3139 erit
1355 3087 1666 3138 auctoritas.

654 3167 840 3218 Restat
874 3166 1039 3235 igitur
1076 3166 1244 3218 altera
1272 3165 1536 3220 dubitatio
1553 3205 1570 3234 ‚
1598 3185 1668 3220 au

658 3243 767 3296 clici
784 3246 957 3318 possit
975 3246 1189 3298 comitia
1208 3246 1368 3313 inire,
1392 3244 1541 3320 quod
1557 3245 1668 3318 ple·

656 3325 810 3396 rique
833 3337 1058 3394 negant,
1081 3339 1134 3376 at
1156 3327 1269 3398 ipse
1286 3340 1423 3397 puto
1444 3343 1559 3378 esse
1583 3346 1670 3379 co-

655 3403 810 3454 mitia
862 3403 1125 3475 auspicari
1140 3442 1159 3469 ,
1218 3403 1665 3477 quemadmodum

656 3481 891 3548 bellum,
912 3481 1195 3553 proelt'um,
1227 3483 1504 3549 militiam,
1537 3484 1669 3536 inire

658 3574 712 3615 et
748 3562 1008 3636 auspicari
1042 3566 1349 3634 promiscue
1384 3565 1664 3630 dicuntur;

658 3643 805 3716 quod
824 3646 896 3700 ,si
937 3645 1114 3697 minus
1160 3645 1318 3698 alicui
1365 3644 1627 3718 placuerit
1648 3681 1666 3713 ,

657 3724 859 3778 suadeo
918 3724 1217 3778 instituente
1270 3723 1356 3778 vel
1412 3725 1631 3778 obeunte
1647 3761 1666 3790 ,

660 3821 986 3875 quamquam
1004 3825 1116 3858 non
1138 3823 1273 3877 opus
1294 3821 1407 3856 esse
1427 3805 1673 3856 mutatio-

658 3903 727 3936 ne
755 3887 1014 3947 existimo.
1044 3886 1284 3940 Plurimae
1306 3899 1487 3941 tamen
1514 3886 1670 3936 exsti-

658 3977 857 4018 terunt.
881 3968 953 4018 Ut
981 3969 1120 4018 enim
1152 3966 1433 4018 lectionem
1454 3966 1668 4020 Codicis

658 4055 863 4096 taceam
876 4079 892 4108 ‚
914 4043 982 4096 ab
995 4045 1189 4096 Ursino
1208 4043 1471 4117 prolatam
1490 4044 1550 4096 in
1572 4047 1667 4098 Go-

660 4121 811 4174 mt'tz’o
828 4123 1112 4176 secundum
1131 4121 1457 4179 consulatum
1476 4124 1668 4176 ineun-

663 4213 736 4269 te,
774 4203 1061 4256 Burmann.
1102 4205 1266 4256 suasit
1306 4221 1457 4256 cnon
1494 4201 1664 4256 multo

1755 1436 1880 1494 post
1915 1424 2131 1476 comitia
2161 1422 2384 1477 secundi
2424 1423 2768 1489 consulatus,

1753 1503 1972 1555 ineunte
2024 1502 2347 1575 Capitolium
2393 1502 2594 1571 Galba,
2614 1527 2638 1551 n
2687 1502 2770 1556 vel

1761 1586 1786 1627 σι’
1803 1593 1931 1652 post
1955 1582 2172 1633 comitia
2199 1578 2483 1633 secundum
2511 1600 2654 1635 cons.
2686 1584 2768 1635 in-

1755 1670 1915 1711 eunte
1956 1657 2125 1711 Galba
2143 1696 2162 1725 ‚
2183 1682 2206 1707 n
2258 1656 2344 1711 vel
2395 1680 2418 1704 κ
2438 1676 2549 1710 non
2598 1658 2767 1711 multo

1748 1750 1872 1809 post
1885 1774 1902 1803 ‚
1921 1739 2137 1790 comitia
2157 1736 2380 1791 secundi
2397 1756 2550 1791 cons.
2577 1738 2770 1792 haben·

1751 1830 1799 1871 te
1813 1816 1982 1869 Galba
1993 1856 2012 1884 ‚
2027 1839 2050 1865 a·
2070 1818 2154 1870 vel
2173 1841 2195 1865 ι
2210 1818 2465 1871 Senatum
2485 1817 2726 1888 habente,
2739 1840 2764 1867 ο

1751 1914 1863 1967 quae
1886 1894 2118 1949 violenta
2134 1896 2250 1951 fere
2273 1910 2399 1950 sunt
2415 1909 2471 1951 et
2489 1910 2766 1961 contorta3
2823 1934 2826 1937 ·

1749 1972 2009 2037 Oudend„
2048 1997 2070 2022 ιι
2091 1993 2202 2027 non
2237 1974 2410 2027 multo
2451 1988 2574 2045 post
2612 1974 2768 2028 initia

1755 2052 1978 2105 secundi
1991 2052 2302 2105 consulatus
2313 2091 2330 2117 ,
2347 2054 2637 2106 intereunte
2649 2054 2770 2107 Gal·-

1752 2130 1893 2199 ba‚»
1929 2130 2076 2205 qnod
2115 2133 2280 2185 miror
2312 2134 2369 2184 in
2411 2147 2646 2187 mentem
2677 2154 2769 2189 ve·-

1753 2214 1895 2265 nisse
1914 2214 2030 2265 viro
2051 2212 2364 2265 doctissimo
2379 2250 2397 2279 ,
2425 2230 2591 2285 quum
2609 2213 2770 2267 talem

1753 2310 1910 2345 usum
1933 2292 2204 2365 participii
2227 2294 2500 2363 proesentis
2519 2292 2586 2345 de
2605 2312 2665 2345 re
2683 2295 2769 2347 fu-

1755 2384 1875 2423 tura
1900 2374 2201 2443 incertique
2229 2374 2486 2442 temporis
2513 2374 2768 2429 Latinitas

1751 2450 1904 2504 nullo
1936 2450 2100 2504 modo
2138 2451 2306 2518 ferat,
2339 2468 2518 2523 neque
2549 2451 2620 2504 ad
2655 2470 2765 2506 ram

1754 2532 1918 2584 faeiat
1965 2531 2282 2602 significatio
2333 2532 2520 2584 mortis
2567 2531 2764 2585 Galba.

1752 2611 2000 2663 Ceterum
2037 2608 2199 2662 verba
2236 2609 2556 2662 comitia....
2597 2608 2768 2664 Galba

1753 2687 1974 2756 Wolfio,
1996 2689 2155 2740 etiam
2181 2685 2449 2758 glossema
2471 2705 2661 2758 sapere
2688 2690 2766 2740 vi·-

1753 2767 1972 2834 dentur‚
1999 2769 2086 2820 cui
2107 2783 2283 2819 meum
2307 2766 2570 2836 judicium
2591 2786 2767 2840 oppo—

1753 2868 1882 2902 nere
1923 2847 2071 2900 nolo.
2119 2849 2181 2900 In
2223 2843 2494 2919 plerisque
2533 2845 2766 2920 deniqne

1753 2939 1986 2982 statua...
2005 2943 2280 2994 conversa,
2305 2925 2456 3000 quod
2473 2931 2594 2999 jin-e
2613 2945 2766 3000 repu-

1755 3005 1922 3058 diavit
1943 3007 2245 3072 limenius,
2271 3006 2526 3076 quoniam
2547 3023 2768 3060 aecusa-

1756 3085 1849 3139 tivi
1871 3103 1994 3138 cum
2015 3083 2274 3136 infinitivo
2291 3084 2464 3154 juncti
2489 3098 2544 3136 et
2569 3103 2769 3157 prece·

1757 3165 1892 3218 dunt
1909 3203 1928 3233 ,
1963 3176 2019 3218 et
2035 3202 2054 3231 ‚
2082 3163 2229 3236 quod
2253 3166 2626 3236 gravissimum
2658 3177 2762 3232 est,

1758 3257 2071 3320 sequuntur.

1837 3327 1919 3395 14.
1955 3327 2105 3378 Duas
2133 3322 2417 3398 aquilas...
2451 3324 2764 3403 conflixisse,

1757 3420 1860 3460 ete.
1875 3408 2151 3459 Diversum
2167 3414 2264 3470 est,
2285 3403 2431 3476 qnod
2445 3404 2615 3455 Tacit.
2632 3405 2764 3458 nist.

1755 3489 1830 3553 11,
1858 3487 1926 3540 50
1947 3509 1960 3540 =
1997 3507 2020 3532 ι
2039 3487 2172 3552 Die,
2197 3502 2308 3556 quo
2329 3481 2572 3536 Bedriaci
2595 3495 2767 3539 eet-ta·

1756 3567 1936 3635 hatur,
1960 3585 2107 3620 avem
2133 3567 2400 3618 invisitata
2421 3565 2603 3637 specie
2622 3561 2767 3636 apud

1755 3648 1978 3718 Regium
1999 3643 2260 3717 Lepidum
2283 3641 2478 3697 celebri
2495 3641 2621 3696 loeo
2645 3659 2768 3695 eon·

1758 3723 1954 3777 sedisse
1977 3722 2164 3776 incolae
2185 3731 2519 3785 memorant,
2544 3737 2648 3772 nee
2669 3719 2768 3772 de·

1755 3802 1880 3856 inde
1903 3815 2044 3854 eoetu
2076 3801 2354 3854 hominum
2371 3835 2388 3866 ,
2415 3811 2510 3852 aut
2535 3800 2767 3852 circnm-

1755 3882 2092 3936 volitantium
2119 3881 2338 3946 alitum,
2373 3881 2610 3932 territam
2639 3875 2766 3950 pul·

1756 3982 1960 4028 samm,
1993 3961 2171 4015 donee
2193 3959 2342 4014 Otho
2370 3977 2427 4012 se
2452 3961 2568 4030 ipse
2596 3959 2764 4012 inten-

1754 4043 1962 4105 ficei-eu
1993 4056 2108 4095 tum
2138 4039 2371 4093 ablatam
2396 4057 2460 4092 ex
2481 4037 2680 4100 oeulis;
2709 4049 2763 4090 et

1753 4135 1996 4194 tempora
2029 4117 2428 4192 reputantibus,
2456 4118 2666 4172 initium
2695 4116 2760 4170 fi-

1757 4219 1983 4274 nemque
2005 4198 2243 4254 miraculi
2257 4217 2380 4252 eum
2399 4195 2630 4252 Othonis
2657 4196 2758 4250 exi-
