3050 5004
634 462 762 535 158
1167 518 1197 534 ,
1380 465 1451 529 C.
1502 460 1977 531 SUETONII

620 614 749 687 per
768 587 1003 684 jocum
1021 639 1040 670 ‚
1070 604 1141 656 et
1163 588 1959 684 aspernanteAgiippina
1979 642 1996 673 ‚
2028 590 2214 686 quod
2241 608 2392 661 tum
2413 592 2734 665 Claudius

622 706 799 771 inter
822 699 1115 769 ludibria
1140 698 1317 768 aulae
1354 715 1519 767 erat.
1562 701 1912 769 Trimulus
1949 716 2213 794 patrem
2250 706 2506 773 amisit:
2538 702 2736 798 cujus

620 836 705 881 ex
744 826 937 905 parte
979 812 1176 879 tertia
1216 808 1444 894 heres,
1488 834 1578 878 ne
1615 811 1794 880 hanc
1825 810 2104 908 quidem
2145 816 2476 907 integram
2517 820 2732 910 cepit,

619 926 947 1018 correptis
980 946 1103 1016 per
1134 922 1540 991 coheredem
1565 926 1802 993 Caium
1837 927 2170 993 universis
2197 926 2428 997 bonis:
2469 944 2538 996 et
2571 928 2734 998 sub-

617 1035 777 1104 inde
819 1052 1037 1103 matre
1082 1036 1283 1102 etiam
1330 1034 1660 1127 relegata³
1683 1089 1702 1121 ‚
1750 1059 1946 1130 paene
1987 1040 2184 1131 inops
2229 1056 2436 1135 atque
2481 1062 2692 1134 egens
2711 1096 2730 1126 ,

616 1146 804 1242 apud
826 1149 1105 1215 amitam
1128 1144 1455 1239 Lepidam
1478 1150 1778 1215 nutritas
1810 1164 1914 1217 est
1931 1202 1948 1227 ,
1975 1148 2108 1219 sub
2128 1148 2398 1219 duobus
2427 1150 2733 1247 paedago-

618 1264 751 1355 gis,
796 1259 1115 1328 saltatore
1158 1274 1365 1355 atque
1404 1275 1706 1328 tonsore.
1749 1266 2006 1329 Verum
2045 1260 2328 1331 Claudio
2371 1266 2732 1358 imperium

616 1372 863 1465 adepto
882 1424 899 1455 ‚
949 1394 1088 1438 non
1138 1368 1361 1438 solum
1404 1388 1720 1465 paternas
1767 1396 1932 1465 opes
1977 1378 2402 1467 recuperavit
2429 1428 2446 1459 ,
2469 1375 2615 1443 ‘sed
2663 1392 2732 1445 et

558 1467 567 1473 ’
614 1487 831 1579 Crispi
871 1486 1207 1552 Passieni⁹
1240 1486 1457 1557 vitrici
1494 1487 1602 1552 sui
1638 1483 2010 1554 hereditate
2047 1486 2298 1555 ditatus
2337 1504 2457 1556 est.
2501 1492 2730 1557 Gratia

616 1594 895 1691 quidem
921 1611 989 1662 et
1008 1597 1311 1687 potentia
1342 1611 1674 1692 revocatae
1699 1598 2160 1692 restitutaeque
2185 1600 2486 1667 matris⁸⁰
2507 1622 2728 1695 usque

615 1732 697 1777 eo
737 1705 999 1791 floruit,
1038 1722 1117 1774 ut
1152 1723 1500 1775 emanaret
1535 1710 1608 1774 in
1648 1706 1896 1799 vulgus
1915 1762 1933 1791 ,
1971 1711 2212 1777 missos
2247 1734 2290 1775 a
2323 1710 2724 1796 Messalina,

614 1842 827 1888 uxore
866 1814 1128 1886 Claudii
1148 1869 1166 1901 ,
1210 1819 1329 1911 qui
1370 1842 1529 1885 eum
1570 1816 2038 1886 meridiantem
2061 1872 2077 1899 ,
2128 1822 2322 1914 quasi
2367 1822 2730 1889 Britannici

614 1930 941 1999 aemulum
958 1982 975 2013 ,
1014 1926 1536 2022 sti-angularem.
1569 1926 1892 1997 Additum
1917 1928 2168 1999 fabulae
2205 1941 2368 1999 est¹¹
2390 1984 2408 2015 ‚
2438 1932 2726 2000 'eosdem

612 2039 910 2109 dracone
958 2062 995 2106 e
1040 2038 1323 2133 pulvino
1375 2046 1447 2106 s'e
1482 2039 1878 2133 'proferente
1926 2043 2325 2109 conterritos
2373 2042 2721 2135 refugisse.

611 2158 781 2240 Quae
822 2149 1053 2219 fabula
1084 2166 1317 2219 exorta
1354 2165 1489 2233 est,
1524 2148 1966 2243 deprehensis
1994 2154 2066 2219 in
2091 2150 2266 2221 lecto
2299 2148 2446 2246 ejus
2471 2157 2726 2223 circum

612 2261 964 2331 cervicalia
997 2264 1332 2354 serpentis
1364 2262 1624 2330 exuviis
1644 2315 1664 2345 ‚
1694 2284 1864 2357 quas
1891 2278 2122 2330 tamen
2143 2315 2160 2345 ,
2191 2287 2418 2331 aureoe
2445 2264 2725 2332 armillae

613 2398 697 2442 ex
718 2372 1065 2443 voluntate
1090 2375 1324 2440 matris
1353 2370 1650 2441 inclusas
1667 2426 1684 2456 ,
1711 2370 1948 2441 dextro
1982 2372 2257 2443 brachio
2291 2376 2573 2470 gestavit
2605 2374 2726 2443 ali-

611 2484 977 2581 quamdiu3
1019 2509 1101 2554 ac
1140 2481 1342 2554 taedio
1382 2482 1662 2554 tandem
1699 2500 2022 2553 maternas
2057 2488 2404 2554 memoriae
2443 2482 2725 2580 abjecit;

610 2621 983 2694 rursusque
1008 2601 1326 2666 extremis
1354 2600 1493 2665 suis
1520 2596 1722 2664 rebus
1747 2597 1999 2666 frustra
2023 2600 2394 2694 requisivit.

703 2713 852 2777 VII.
905 2715 1129 2779 Tener
1151 2709 1377 2778 adhuc
1394 2763 1414 2793 ‚
1442 2709 1740 2778 necdum
1761 2727 2026 2777 matura
2051 2711 2337 2803 pueritia
2359 2761 2376 2792 ,
2405 2711 2727 2778 Circensi-

610 2807 739 2888 bus
782 2818 961 2888 ludis
1000 2819 1277 2914 Trojam
1318 2822 1862 2890 constantissime
1903 2819 2496 2912 favorabiliterque
2537 2819 2720 2888 lusit.

612 2927 991 2998 Undecimo
1015 2933 1229 3026 aetatis
1260 2947 1477 2998 anno¹
1504 2956 1548 2998 a
1569 2929 1850 3000 Claudio
1881 2928 2239 3022 adoptatus
2270 2945 2372 2996 est
2391 2981 2407 3010 ‚
2437 2935 2723 2996 Annaeo·

682 3149 733 3204 8.
772 3153 949 3203 Matre
977 3151 1137 3204 etiam
1164 3149 1409 3227 relegata.
1434 3153 1517 3204 Cf.
1553 3151 1624 3205 ad

608 3229 774 3301 Calig.
801 3249 921 3302 cap.
950 3229 1032 3298 24.

680 3329 731 3382 9.
774 3311 941 3384 crispi
965 3311 1199 3366 Passieni
1206 3333 1224 3372 ‚·
1256 3313 1341 3363 cui
1366 3325 1491 3382 post
1512 3313 1624 3364 Do-

611 3392 744 3443 mitii
772 3405 996 3444 mortem
1026 3405 1281 3464 nupserat
1308 3395 1619 3464 Agrippina.

608 3471 741 3524 Vide
758 3473 899 3543 Lips.
924 3472 991 3524 ad
1010 3474 1181 3525 Tacit.
1201 3472 1393 3524 Annal.
1414 3473 1538 3540 xn,
1555 3474 1617 3541 6,

608 3564 659 3604 et
681 3553 909 3604 Reimar.
936 3553 1003 3604 ad
1028 3554 1229 3627 xiphil.
1250 3557 1350 3622 Vl,
1385 3569 1463 3624 17.

679 3649 697 3683 ι
709 3653 758 3684 ο.
772 3633 1043 3684 Revocatoe
1054 3635 1227 3684 restim
1233 3643 1399 3704 taequc
1410 3634 1594 3686 matris
1601 3654 1622 3697 ‚-

610 3731 640 3764 a
662 3711 903 3764 Claudio.
936 3711 1071 3764 Vide
1096 3711 1163 3763 ad
1185 3711 1371 3764 Claud.
1406 3727 1483 3763 12.

687 3809 703 3844 ι
726 3809 765 3843 ι.
782 3791 1033 3844 Additum
1037 3791 1247 3861 fabuler
1257 3803 1346 3858 est,
1364 3804 1464 3845 etc.
1476 3794 1618 3865 Lips.

608 3871 952 3937 emendabat,
971 3871 1169 3922 Addita
1179 3871 1379 3943 sabula
1406 3883 1491 3925 est.
1514 3871 1620 3925 Sed

606 3951 746 4022 vulg.
790 3950 927 4002 bene
968 3967 1023 4002 se
1070 3947 1250 4001 habet.
1296 3949 1495 4002 Fabula
1539 3965 1618 4004 est

607 4033 840 4085 narratio
858 4071 875 4098 ‚
899 4050 1016 4103 quae
1038 4031 1091 4082 in
1112 4030 1299 4102 vulgus
1319 4046 1617 4101 emanarat,

608 4129 777 4184 eaque
804 4109 979 4163 dubiae
1004 4108 1147 4162 fidei.
1180 4109 1309 4161 Rem
1326 4147 1343 4174 ‚
1372 4111 1453 4161 uti
1484 4109 1619 4163 Sue-

608 4192 784 4242 tonius
803 4226 819 4256 ,
844 4201 1027 4240 narrat
1046 4187 1248 4260 xiphil.
1272 4187 1416 4256 LXI,
1449 4207 1495 4242 2.
1524 4191 1622 4242 Di·-

1710 3169 1858 3205 vcrse
1879 3152 2050 3204 Tacit.
2079 3149 2267 3200 Annal.
2293 3149 2396 3215 XI,
2427 3163 2446 3199 ι
2466 3165 2484 3199 ι
2506 3167 2522 3200 ε
2553 3147 2720 3202 tvisl-

1710 3229 2070 3302 gabaturquc‚
2094 3227 2328 3282 adfuisse
2345 3229 2581 3281 infantie
2599 3228 2723 3281 dra-

1711 3329 1873 3363 cones
1897 3311 1952 3364 ia
1979 3307 2499 3362 modum‘custodum
2521 3329 2536 3372 ς
2559 3308 2724 3362 fabu-

1709 3387 1823 3441 losa
1862 3403 1914 3441 et
1951 3390 2178 3441 externis
2217 3387 2484 3441 miraculis
2521 3391 2724 3442 assimi-

1710 3469 1834 3522 lata.
1861 3471 1997 3522 Nam
2019 3472 2133 3542 ipae
2151 3509 2167 3536 ‚
2193 3470 2612 3544 haudquaquam
2635 3473 2724 3524 sui

1709 3548 2005 3615 detractor,
2037 3569 2198 3601 unam
2227 3550 2452 3601 omnino
2493 3567 2723 3621 anguem

1709 3631 1764 3680 in
1789 3629 2040 3681 cubiculo
2069 3632 2232 3681 visam
2249 3666 2268 3696 ‚
2295 3647 2510 3684 narrare
2534 3631 2721 3683 solitus

1795 3749 1806 3760 .
1830 3732 1852 3756 a

1711 3722 1892 3842 estvm
1933 3803 1976 3840 1.
2023 3788 2308 3840 Undecimo
2345 3788 2512 3841 aemtis
2543 3801 2720 3856 amo,

1711 3881 1813 3921 etc.
1839 3868 2140 3941 Adoptatus
2165 3883 2246 3922 est
2271 3869 2332 3920 C.
2357 3868 2588 3920 Antistio
2603 3905 2619 3932 ‚
2645 3866 2720 3918 M.

1707 3948 1872 4002 suffio
1901 3953 2051 4003 Coss.
2083 3967 2204 4002 ann.
2243 3950 2364 4002 803.
2401 3947 2572 3998 Tacit.
2610 3948 2722 3998 An-

1707 4026 1814 4080 nal.
1862 4031 1957 4082 ΧΙῙ
1975 4068 1992 4092 ,
2035 4029 2122 4082 25.
2167 4025 2520 4081 scribendum
2558 4019 2723 4096 igituir

1707 4111 2058 4177 Duodecimn,
2087 4122 2149 4162 ut
2174 4110 2356 4180 Lipsio
2387 4107 2454 4160 ad
2487 4106 2594 4158 loc.
2629 4107 2718 4157 cit.

1707 4193 1904 4256 visum,
1927 4187 2006 4244 vel
2027 4191 2188 4242 etiam
2211 4179 2386 4250 Tertio
2403 4186 2630 4272 decimo,
2655 4197 2719 4236 ut
