3050 5004
1166 490 1495 554 GALBA.
2247 491 2380 583 259

268 639 433 686 non
460 614 911 696 adhaerentes,
944 611 1347 708 paedagogos
1369 613 1574 706 vulgo
1595 613 1948 682 vocabant.
1977 617 2064 684 Hi
2091 631 2282 683 erant
2299 619 2387 686 T.

296 731 563 806 Vinius,
599 726 857 818 legatus
895 717 1041 817 ejus
1074 727 1142 792 in
1182 728 1535 817 Hispania,
1575 723 1956 817 cupiditatis
1995 728 2381 794 immensae:

296 836 647 906 Cornelius
672 843 879 921 Laco,
900 859 981 904 ex
1005 859 1342 904 assessore
1358 838 1718 904 Praefectus
1738 840 2064 929 praetorii,
2089 863 2394 931 arrogan-

298 953 395 1016 tia
422 947 864 1043 socordiaque
894 945 1367 1015 intolerabilis:
1410 946 1690 1015 libertus
1721 947 1964 1028 Icelus„
2007 948 2210 1040 paulo
2237 967 2393 1018 ante

296 1060 516 1128 anulis
536 1063 759 1128 aureis
782 1076 848 1127 et
863 1061 1187 1126 Marciani
1206 1063 1604 1151 cognomine
1627 1075 1906 1128 ornatus
1925 1113 1942 1140 ‚
1969 1085 2046 1128 ac
2063 1059 2204 1154 jam
2227 1083 2397 1129 sum-

274 1193 433 1239 ·mae
470 1172 799 1264 equestris
838 1168 1084 1261 gradus
1112 1168 1532 1238 candidatus.
1579 1173 1734 1253 His,
1773 1169 2042 1240 diverso
2076 1172 2396 1240 vitiorum

298 1303 545 1373 genere
572 1279 1030 1373 grassantibus
1048 1331 1067 1358 ,
1096 1278 1265 1346 adeo
1290 1303 1363 1346 se
1384 1277 1808 1378 ‘abutendum
1848 1281 2154 1373 permisit
2178 1299 2248 1348 et
2271 1297 2398 1350 tra-

284 1390 499 1476 ·didit,
538 1407 619 1458 ut
649 1395 759 1458 vix
790 1389 917 1457 sibi
950 1391 1093 1482 ipse
1126 1405 1501 1458 constaret:
1535 1388 1742 1458 modo
1777 1391 2084 1460 acerbior
2117 1394 2401 1484 parcior·

304 1527 469 1598 que,
508 1501 713 1569 modo
744 1503 1086 1570 remissior
1126 1524 1205 1567 ac
1239 1500 1716 1594 negligentior,
1766 1525 1972 1596 quam
2013 1505 2404 1572 conveniret

306 1614 599 1706 Principi
632 1611 881 1694 electo,
928 1627 1133 1705 atque
1180 1610 1350 1680 illud
1388 1615 1626 1680 aetatis
1685 1611 2026 1697 Quosdam
2067 1613 2284 1680 claros
2319 1637 2406 1682 ex

306 1737 601 1816 utroque
636 1721 873 1789 ordine
896 1723 1106 1804 vir05,
1142 1723 1525 1814 suspicione
1554 1723 1855 1806 minima,
1887 1719 2222 1789 inauditos
2256 1745 2406 1790 con-

312 1829 717 1899 demnavit³.
765 1835 1117 1900 Civitatem
1157 1837 1532 1900 Romanam
1559 1857 1713 1902 raro
1754 1829 1975 1900 dedit:
2019 1829 2174 1924 jura
2202 1835 2408 1900 trium

308 1941 712 2012 liberorum
747 1947 859 2012 vix
886 1947 1005 2010 uni
1037 1959 1243 2039 atque
1282 1944 1513 2027 alteri;
1553 1969 1632 2013 ac
1673 1969 1760 2014 ue
1797 1945 1902 2014 his
1939 1943 2246 2040 quidem,
2276 1949 2407 2015 nisi

312 2054 395 2122 ad
420 2072 681 2123 certum
717 2051 1261 2150 praefinitumque
1286 2073 1574 2149 tempus.
1609 2062 1647 2123 J
1652 2054 1960 2124 udicibus
1979 2109 1995 2138 ,
2023 2073 2280 2124 sextam
2303 2053 2412 2124 de·

288 2309 298 2318 -
314 2297 463 2331 neec.
493 2278 616 2330 Ant.
647 2280 797 2330 Rom.
828 2277 918 2342 IV,
942 2278 977 2330 6
992 2315 1010 2345 ,
1034 2291 1084 2346 9.
1108 2305 1183 2316 —-
1204 2278 1315 2330 lee-

314 2357 395 2410 ἕως
434 2357 665 2428 denique
703 2355 966 2408 Plutarch.
1014 2371 1045 2424 7
1068 2395 1084 2422 ,
1134 2354 1317 2412 Σικιλός

312 2436 423 2504 ae'mip
442 2433 757 2506 a'aea0680905
776 2435 987 2502 dicitur,
1006 2437 1097 2507 qui
1115 2439 1316 2507 primus

314 2516 521 2581 Galbae,
548 2518 765 2586 periisse
786 2516 1081 2581 Neronem,
1114 2517 1317 2585 ipsum-

319 2616 422 2671 que
462 2598 841 2668 Imperatorem
884 2595 1137 2660 electum,
1178 2612 1317 2646 nun-

312 2678 499 2739 εἰει-ᾖς
540 2674 921 2747 quamobrem,
956 2685 1017 2725 ut
1046 2674 1185 2725 idem
1218 2675 1317 2726 sub

292 2754 405 2807 ·fin.
448 2772 567 2825 cap.
618 2776 641 2799 ι
666 2752 857 2805 liberto
898 2768 1090 2805 aureos
1132 2752 1319 2805 anulos

318 2837 610 2897 concessit,
637 2846 797 2905 atque
822 2834 865 2885 is
887 2833 1191 2885 Marcianus
1214 2834 1321 2883 Ice-

318 2915 399 2969 1us
422 2916 537 2985 jam
566 2911 867 2983 appellatus
896 2928 1153 2963 summam
1184 2913 1322 2963 inter

318 2996 399 3046 sui
422 2991 624 3043 ordinis
643 2988 889 3041 homines
908 2992 1201 3060 potentiam
1220 2989 1321 3041 ob-

316 3072 569 3126 tinebatu-
604 3069 687 3122 cf.
706 3070 873 3121 Tacit.
890 3072 929 3134 Ι,
958 3068 1039 3134 13,
1062 3086 1217 3141 quem
1235 3068 1319 3120 lo·-

318 3172 439 3206 cum
462 3168 625 3222 supra
650 3148 1016 3212 excitavimus,
1042 3160 1093 3198 et
1112 3166 1231 3218 cap.
1254 3147 1321 3201 33

320 3247 369 3287 et
410 3232 498 3302 37.
538 3228 703 3297 Quod
746 3240 923 3279 nutem
964 3244 1178 3278 summe
1216 3226 1325 3297 (ita

320 3312 462 3365 MSS.
502 3325 718 3372 omnes,
755 3308 1062 3377 primusque
1094 3303 1320 3359 Casaub.

320 3408 383 3443 ex
403 3408 513 3441 uno
536 3399 743 3439 tantum
769 3384 914 3436 dedit
937 3385 1157 3453 summi)
1176 3402 1327 3457 eque-

322 3470 435 3523 stris
446 3465 637 3542 gradus
649 3463 702 3516 h.
725 3463 759 3514 Ι.
778 3463 971 3515 dicitur
988 3465 1321 3528 candidatus,

321 3550 377 3603 id
400 3566 522 3601 cum
546 3547 789 3599 Ernestio
812 3544 1035 3615 aliisque
1058 3544 1123 3595 dc
1144 3543 1341 3615 ρης-[ω

322 3643 469 3683 ctum
479 3623 715 3701 proeton't'
726 3623 960 3693 intelligo
974 3661 991 3689 ,
1006 3642 1115 3674 non
1130 3624 1197 3675 de
1206 3641 1329 3695 pro-

321 3710 595 3763 cantione
606 3722 727 3758 cum
742 3704 923 3775 Lipsio
936 3702 1177 3755 adTacit.
1195 3706 1326 3755 Hist.

327 3791 376 3856 1,
401 3806 459 3841 12
472 3826 489 3855 ,
508 3802 683 3858 neque
701 3785 941 3837 universe
963 3800 1083 3835 cum
1100 3784 1325 3835 Casaub.

324 3868 395 3920 de
434 3867 736 3938 principatu
772 3864 915 3914 inter
948 3860 1167 3931 Equites
1186 3900 1202 3925 ,
1242 3862 1329 3912 cui

324 3949 504 4001 obstat
538 3943 724 3997 vocab.
760 3942 1086 4007 candidatus,
1126 3954 1329 3993 certum

328 4029 559 4099 aliquem
574 4026 831 4077 honorem
854 4023 1171 4093 significans.
1186 4022 1301 4073 Jam
1312 4060 1329 4087 ,

330 4108 395 4161 de
412 4120 583 4159 morte
601 4106 761 4157 trium
781 4101 1191 4175 poedagogorum
1208 4099 1332 4151 Ga!-

329 4189 407 4239 bae
424 4188 597 4239 Tacit.
624 4182 811 4235 Annei.
838 4185 887 4251 1,
910 4181 975 4249 42
993 4219 1009 4248 ,
1036 4202 1058 4229 οι
1076 4181 1180 4233 Tit.
1206 4178 1331 4231 inde

1410 2279 1464 2331 V
1463 2279 1629 2330 iniunt
1645 2283 1967 2332 int-asera...
1997 2281 2136 2330 Ante
2159 2279 2322 2332 aedem
2339 2279 2408 2332 D.

1404 2357 1532 2410 Juiii
1553 2363 1752 2430 jacuit,
1789 2363 1960 2432 primo
1999 2363 2104 2411 ictu
2145 2361 2200 2410 in
2228 2359 2409 2432 popli-

1404 2451 1509 2490 tem
1527 2478 1543 2507 ,
1563 2457 1689 2490 mox
1718 2438 1784 2489 ab
1812 2441 1952 2490 Julio
1977 2439 2146 2507 Caro,
2171 2438 2412 2509 legiona-

1406 2520 1489 2569 rio
1518 2518 1710 2584 milite,
1747 2532 2033 2589 utrumque
2063 2518 2202 2569 latus
2237 2531 2412 2573 trans-

1402 2598 1740 2662 verberatum
1761 2622 1782 2646 ι
1831 2612 1882 2650 et
1924 2616 2040 2668 cap.
2087 2597 2182 2663 46,
2231 2620 2254 2645 ιι
2275 2600 2411 2653 laco

1411 2678 1718 2749 Praefectus,
1739 2664 1990 2748 tanquam
2011 2679 2066 2727 in
2085 2677 2308 2729 insulam
2332 2698 2416 2733 se-

1408 2762 1725 2829 poneretur,
1765 2756 1832 2807 ab
1868 2769 2118 2821 evocato,
2158 2772 2315 2829 quem
2344 2758 2415 2811 ad

1412 2834 1607 2887 caedem
1629 2838 1742 2905 ejus
1757 2834 1902 2887 Otho
1917 2834 2262 2905 premiserat,
2283 2854 2416 2890 con-

1409 2914 1612 2975 fossus;
1651 2915 1704 2963 in
1734 2914 2066 2964 Marcianum
2099 2914 2325 2983 Icelum,
2355 2929 2418 2969 ut

1412 2990 1465 3043 in
1500 2990 1836 3057 libertinum,
1870 2989 2046 3062 palam
2086 2994 2417 3048 animadver-

1412 3086 1548 3123 sum.
1571 3094 1592 3116 a
1623 3070 1702 3121 De
1724 3068 1806 3122 his
1832 3070 2000 3122 tribus
2037 3070 2260 3125 Nostras
2289 3074 2416 3127 Cor-

1410 3150 1612 3216 nelius,
1632 3150 1688 3201 in
1709 3149 1938 3202 Othonis
1958 3152 2038 3202 sui
2059 3150 2271 3223 fabula,
2293 3156 2414 3207 Act.

1412 3234 1463 3297 Ι,
1486 3250 1563 3283 sc.
1593 3248 1610 3281 1
1637 3252 1648 3281 :

1412 3318 1461 3360 Je
1472 3316 1534 3361 les
1548 3316 1690 3375 voyais
1706 3324 1802 3358 tons
1814 3316 1921 3359 trois
1935 3328 1976 3359 sc
1992 3316 2110 3359 heten-
2131 3332 2225 3361 που
2237 3330 2294 3361 un
2316 3322 2418 3363 mai-

1415 3439 1519 3499 Qui,
1540 3388 1685 3513 :gi-gb
1707 3436 1804 3481 d‘un
1823 3436 1921 3493 long
1939 3440 2036 3493 ige,
2053 3452 2078 3479 ιι
2095 3452 2176 3495 pen
2197 3436 2249 3481 dc
2273 3448 2378 3485 tuns
2395 3441 2422 3482 ὲ

1414 3560 1466 3601 Et
1482 3498 1704 3601 &Legit-:235
1717 3558 1738 3597 h
1751 3554 1872 3599 l'envi
1889 3558 2144 3613 s’empresser
2161 3556 2422 3608 crdemment

1416 3624 1452 3663 Δ
1468 3622 1538 3678 qni
1551 3618 1780 3663 ἀέναοι-κὴ
1797 3632 1842 3659 ce
1856 3623 1980 3671 regne
1991 3620 2089 3663 d'un
2104 3630 2302 3664 moment.

1490 3700 1539 3751 3.
1591 3698 1903 3769 Quosdam...
1943 3698 2204 3751 inauditos
2234 3700 2419 3752 conde-

1416 3779 1652 3838 mnavit3
1683 3789 1805 3847 post
1828 3778 2138 3848 oppressum
2163 3778 2422 3849 Nymphi-

1420 3858 1584 3911 dium.
1605 3856 1686 3907 Cf.
1713 3856 1976 3907 Piutarch.
2005 3854 2093 3922 15,
2119 3856 2209 3908 ubi
2233 3856 2302 3908 de
2323 3876 2422 3909 σω-

1420 3938 1486 3991 de
1518 3938 1764 4009 Cingonii
1787 3938 2067 4001 Varronis,
2105 3936 2420 3989 Mithfidatis

1416 4021 1650 4081 Pontici,
1677 4030 1730 4069 et
1759 4015 1998 4068 aiios-um.

1418 4118 1424 4123 ·
1491 4099 1540 4165 4.
1580 4100 1712 4150 Jura
1741 4097 1900 4147 trium
1931 4094 2224 4148 liberorum.
2262 4098 2416 4149 Conf.

1419 4177 1487 4231 ad
1516 4176 1703 4230 Claud.
1735 4194 1812 4245 19.

1993 4292 2090 4355 ¹7·
