3050 5004
650 435 825 524 4¹⁰⁵
1408 445 1482 509 C.
1535 442 2008 513 SUETONII

646 569 1195 643 contemtissimae
1224 567 1515 648 inertia-3,
1543 563 1742 659 cujus
1769 564 1976 651 filios»,
2003 570 2206 637 etiam
2231 585 2380 637 tum
2401 572 2748 665 parvulos,

646 700 1070 747 successores
1090 676 1317 769 palam
1336 674 1818 761 destinaverat,
1843 694 1911 746 et
1927 676 2180 748 abolito
2199 682 2426 774 priore
2449 686 2720 752 nomine
2733 736 2752 765 ,

646 787 941 857 alterum
980 789 1439 882 Vespasianum
1474 788 1804 882 appellari
1833 786 2132 882 jusserat
2148 843 2166 872 ‚
2206 788 2499 860 alterum
2538 796 2757 861 Domi?

650 903 933 981 tianum,
965 912 1245 989 repente
1272 921 1357 965 ex
1384 900 1782 967 tenuissima
1813 900 2198 992 suspicione
2221 916 2489 969 tantum
2511 928 2652 971 non
2679 908 2752 971 in

646 1015 799 1106 ipso
828 1008 975 1104 ejus
1002 1008 1363 1080 consulatu
1380 1020 1402 1049 ²
1432 1013 1794 1081 interemit.
1827 1016 1979 1098 Quo
2009 1015 2300 1081 maxime
2333 1014 2512 1081 facto
2537 1033 2755 1083 matu·

646 1125 825 1191 ravit
860 1122 987 1191 sibi
1021 1125 1301 1191 exitium
1314 1122 1367 1189 3.
1400 1125 1752 1192 Continuis
1787 1140 1939 1191 octo
1971 1123 2317 1193 mensibus
2351 1140 2455 1193 tot
2485 1126 2757 1219 fulgura

646 1233 825 1303 facea
860 1235 1319 1327 nunciataque
1355 1248 1517 1300 sunt
1537 1284 1554 1317 ,
1597 1249 1678 1301 ut
1711 1235 2186 1303 exclamaverit
2203 1287 2223 1319 ‚
2275 1264 2302 1297 ιι
2325 1238 2549 1305 Feriat
2575 1234 2754 1329 jam,

649 1366 857 1439 quem
896 1342 1079 1411 volet
1090 1342 1139 1411 4.
1168 1374 1197 1404 s·
1244 1348 1534 1411 Tactum
1571 1340 1659 1411 de
1703 1343 1869 1411 caelo
1909 1343 2317 1437 Capitolium
2337 1398 2355 1430 ,
2397 1346 2758 1439 templum·

648 1480 783 1552 que
826 1455 1073 1524 Flaviae
1114 1458 1371 1548 gentis:
1411 1459 1580 1525 item
1611 1454 1858 1524 domus
1889 1456 2194 1524 Palatina
2207 1510 2226 1541 ‚
2265 1473 2334 1526 et
2367 1456 2756 1527 cubiculum

647 1569 896 1660 ipsius:
928 1583 1135 1662 atque
1167 1570 1371 1635 etiam
1398 1590 1437 1635 e
1469 1567 1616 1635 basi
1649 1583 1888 1637 statuae
1915 1568 2346 1661 triumphalis
2375 1568 2615 1636 titulus
2643 1592 2756 1637 ex·-

649 1702 891 1747 cussus
934 1681 999 1746 vi
1040 1678 1355 1770 procellae
1390 1681 1463 1747 in
1498 1667 2022 1747 monumentum
2059 1681 2448 1772 proximum
2483 1677 2750 1748 decidit.

648 1789 869 1857 Arbor
882 1840 899 1872 ,
922 1812 1076 1883 quae
1092 1791 1355 1881 privato
1372 1788 1598 1858 adhuc
1617 1794 2034 1884 Vespasiano
2049 1814 2284 1858 eversa
2301 1790 2326 1831 ⁵
2339 1806 2726 1859 surrexerat
2737 1842 2755 1873 ‚

648 1916 814 1968 tunc
845 1924 1083 1968 rursus
1112 1916 1400 1993 repente
1436 1903 1714 1970 corruit.
1757 1903 2169 1971 Praenestina
2205 1907 2503 1970 Fortuna
2517 1902 2571 1986 6,
2615 1918 2756 1971 toto

649 2013 917 2105 imperii
954 2013 1171 2103 spatio
1206 2035 1465 2080 annum
1508 2036 1764 2081 novum
1805 2012 2306 2083 commendanti
2341 2014 2570 2082 loetam
2606 2038 2761 2083 ean-

650 2122 943 2218 demque
982 2146 1250 2215 semper
1286 2138 1542 2192 sortem
1579 2123 1742 2192 dare
1777 2142 2082 2209 assueta,
2119 2140 2423 2203 extremo
2459 2126 2759 2193 tristissi-

650 2258 835 2303 mam
862 2232 1187 2318 reddidit,
1210 2260 1341 2303 nec
1364 2240 1511 2305 sine
1537 2240 1883 2331 sanguinis
1905 2239 2271 2306 mentione.
2300 2254 2328 2301 7
2344 2240 2757 2317 Minervam,

650 2485 871 2553 LXV11,
921 2485 1002 2554 14.
1046 2484 1357 2540 Christianae
1392 2485 1661 2558 religionis

650 2565 913 2619 cultorem
967 2567 1132 2620 fuisse
1184 2567 1511 2620 Clementem
1539 2607 1556 2636 ,
1610 2580 1664 2620 et

652 2643 868 2697 aliunde
886 2657 1095 2697 constat
1108 2682 1126 2711 ‚
1146 2659 1197 2698 et
1216 2644 1522 2718 xiphilinus
1547 2647 1662 2718 ipse

648 2723 832 2776 docet.
855 2725 1020 2777 Nullo
1040 2739 1220 2778 tamen
1244 2724 1407 2778 modo
1426 2726 1534 2778 hoc
1555 2725 1664 2778 col-

650 2802 927 2871 ligendum
956 2823 1022 2857 ex
1046 2805 1223 2858 verbis
1252 2806 1666 2859 contmtissimoe

1753 2485 1884 2541 latu.
1901 2484 2104 2560 Xiphil.
2129 2484 2166 2538 l.
2191 2505 2238 2540 c.
2261 2480 2576 2537 &emim-2.
2599 2484 2758 2549 Puto,

1752 2570 2062 2621 accusatum
2097 2567 2266 2618 fuisse
2297 2565 2626 2618 Clementem
2661 2563 2760 2616 ud-

1751 2645 1858 2698 huc
1877 2645 2165 2699 Consulem
2181 2683 2200 2712 .,
2223 2647 2563 2697 interemtum
2583 2655 2780 2720 mitem⁴

1753 2725 1999 2799 deposito
2045 2726 2380 2796 magistratu.
2431 2723 2586 2776 conf.
2638 2722 2761 2774 Phi-

1753 2807 1904 2859 lostr.
1928 2806 2076 2872 vlu,
2111 2821 2194 2858 ιο.

654 2882 858 2937 inertia!
885 2895 1027 2935 recte
1056 2884 1330 2937 contendit
1356 2885 1630 2940 Ernestius
1647 2921 1665 2952 ,

652 2979 821 3032 quum
854 2980 915 3013 ea
952 2979 1080 3014 non·
1092 2964 1324 3016 criminis
1350 2963 1433 3017 vel
1460 2963 1668 3016 calum-

652 3041 755 3093 πίε
768 3041 1049 3106 rationem,
1069 3040 1162 3094 sed
1178 3045 1502 3096 contrarium
1514 3081 1532 3110 ‚
1549 3043 1670 3096 alie·

654 3121 931 3173 nissimum
962 3121 1125 3174 fuisse
1158 3120 1227 3173 ab
1260 3124 1406 3175 omni
1436 3127 1668 3195 graviori

654 3199 926 3254 molimine
954 3199 1316 3267 Clementem,
1346 3214 1410 3253 ut
1442 3203 1666 3273 ignavis-

654 3281 845 3333 simum
859 3279 1149 3346 hominem,
1162 3297 1226 3332 ex
1242 3281 1475 3333 auctoris
1490 3293 1667 3334 mente

656 3357 985 3430 significent,
972 3379 985 3394 ·
1016 3375 1341 3430 quamquam
1367 3359 1423 3412 id
1452 3378 1666 3434 quoque

654 3437 1097 3506 concedendum,
1136 3438 1400 3494 abstinere
1439 3459 1469 3492 a
1505 3439 1666 3493 rebus

654 3518 929 3590 publieis'
914 3519 1229 3592 unperiique
1260 3519 1586 3593 cupiditate,
1613 3533 1668 3572 et

654 3592 926 3666 negligere
945 3614 1206 3648 vanorum
1224 3611 1556 3650 contemtum
1573 3595 1669 3648 ho-

656 3678 857 3728 minum
874 3713 893 3744 ‚
920 3694 1035 3729 esse
1058 3695 1121 3729 ex
1142 3679 1356 3746 ingenio
1376 3691 1571 3730 nostre
1590 3695 1670 3730 re-

654 3753 899 3825 ligionis,
931 3755 1106 3828 iisque
1136 3754 1273 3807 adeo
1310 3755 1484 3808 verbis
1513 3755 1670 3827 prodi

656 3831 1036 3911 Christianum.
1054 3836 1299 3888 Ceterum
1310 3835 1427 3888 vide
1438 3837 1667 3888 Reimar.

656 3915 729 3968 ad
749 3915 954 3988 Xiphil.
980 3915 1015 3968 l.
1043 3934 1090 3969 c.
1117 3915 1416 3969 Celebravit
1437 3915 1672 3975 Clemen-

660 4007 769 4048 tem
788 3999 947 4049 etium
964 3997 1269 4051 Κιοητοσκ
1280 3993 1574 4069 ,ζΜοεοίιὼ
1593 3997 1641 4050 Χ
1652 4034 1670 4063 ,

662 4073 769 4129 3ιο
793 4093 903 4146 seq.

735 4167 786 4203 2.
828 4153 1061 4206 Tantum
1089 4171 1196 4206 non
1222 4154 1281 4206 in
1303 4155 1470 4226 ipso...
1495 4170 1673 4208 conm-

1826 2886 1878 2939 3.
1923 2885 2184 2938 Exitium.
2230 2881 2314 2936 Al.
2361 2882 2581 2934 exitum.
2629 2879 2762 2933 Vide

1753 2961 1950 3016 Duker.
1981 2977 2035 3016 et
2059 2962 2411 3033 Oudendorp.

1827 3042 1880 3110 4.
1905 3044 2071 3114 Quem
2095 3041 2252 3096 volet.
2271 3042 2486 3094 Certum
2506 3037 2636 3092 mihi
2657 3050 2762 3106 est,

1755 3122 2039 3192 legendum
2083 3141 2200 3174 esse
2236 3139 2398 3194 quum
2433 3117 2586 3173 volet.
2629 3117 2764 3171 Sunt

1757 3205 1898 3255 enim
1920 3201 2082 3254 verbs
2113 3202 2266 3274 quasi
2285 3199 2630 3274 desperantis.
2657 3199 2762 3251 Ce—

1755 3296 1928 3335 terum
1965 3301 2088 3334 cum
2127 3281 2242 3334 aliis
2277 3283 2561 3353 acquiesco
2593 3281 2650 3332 in
2683 3277 2764 3330 le-

1755 3363 1935 3415 ctione
1955 3359 2183 3434 fulqura
2202 3361 2389 3433 facta,
2421 3377 2584 3432 quam
2613 3359 2764 3410 fuere

1755 3441 1850 3512 qui
1873 3451 2143 3492 mutarent
2163 3442 2218 3491 in
2222 3441 2392 3512 jacta.

1829 3519 1877 3571 5.
1906 3517 2088 3586 Arbor,
2112 3533 2284 3591 quoe...
2308 3527 2613 3570 surrexerat.
2632 3514 2764 3569 Vide

1757 3601 1976 3668 vespas.
2009 3614 2128 3667 cap.
2159 3595 2210 3647 5.

1825 3675 1882 3728 6.
1919 3674 2242 3728 Praenestina
2275 3675 2525 3727 Fortuna.
2561 3673 2646 3727 Cf.
2673 3674 2768 3726 'ri-

1756 3753 1870 3806 ber.
1919 3772 2038 3825 cap.
2081 3752 2170 3807 63.
2215 3781 2286 3795 --
2331 3753 2766 3814 Commendat&

1755 3833 2038 3908 precibus,
2066 3835 2202 3887 votis
2231 3835 2361 3887 suis.

1831 3931 1880 3986 7.
1905 3915 2204 3967 Minervam
2218 3953 2236 3981 ,
2264 3927 2366 3966 etc.
2386 3913 2540 3966 Conf.
2563 3909 2763 3984 xiphil.

1757 3995 1944 4048 LXVII
1959 4031 1976 4059 ‚
2007 3993 2088 4048 16.
2109 3996 2404 4048 Minervam
2421 4011 2528 4065 pre
2552 3992 2766 4065 reliquis

1760 4075 1873 4128 Diis
1901 4093 2023 4127 eum
2049 4073 2308 4141 coluisse,
2345 4072 2570 4126 vidimus
2601 4073 2763 4126 etium

1760 4153 1832 4206 ad
1855 4172 1978 4226 cap.
2007 4153 2060 4220 4.
