3050 5004
747 454 836 517 28
1500 453 1574 515 C.
1628 449 2097 517 SUETONH

745 582 1004 644 Verum
1029 575 1416 643 admonitus
1437 628 1454 657 ,
1494 590 1564 641 et
1596 578 1986 668 principum
2016 590 2087 641 et
2112 597 2351 665 regum
2386 580 2863 645 seexcessisse

745 690 1091 781 fastigium
1107 741 1124 771 ,
1149 688 1445 756 divinam
1464 713 1549 755 ex
1566 712 1648 756 eo
1667 686 2122 782 majestatem⁵
2147 710 2448 755 asserere
2470 686 2595 755 sihi
2620 692 2865 781 coepit;

748 798 1042 893 datoque
1092 800 1362 911 negotio
1383 852 1400 881 ,
1451 814 1529 865 ut
1574 797 1933 866 simulacra
1972 799 2336 865 numinum
2356 850 2375 880 ‚
2422 795 2753 889 religione
2800 813 2872 865 et

747 928 894 976 arte
924 909 1248 1002 praeclara
1266 962 1284 991 ‚
1313 912 1490 978 inter
1523 935 1678 1005 quae
1706 910 2003 1003 Olympii
2033 906 2259 977 Jovis⁶
2280 962 2298 993 ,
2334 926 2869 1002 apportarentur

749 1044 787 1089 e
807 1024 1066 1089 Graecia
1085 1076 1102 1103 ,
1133 1022 1380 1116 quihus
1409 1026 1627 1116 capite
1652 1022 1878 1091 demto
1902 1048 2103 1091 suum
2144 1025 2521 1115 imponeret
2538 1075 2555 1105 ,
2594 1040 2869 1115 partem

750 1131 982 1199 Palatii
1005 1132 1094 1200 ad
1123 1138 1374 1201 Forum
1397 1158 1618 1229 usque
1650 1136 1989 1227 promovit
2006 1187 2023 1216 ,
2058 1148 2263 1227 atque
2294 1130 2440 1200 aede
2464 1134 2768 1200 Castoris
2802 1150 2871 1199 et

751 1242 1040 1313 Pollucis
1081 1247 1153 1311 in
1197 1236 1614 1314 vestibulum
1662 1246 2175 1337 transfigurata⁷
2196 1297 2214 1327 ‚
2262 1246 2638 1312 consistens
2684 1266 2869 1337 saepe

749 1356 927 1421 inter
969 1354 1210 1423 fratres
1255 1360 1433 1423 Deos
1475 1354 1781 1425 medius⁸
1801 1410 1819 1440 ‚
1870 1380 1943 1423 se
1987 1353 2413 1422 adorandum
2452 1352 2870 1422 adeuntibus

751 1464 1146 1551 exhibebat3
1181 1486 1249 1535 et
1285 1466 1565 1563 quidam
1596 1492 1753 1535 eum
1791 1470 2245 1535 LATIAREM
2278 1468 2607 1533 JOVEM⁹
2634 1488 2873 1533 consa-

751 1574 1080 1643 lutarunt.
1120 1577 1487 1672 Templum
1531 1581 1732 1645 etiam
1770 1579 2034 1645 numini
2073 1600 2199 1644 suo
2235 1576 2588 1667 proprium
2610 1626 2629 1655 ‚
2676 1589 2749 1643 et
2772 1598 2873 1641 sa·

753 1687 1058 1757 cerdotes
1079 1742 1095 1771 ,
1125 1706 1194 1756 et
1228 1692 1822 1783 excogitatissimas
1861 1689 2116 1757 hostias
2150 1689 2459 1755 instituit.
2500 1692 2579 1754 In
2612 1685 2871 1780 templo
2922 1764 2925 1767 ⁴

755 1798 1194 1867 simulacrum
1232 1800 1453 1867 stabat
1489 1798 1775 1867 aureum
1814 1803 2249 1879 iconicum¹⁰‚
2292 1796 2874 1892 amiciebaturque

755 1910 1054 2003 quotidie
1075 1926 1260 1980 veste
1278 1966 1296 1994 ‚
1321 1912 1504 2007 quali
1525 1915 1671 2006 ipse
1692 1929 2021 1981 uteretur.
2042 1912 2457 2003 Magisteria¹
2472 1921 2486 1948 ¹
2514 1909 2874 1979 sacerdotii

756 2167 942 2220 dorem
955 2208 971 2234 ‚
985 2188 1238 2243 pompam
1251 2209 1269 2239 ‚
1282 2184 1617 2243 apparatum.
1631 2172 1767 2225 Vide

759 2265 878 2318 quoe
907 2246 974 2299 de
1002 2248 1103 2301 hac
1132 2268 1264 2301 voce
1290 2248 1518 2302 diximus
1544 2250 1613 2302 ad
1636 2250 1765 2302 Caes.

760 2344 855 2395 77,
885 2341 937 2378 et
962 2327 1032 2379 cf.
1057 2330 1263 2381 Ernest.
1289 2328 1436 2381 Clav.
1464 2331 1637 2382 Cicer.
1669 2330 1769 2381 sub

756 2425 878 2459 voc.
909 2411 1115 2480 species.
1158 2410 1237 2461 De
1271 2410 1528 2480 principis
1554 2412 1771 2462 nomine

759 2486 878 2540 vide
904 2487 1047 2559 Lips.
1077 2488 1145 2541 ad
1164 2491 1336 2543 Tacit.
1363 2488 1555 2541 Annal.
1580 2492 1635 2556 1,
1667 2506 1714 2542 ι.

833 2565 884 2619 5.
924 2569 1255 2621 Πίυἰηαηι....
1282 2571 1603 2640 majestatem
1620 2608 1638 2635 ‚
1669 2581 1773 2620 etc.

759 2648 890 2710 Dio,
915 2647 1068 2708 LIX,
1092 2647 1125 2699 3
1151 2661 1204 2699 et
1231 2648 1326 2713 26,
1357 2667 1463 2720 quo
1488 2650 1693 2719 capite,
1718 2661 1776 2698 ut

761 2736 814 2775 et
849 2723 949 2790 28,
986 2723 1148 2793 plura
1179 2722 1248 2776 de
1281 2725 1382 2776 hac
1415 2731 1532 2797 ejus
1569 2727 1775 2778 insania

763 2814 1066 2852 narrantur.

833 2881 884 2931 6.
909 2879 1055 2932 Inter
1071 2897 1186 2952 quoe
1205 2881 1445 2954 Olympii
1461 2884 1633 2944 Jovis;
1656 2881 1777 2933 Phi-

763 2960 862 3012 diae
885 2979 1039 3032 opus.
1070 2961 1227 3013 Conf.
1255 2965 1388 3028 Dio,
1410 2965 1555 3030 LIX,
1584 2967 1669 3017 28.
1700 2963 1776 3014 Si-

764 3042 1054 3094 mulacrum
1075 3042 1198 3094 loco
1219 3047 1420 3096 moveri
1437 3064 1549 3096 non
1568 3046 1777 3116 potuis-

763 3141 819 3175 se
841 3159 858 3186 ‚
893 3121 1111 3192 aliisque
1139 3121 1394 3194 prodigiis
1422 3125 1659 3176 territum
1684 3143 1740 3176 se
1756 3162 1774 3189 ,

765 3203 1074 3252 Memmium
1118 3203 1379 3272 Regulum
1399 3241 1415 3268 ‚
1461 3205 1549 3256 cui
1594 3203 1778 3255 datum

765 3293 881 3332 erat
915 3281 1316 3351 transportandi
1353 3286 1665 3353 negotium,
1709 3281 1779 3334 ad

766 3361 952 3412 Caium
979 3359 1250 3430 retulisse,
1281 3378 1462 3416 narrat
1482 3366 1514 3416 J
1519 3363 1779 3434 osephus‚

769 3439 922 3506 XIX,
955 3457 974 3490 ι
1001 3461 1016 3502 ;
1043 3442 1268 3492 Pausan.
1305 3454 1512 3507 autem,
1548 3444 1651 3506 IX,
1681 3459 1743 3511 27
1762 3478 1778 3506 ‚

767 3515 1087 3588 Cupidinem
1102 3521 1260 3571 etiam
1271 3521 1681 3593 Thespiensium
1696 3541 1784 3573 eo-

766 3599 891 3652 dem
911 3599 1073 3652 modo
1099 3602 1298 3654 nefarie
1322 3622 1348 3652 a
1377 3602 1505 3654 Caio
1533 3615 1785 3655 attrecta-

771 3695 911 3745 tum,
923 3679 1016 3732 sed
1034 3699 1142 3732 non
1159 3685 1347 3752 majori
1361 3701 1608 3736 successu
1620 3720 1635 3748 ‚
1649 3687 1784 3754 ejus-

772 3776 876 3829 que
913 3757 1123 3810 sceleris
1161 3773 1330 3811 morte
1367 3773 1557 3831 postea
1596 3778 1783 3831 poenas

771 3855 924 3906 oeque
959 3835 1205 3903 dedisse,
1246 3857 1306 3890 ac
1343 3841 1616 3892 Neronem
1644 3838 1784 3891 idem

773 3928 1044 3966 conatum.
1065 3913 1356 3968 Simulacra
1373 3932 1551 3969 autem
1564 3958 1579 3983 .‚
1596 3937 1652 3970 re
1666 3935 1786 3970 vera

773 4006 1055 4063 apportata
1077 4031 1093 4057 ,
1141 3996 1248 4046 suis
1294 3995 1514 4048 urbibus
1561 3999 1788 4049 restituit

775 4071 1056 4138 Claudius,
1082 4085 1298 4125 auctore
1322 4073 1480 4124 Dion.
1505 4075 1623 4139 LX,
1644 4077 1697 4126 6.

851 4167 898 4218 7.
931 4153 1141 4205 Panem
1163 4153 1420 4208 Palatii...
1445 4166 1601 4227 atque
1620 4157 1784 4208 cede...

1858 2170 2245 2246 tranfigurata.
2275 2170 2430 2223 Conf.
2451 2172 2583 2235 Dio,
2608 2170 2761 2234 LIX,
2788 2169 2871 2221 28.

1859 2256 2049 2306 Postea
2072 2254 2297 2306 restituit
2319 2253 2591 2305 Dioscuris
2616 2248 2875 2321 templum

1860 2328 2129 2383 Claudius.
2175 2332 2378 2381 Auctor
2412 2330 2555 2381 idem
2582 2330 2691 2381 Dio
2708 2367 2727 2394 .,
2752 2328 2875 2392 LX,

1860 2412 1913 2464 6.
1943 2413 2022 2463 De
2046 2410 2166 2463 loco
2192 2413 2307 2483 ipso
2333 2424 2493 2481 atque
2507 2408 2623 2461 aede
2642 2409 2874 2463 Castoris

1862 2505 1916 2544 et
1935 2489 2165 2544 Pollucis
2188 2490 2308 2543 vide
2331 2488 2554 2543 Nardin.
2577 2488 2737 2540 Rom.
2758 2488 2874 2538 Vet.

1862 2573 1951 2639 lv,
1976 2571 2011 2638 4
2032 2569 2223 2642 (Thes.
2259 2571 2423 2623 Graev.
2459 2583 2589 2623 tom.
2626 2571 2727 2636 IV,
2754 2585 2875 2639 pag.

1870 2669 1890 2703 1
1907 2649 2003 2719 147
2030 2648 2194 2720 seq.).

1936 2732 1987 2782 8.
2039 2728 2261 2780 Medius.
2293 2726 2377 2778 Al.
2408 2725 2645 2778 medium
2672 2743 2727 2778 se
2754 2723 2878 2775 ado·

1865 2809 2117 2874 randum,
2138 2821 2238 2860 etc.
2264 2804 2411 2877 quod
2430 2818 2600 2857 servat
2625 2801 2875 2857 Oudend.

1936 2906 1988 2958 9.
2004 2887 2267 2939 Latiarem
2280 2886 2485 2939 Iovem.
2498 2883 2582 2935 ΑΙ.
2598 2881 2877 2945 Latialm,

1866 2981 1926 3020 ut
1962 2986 2081 3039 cap.
2128 2967 2221 3033 16,
2258 2964 2495 3030 Palilia,
2534 2963 2623 3016 vel
2657 2960 2878 3016 Parilia.

1866 3047 2108 3117 Utraque
2146 3047 2285 3097 enim
2320 3045 2491 3096 forma
2528 3044 2585 3093 in
2618 3060 2724 3095 usu
2753 3049 2880 3092 erat.

1866 3124 1951 3176 Cf.
1980 3126 2114 3187 Dio,
2144 3123 2290 3188 LIX,
2323 3123 2407 3174 28.

1947 3219 2027 3255 ιο.
2064 3202 2415 3256 Simulacrum
2435 3241 2447 3252 .
2468 3239 2481 3252 .
2504 3239 2516 3252 .
2536 3241 2549 3252 .
2588 3200 2881 3270 iconicum5

1868 3281 1923 3332 id
1939 3295 2018 3334 est
2031 3320 2048 3348 ‚
2066 3280 2212 3354 quod
2232 3280 2455 3350 figuram
2474 3279 2579 3329 vivi
2600 3293 2763 3349 atque
2782 3287 2885 3327 sta-

1871 3377 2041 3414 turam
2079 3359 2305 3432 (dudm)
2342 3373 2521 3412 exacte
2550 3361 2883 3429 exprimeret.

1870 3443 2003 3495 Vide
2029 3441 2288 3494 Harduiii.
2322 3440 2392 3492 ad
2422 3440 2557 3494 Plin.
2592 3441 2726 3492 Hist.
2759 3439 2881 3490 Nat.

1870 3525 2093 3578 XXXIV
2103 3561 2121 3587 ,
2141 3525 2174 3591 4
2192 3521 2320 3595 (9),
2342 3521 2437 3574 ubi
2454 3517 2657 3593 effigies
2675 3517 2885 3571 iconicoe

1872 3615 2073 3656 vocatae
2088 3602 2357 3664 dicuntur,
2370 3602 2423 3652 in
2442 3599 2635 3671 quibus
2652 3617 2715 3651 ex
2732 3614 2887 3648 mem·

1874 3681 1985 3732 bris
2015 3680 2293 3732 hominum
2325 3681 2562 3750 ipsorum
2595 3672 2885 3728 similitudo

1874 3773 2013 3811 esset
2056 3777 2319 3830 expressa.
2364 3756 2507 3809 Idem
2530 3796 2546 3822 ‚
2586 3756 2815 3818 XXXV,
2853 3749 2885 3803 8

1872 3837 2039 3909 (34),
2067 3840 2355 3890 Panaenum
2372 3875 2389 3904 ,
2420 3838 2633 3889 fratrem
2661 3831 2885 3894 Phidiae,

1876 3916 2042 3988 praelii
2070 3915 2216 3987 apud
2240 3916 2561 3968 Marathona
2588 3913 2752 3966 duces
2782 3912 2887 3962 ico-

1881 3996 2021 4049 nicos
2046 3997 2277 4066 pinxisse
2302 3996 2451 4047 dicit.

1960 4091 1975 4123 1
1996 4091 2037 4124 1.
2096 4075 2400 4147 Maqisteri'a
2438 4071 2705 4125 sacerdotii
2726 4107 2742 4135 ‚
2784 4079 2882 4118 etc.

1880 4157 2121 4229 Maqistn‘
2166 4155 2452 4208 sacerdotii
2498 4155 2720 4223 alicujus
2767 4155 2891 4200 sunt
