3050 5004
1092 456 1602 523 CLAUDIUS.

2268 458 2383 521 131

299 584 404 653 vel
431 586 636 653 etiam
665 581 888 651 studio
909 604 991 649 ac
1016 580 1324 664 libidine,
1355 581 1683 661 honores,
1712 586 2076 663 exercitus»,
2105 585 2397 677 impuni-

299 712 468 765 tates
483 747 502 778 ‚
533 694 870 788 supplicia
891 694 1171 785 largitus
1198 692 1373 761 est3:
1401 707 1469 760 et
1496 690 1771 789 quidem
1791 695 2083 761 insciens
2106 696 2399 787 plerum-

299 830 430 901 que
453 822 526 873 et
545 808 846 898 ignaru&
871 810 969 871 Ac
989 826 1076 871 ne
1099 802 1486 895 singillatim
1509 806 1773 871 minora
1796 802 2101 899 quoque4
2122 829 2399 875 enume-

299 941 440 985 rem
461 968 480 998 ,
517 932 868 985 revocatas
897 914 1331 983 liberalitates
1363 910 1510 1008 ejus
1530 968 1549 997 ‚
1584 911 1839 1007 judicia
1874 919 2159 985 rescissa
2178 969 2196 1000 ,
2240 942 2401 1011 sup-

301 1029 558 1121 positos
595 1043 717 1095 aut
753 1028 954 1093 etiam
991 1024 1215 1119 palam
1249 1028 1639 1093 immutatos
1675 1021 1991 1093 datorum
2024 1028 2403 1099 officiorum

301 1137 680 1221 codicillos;
708 1140 1004 1230 Appium
1031 1136 1366 1221 Silanum,
1394 1159 1837 1231 consocerum
1868 1138 2101 1205 suum⁵
2118 1190 2136 1219 ‚
2165 1139 2405 1210 Julius-

303 1248 508 1345 que5,
541 1249 827 1318 alteram
863 1250 1100 1332 Drusi,
1127 1248 1416 1317 alteram
1444 1251 1829 1317 Germanici
1860 1247 2091 1333 filiam,
2122 1254 2404 1322 crimine

303 1365 565 1431 incerto
581 1413 598 1444 ,
615 1384 742 1429 nee
759 1360 1158 1429 defensione
1174 1360 1318 1429 ulla
1333 1359 1492 1429 data
1505 1412 1524 1443 ,
1542 1359 1821 1441 ,occiditz
1842 1363 2003 1429 item
2020 1378 2047 1426 7
2070 1366 2191 1430 Cn.
2217 1371 2405 1433 Pom-

305 1613 420 1683 ipsn
445 1610 696 1665 dictionis
719 1624 910 1664 namra
933 1608 1118 1679 docet,
1143 1630 1172 1663 e
1195 1630 1312 1665 sce-

303 1709 374 1743 na
399 1693 648 1763 repetitae.
671 1691 792 1743 Alia
815 1710 900 1743 res
921 1704 1038 1745 erat
1059 1710 1108 1743 c.
1132 1690 1232 1759 25,
1255 1694 1310 1743 in

305 1772 395 1839 iis,
431 1773 528 1845 qui
557 1790 611 1825 se
629 1790 730 1845 pro
759 1772 1037 1844 Equitilms
1067 1771 1316 1824 Romanis

303 1862 541 1928 agerent,
555 1852 649 1904 ubi
665 1851 904 1904 additum
915 1870 1014 1925 pro
1029 1850 1312 1903 discrimen

305 1934 466 2000 facit,
494 1930 646 1985 haud
677 1932 1016 1985 observatum
1053 1930 1120 1983 ab
1147 1933 1316 1983 Erne-

305 2013 425 2065 stio.
447 2010 612 2079 Quod
633 2010 701 2062 ad
722 2030 830 2063 rem
852 2012 1067 2076 attinet,
1091 2010 1161 2061 cf.
1183 2010 1313 2076 Dio,

307 2092 428 2158 Lx,
453 2110 502 2144 2.

375 2172 426 2224 3.
456 2170 774 2242 Compendio
797 2173 1042 2243 cujusque
1065 2168 1309 2222 luorum...

307 2251 524 2325 largitus
547 2264 636 2305 est.
667 2251 750 2303 cf.
783 2251 884 2301 Dio
903 2286 920 2311 ,
950 2250 1072 2315 Lx,
1106 2265 1184 2318 17.
1208 2252 1311 2302 Pro

307 2332 672 2403 impunitates,
697 2329 838 2400 Lips.
872 2331 1036 2381 suasi-t
1059 2328 1313 2380 immuni·

307 2423 457 2479 tates,
483 2410 634 2483 quod
657 2410 862 2479 recepit
883 2410 1042 2460 etiam
1066 2410 1189 2459 Ern.
1211 2406 1312 2461 Sed

303 2505 446 2544 recte
481 2490 722 2542 Bremius
759 2486 1095 2559 Wolflusque
1133 2498 1314 2539 osten-

305 2571 531 2639 derunt,
557 2589 668 2624 non
693 2561 864 2621 inesse
892 2567 1232 2640 impunitates
1257 2568 1312 2618 in

304 2651 654 2723 sequentibus
685 2647 871 2700 vocab.
907 2646 1168 2720 supplicia
1201 2646 1310 2698 lar-

299 2731 440 2804 gitus
459 2742 534 2783 est
547 2767 566 2794 ,
595 2742 656 2780 ut
674 2729 944 2780 Ernestius
967 2738 1150 2779 censet
1165 2764 1183 2793 ,
1215 2724 1310 2778 sed

303 2811 568 2862 contraria
588 2809 770 2879 potius
790 2825 934 2873 esse,
959 2820 1020 2858 ut
1037 2804 1192 2858 calb.
1221 2804 1308 2870 15,

311 2911 333 2936 ιι
351 2887 540 2941 donari
564 2890 734 2958 gratia
759 2905 944 2958 passus
971 2899 1050 2938 est
1081 2886 1312 2955 vectiga-

302 2966 403 3034 lia,
429 2967 792 3018 immunitates
809 3004 826 3032 ‚
850 2983 1032 3037 poenas
1057 2965 1308 3016 innocen-

303 3047 466 3114 tium,
493 3046 832 3116 impunitates
852 3047 1142 3098 noxiorum.
1165 3065 1188 3090 ι
1217 3045 1310 3094 Ρο-

302 3141 413 3180 stes
453 3127 678 3178 insciens
708 3135 762 3176 et
795 3126 1008 3198 ignarus
1033 3140 1184 3176 more
1210 3140 1309 3174 suo

303 3203 634 3277 pleonastice
645 3204 918 3273 conjunxit
935 3215 1139 3254 auctor.
1149 3200 1309 3268 Quod

304 3287 444 3336 enim
467 3285 690 3335 Pitiscus
709 3281 934 3334 alterum
958 3281 1214 3353 imperiti,
1235 3277 1312 3330 al-

305 3377 473 3416 terum
505 3361 856 3435 imprudentis
879 3375 972 3414 aut
993 3359 1310 3432 neglig'entis

304 3461 416 3496 esse
432 3442 590 3506 dicit,
609 3441 664 3494 id
683 3442 863 3494 nescio
876 3479 893 3510 ,
911 3459 980 3493 an
999 3442 1154 3492 nimis
1174 3457 1310 3510 quae-

304 3524 460 3575 situm
495 3525 600 3585 sit,
627 3538 802 3592 neque
839 3521 942 3590 ipsi
977 3520 1220 3589 scriptori
1253 3519 1310 3571 in

303 3617 534 3654 mentem
551 3602 882 3652 venerium-0
900 3617 962 3650 ac
979 3597 1218 3664 libidine,
1239 3595 1310 3650 ed

305 3701 466 3750 marg.
489 3678 662 3733 Plant.
685 3692 926 3730 notatum
947 3690 1044 3730 atat
1063 3677 1308 3745 libidine,

306 3759 447 3831 quod
471 3757 637 3810 habet
654 3755 902 3811 Oudend.
923 3755 1182 3808 Mullorus
1197 3775 1314 3808 sun-

305 3839 390 3893 det
415 3840 642 3894 libidini.

372 3921 422 3989 4.
461 3922 678 3974 Minora
701 3937 924 3993 quoque.
949 3917 1203 3972 Dedimus
1227 3917 1306 3971 le-

307 4003 534 4053 ctionem
563 3999 695 4052 cod.
725 3999 938 4051 Memm.
971 3999 1308 4070 pluriumque

304 4079 448 4135 MSS.
459 4117 476 4146 ‚
499 4079 783 4152 probatam
800 4079 1003 4130 Groevio
1019 4091 1070 4130 et
1085 4078 1304 4130 Wolfio.

303 4158 652 4230 Oudendorp.
673 4155 841 4211 edidit
857 4157 1078 4210 aliorum
1099 4156 1308 4210 minora

1399 1630 1649 1686 quoeque,
1686 1610 1831 1684 quod
1870 1614 2023 1685 pejus
2057 1614 2215 1666 etism
2243 1614 2404 1670 altera

1399 1692 1659 1759 lectione,
1683 1693 1907 1747 minima
1931 1710 2166 1769 quoeque.

1473 1772 1524 1825 5.
1543 1772 1775 1844 Appium
1790 1771 2033 1826 Silanum
2047 1813 2063 1842 ‚
2075 1793 2407 1831 consocerum

1367 1896 1376 1903 .
1400 1870 1551 1905 suum
1563 1872 1583 1913 ,·
1599 1853 1669 1905 ob
1681 1853 1953 1906 Octaviam
1965 1890 1981 1917 ,
1998 1852 2203 1906 Claudii
2220 1854 2379 1909 filiam
2394 1898 2413 1926 ,

1402 1932 1462 1982 1..
1499 1932 1662 1985 Junio
1700 1930 1915 2000 Silano,
1942 1930 2101 2005 hujus
2137 1934 2277 2003 filio,
2310 1936 2409 1989 de-

1403 2024 1709 2080 sponsatam
1729 2032 1741 2061 z
1766 2009 1886 2063 vide
1910 2030 1957 2063 c.
1982 2029 2064 2081 ²7·
2087 2016 2166 2066 De
2186 2033 2242 2067 re
2262 2016 2406 2069 conf.

1401 2089 1542 2157 Dio,
1576 2090 1700 2156 Lx,
1734 2090 1829 2158 14,
1865 2093 1955 2163 qui
1986 2089 2163 2143 Silano
2187 2084 2409 2148 matrem

1400 2168 1695 2222 Messalina
1712 2172 1953 2242 nupsisse
1976 2170 2129 2237 dicit,
2148 2186 2307 2245 atque
2330 2178 2411 2229 in-

1403 2246 1471 2299 de
1499 2261 1685 2301 natum
1710 2248 1891 2301 odium
1908 2288 1923 2314 ,
1955 2250 2099 2321 quod
2124 2272 2245 2305 cum
2271 2272 2409 2307 nuru

1399 2325 1755 2379 concumbere
1796 2327 2044 2380 noluerit.
2086 2332 2167 2383 De
2208 2333 2369 2385 modo
2392 2374 2411 2402 .,

1403 2424 1514 2477 quo
1544 2408 1934 2459 circumventus
1957 2406 2121 2459 homo
2150 2423 2263 2475 est,
2292 2413 2409 2465 vide

1401 2505 1521 2560 cap.
1550 2489 1637 2557 37.

1471 2569 1524 2622 6.
1544 2569 1833 2642 satiusque.
1846 2571 1927 2622 De
1951 2569 2248 2628 Germanici
2250 2573 2408 2647 filia,

1401 2649 1636 2720 relegata
1670 2663 1828 2701 nutes
1860 2668 1891 2701 a
1926 2652 2089 2704 fratre
2117 2653 2279 2721 Ceio,
2309 2676 2407 2727 po-

1399 2741 1512 2780 stea
1532 2743 1781 2782 revocata
1796 2748 1825 2781 a
1840 2729 2094 2797 Claudio,
2110 2734 2229 2786 vide
2250 2737 2405 2790 Dion.

1397 2807 1516 2875 LX,
1538 2809 1599 2874 8,
1624 2810 1716 2861 ubi
1737 2810 2033 2864 Messalino
2050 2828 2272 2868 mortem
2294 2821 2407 2887 ejus

1399 2889 1600 2940 tribuit.
1622 2890 1703 2941 De
1707 2886 1839 2962 filia
1856 2891 2039 2959 Drusi,
2061 2893 2259 2948 Tiberii
2284 2897 2406 2965 filii,

1398 2965 1568 3033 idem,
1597 2985 1715 3039 cap.
1754 2969 1833 3022 18.
1865 2971 1929 3020 D.
1964 2972 2237 3043 Augustus
2258 2977 2405 3048 apud

1399 3043 1683 3112 Senecam,
1706 3048 1762 3098 in
1784 3048 2009 3118 Apocol.
2042 3073 2064 3095 ι
2086 3053 2222 3120 Ιειε,
2247 3073 2405 3127 quem

1398 3124 1588 3178 videtis
1603 3165 1619 3192 ,
1643 3144 1740 3197 per
1758 3140 1837 3178 tot
1857 3145 2026 3181 snnos
2050 3132 2147 3183 sub
2167 3151 2287 3186 meo
2306 3153 2404 3188 no-

1401 3207 1540 3257 mine
1581 3205 1751 3258 latens
1770 3245 1789 3272 ,
1830 3207 1969 3260 hanc
2008 3210 2139 3264 mihi
2176 3217 2401 3283 gratiam

1399 3284 1615 3350 retulit,
1650 3299 1709 3336 ut
1746 3285 1877 3338 duas
1908 3284 2075 3343 Julius
2110 3309 2404 3366 proneptes

1398 3381 1544 3415 meas
1565 3361 1861 3430 occideret,
1886 3363 2105 3417 alteram
2126 3369 2301 3440 ferro,
2327 3373 2404 3425 al-

1397 3454 1567 3495 teram
1590 3442 1746 3494 fame.
1770 3465 1793 3490 ι

1470 3540 1520 3593 7.
1558 3522 1693 3573 Item
1730 3524 1825 3575 Cn.
1857 3523 2201 3596 Pompeium3
2232 3533 2402 3585 virum

1394 3604 1641 3656 Antoniae
1656 3639 1675 3667 ,
1713 3601 1924 3656 Claudii
1964 3623 2025 3657 ex
2067 3609 2252 3661 Petiua
2286 3612 2404 3666 filiae

1394 3681 1545 3752 (vide
1570 3701 1617 3733 c.
1652 3681 1765 3752 27).
1792 3683 1869 3734 De
1892 3685 2005 3754 ejus
2028 3702 2199 3740 morte
2226 3690 2403 3745 Zona-

1397 3779 1518 3824 ras,
1550 3778 1603 3830 p.
1631 3759 1751 3812 563.
1777 3761 1975 3813 Seneca
1992 3801 2009 3829 ,
2032 3763 2065 3814 Ι.
2094 3783 2141 3818 c.
2170 3789 2195 3812 κ
2214 3769 2316 3820 Iste
2339 3771 2399 3822 C.

1397 3841 1661 3894 Caesarem
1679 3857 1787 3891 non
1808 3840 1963 3892 desiit
1986 3856 2255 3898 mortuum
2276 3867 2405 3919 per·
2472 3878 2481 3886 ,

1395 3922 1551 3992 sequi
1568 3942 1591 3976 ι
1608 3919 1877 3972 occiderat
1898 3919 1984 3972 ille
2010 3941 2255 3978 socerum
2272 3967 2289 3995 ‚
2312 3929 2399 3982 hic

1395 4011 1450 4052 et
1469 4015 1741 4069 generum.
1769 3999 1826 4050 C.
1851 4001 2025 4053 Coesar
2041 4003 2217 4058 Crassi
2234 4007 2401 4063 filium

1395 4081 1566 4131 vetuit
1583 4081 1838 4149 Magnum
1861 4083 2071 4146 vocari3
2096 4082 2182 4136 hic
2204 4105 2399 4143 nomen

1401 4157 1476 4209 illi
1489 4155 1718 4210 reddidit
1732 4157 1823 4225 (cf.
1842 4157 1909 4210 ad
1921 4157 2083 4232 Calig.
2103 4162 2213 4234 35),
2234 4183 2400 4240 caput

2060 4277 2122 4342 9.
