3050 5004
600 454 733 535 426
1356 458 1431 523 C.
1482 457 1956 525 SUETONII

596 580 1024 653 Rhetoricam
1036 635 1055 667 ‚
1076 585 1170 653 ita
1190 598 1267 657 ut
1284 582 1585 679 quotidie
1597 598 1936 678 praeoepta
1951 580 2356 677 eloquentiae
2371 582 2664 651 traderet
2683 634 2702 662 ,

601 692 1009 763 declamaret
1041 717 1202 764 vero
1238 719 1381 763 non
1414 696 1544 763 nisi
1579 694 1924 763 nundinis.
1965 692 2277 763 Scholam
2307 692 2454 787 ejus
2485 692 2706 763 claros

600 828 875 899 quoque
904 808 1084 878 viros
1110 807 1578 902 frequentasse
1604 809 1828 875 aiunt:
1859 810 1934 875 in
1969 805 2076 875 his
2103 812 2414 875 Marcum
2441 808 2704 875 Cicero·

604 937 795 997 nem,
843 918 1046 985 etiam
1084 942 1299 1013 quum
1332 934 1634 1010 praetura
1676 919 2095 1009 fungeretur.
2143 919 2419 1011 Scripsit
2455 914 2706 996 multa,

602 1029 913 1119 quamvis
939 1052 1197 1095 annum
1229 1033 1443 1097 aetatis
1473 1032 2109 1125 quinquagesimum
2141 1053 2284 1097 non
2315 1027 2704 1097 excesserim

605 1140 730 1205 etsi
757 1142 1015 1207 Atteius
1038 1148 1052 1177 ¹
1096 1140 1485 1235 Philologus
1511 1139 1652 1210 duo
1683 1157 1950 1211 tantum
1979 1140 2328 1211 volumina
2361 1142 2440 1207 de
2472 1140 2710 1207 Latino

604 1274 883 1317 sermone
920 1251 1295 1348 reliquisse
1311 1277 1471 1323 eum
1504 1252 1750 1323 tradit:
1785 1276 1948 1322 nam
1979 1270 2206 1323 cetera
2233 1255 2488 1346 scripta
2519 1250 2714 1319 disci·

606 1360 929 1452 pulorum
951 1360 1098 1456 ejus
1123 1387 1271 1433 esse
1285 1417 1303 1448 ,
1328 1388 1472 1431 non
1497 1366 1746 1458 ipsius:
1777 1366 1850 1431 in
1873 1363 2122 1459 quibus
2145 1378 2215 1431 et
2235 1386 2440 1431 suum
2465 1359 2714 1429 alicubi

606 1473 889 1565 reperiri
911 1498 1181 1542 nomen.

702 1586 889 1651 vul.
941 1588 1035 1653 M.
1064 1590 1423 1663 pommus
1448 1589 1868 1653 Anoaomcus
1883 1634 1902 1666 ,
1925 1586 2200 1651 natione
2225 1586 2464 1676 Syrus,
2489 1578 2716 1649 studio

609 1696 957 1793 Epicureae
998 1713 1198 1787 sectae
1240 1695 1641 1765 desidiosior
1679 1698 1750 1763 in
1791 1696 2210 1789 professione
2247 1693 2720 1763 Grammaticus

612 1804 1021 1887 habebatur,
1053 1809 1417 1905 minusque
1444 1806 1736 1877 idoneus
1759 1804 1849 1875 ad
1881 1806 2206 1875 tuendam
2233 1804 2558 1873 scholam.
2591 1807 2719 1869 Ita-

612 1942 777 2011 que,
806 1942 1021 2012 quum
1044 1922 1216 1987 sein
1245 1921 1431 1989 Urbe
1456 1944 1599 1989 non
1631 1918 1854 1989 solum
1881 1920 2172 1987 Antonio
2193 1916 2570 2009 Gniphoni,
2599 1910 2718 1981 sed

608 2030 848 2095 ceteris
874 2031 1078 2096 etiam
1104 2027 1550 2098 deterioribus
1575 2032 1892 2123 postponi
1915 2030 2206 2111 videret,
2235 2032 2484 2097 Cumas
2507 2043 2724 2093 trans-

613 2142 721 2223 iit,
746 2138 976 2234 ibique
1008 2143 1081 2210 in
1103 2145 1239 2210 otio
1270 2145 1463 2226 vixit,
1492 2158 1563 2211 et
1589 2128 1810 2211 multa
1839 2144 2253 2235 composuit:
2283 2164 2526 2209 verum
2551 2136 2722 2207 adeo

613 2256 811 2345 inops
831 2268 1034 2347 atque
1058 2276 1262 2346 egens
1278 2305 1297 2337 ,
1319 2270 1399 2321 ut
1414 2270 1687 2321 coactus
1707 2256 1794 2321 sit
1810 2257 2228 2347 praecipuum
2247 2248 2419 2319 illud
2439 2273 2724 2343 opuscu-

614 2362 761 2432 lum
784 2389 988 2434 suum
1012 2365 1359 2435 annalium
1379 2368 1578 2435 Ennii
1601 2365 2046 2437 elenchorum
2064 2376 2078 2405 ¹
2109 2362 2404 2433 sedecim
2425 2360 2724 2429 millibus

618 2500 978 2547 nummum
1007 2477 1277 2548 cuidam
1298 2478 1626 2548 vendere:
1655 2502 1828 2574 quos
1852 2476 2062 2550 libros
2087 2474 2387 2544 Orbilius
2411 2494 2727 2568 suppres-

620 2612 731 2656 sos
752 2588 1120 2658 redemisse
1151 2613 1225 2658 se
1252 2587 1446 2672 dixit,
1474 2586 1990 2683 vulgandosque
2011 2611 2284 2658 curasse
2305 2587 2586 2654 nomine
2605 2607 2728 2652 au-

621 2702 847 2768 ctoris.

634 2865 641 2874 .
716 2813 831 2877 IX.
869 2810 1175 2878 Oamuns
1200 2813 1520 2878 Purmws
1539 2814 2050 2878 Beneventanus
2065 2859 2084 2892 ,
2107 2822 2328 2878 morte
2343 2821 2728 2900 parentum,

622 2943 761 2988 una
788 2935 993 3015 atque
1020 2918 1259 2988 eadem
1282 2917 1391 2986 die
1418 2922 1846 2988 inimicorum
1867 2917 2028 2988 dolo
2049 2921 2562 2986 interemtorum
2575 2969 2592 3000 ,
2623 2914 2732 2984 de·

624 3035 928 3116 stitutus,
966 3036 1189 3125 primo
1224 3036 1687 3126 apparituram
1721 3030 2224 3126 magistratibus
2251 3030 2448 3100 fecit:
2487 3025 2732 3098 deinde

624 3149 697 3216 in
732 3142 1135 3218 Macedonia
1168 3143 1547 3228 corniculo,
1587 3169 1750 3216 mox
1785 3167 1964 3240 equo
2003 3145 2282 3214 meruit:
2321 3141 2732 3236 functusque

625 3256 859 3326 militia
876 3309 895 3342 ,
920 3254 1141 3328 studia
1166 3260 1431 3351 repetiit
1448 3267 1493 3340 ⁵,
1519 3282 1674 3353 quae
1690 3253 1836 3350 jam
1857 3255 2014 3326 inde
2036 3283 2076 3325 a
2099 3279 2316 3350 puero
2335 3278 2476 3322 non
2500 3252 2736 3321 leviter

628 3481 696 3516 ne
710 3461 893 3534 Opilii.
914 3461 997 3515 Cf.
1012 3461 1249 3515 Turneb.
1272 3461 1405 3513 Adv.
1428 3461 1570 3526 xm,
1589 3479 1638 3518 2.

698 3546 809 3596 vn.
842 3561 888 3596 1.
914 3543 1133 3598 Atteius.
1152 3541 1289 3596 Vide
1312 3561 1431 3614 cap.
1461 3559 1552 3610 ιο,
1579 3562 1640 3594 ex

629 3643 739 3699 quo
762 3624 885 3679 loco
902 3636 1050 3697 patet
1062 3663 1079 3692 ‚
1103 3624 1239 3678 male
1256 3623 1517 3678 confundi
1541 3626 1642 3676 At-

631 3709 795 3762 teim
818 3706 1162 3782 Philoloqum
1186 3723 1309 3759 cum
1337 3707 1513 3760 Atteio
1543 3708 1642 3762 Ca-

626 3789 811 3864 pitone
832 3805 865 3838 a
885 3786 1161 3853 Fabricio,
1186 3783 1257 3838 ad
1282 3785 1439 3837 Dion.
1469 3785 1640 3852 Lvss,

638 3883 720 3936 ¹7·
757 3868 889 3920 Mox
919 3883 1101 3934 suurn,
1136 3883 1227 3937 op.
1268 3864 1463 3930 Atteii,
1500 3863 1643 3917 male

630 3947 916 3998 Burmann.
946 3947 1092 4016 cepit
1116 3961 1219 4017 pro
1242 3946 1369 4018 eju.

706 4027 843 4078 vm.
884 4043 929 4077 t.
966 4023 1265 4077 Annaliun
1294 4021 1463 4076 Ennii
1492 4021 1642 4074 elen-

632 4107 869 4160 chanan.
894 4105 1099 4159 Vocab.
1132 4103 1306 4158 Ennia·
1336 4121 1445 4156 non
1478 4115 1560 4155 est
1587 4105 1644 4154 in

632 4187 809 4254 libi-io,
832 4187 929 4241 sed
948 4189 1213 4242 intrusum
1232 4184 1301 4238 nb
1320 4183 1614 4238 editoribus
1626 4221 1643 4251 ,

1729 3475 1790 3514 ut
1810 3463 1969 3514 crisin
1991 3461 2174 3532 operis
2190 3460 2348 3512 Ennii
2369 3459 2648 3530 scripsisse
2663 3455 2736 3508 di-

1731 3555 1884 3594 catur
1895 3539 2250 3594 Andronicus.
2271 3537 2533 3612 Equidem
2554 3538 2738 3589 abesse

1730 3622 1910 3674 malim
1922 3659 1938 3685 ,
1959 3637 2124 3692 quum
2137 3619 2360 3672 annales
2371 3617 2580 3670 elenchi
2591 3633 2738 3687 eque

1731 3701 1836 3755 diei
1861 3704 2072 3774 possint
2093 3699 2290 3756 indices
2307 3695 2553 3759 annates,
2581 3708 2740 3767 atq-ue

1733 3779 1928 3833 Plinius
1969 3779 2076 3834 hoe
2111 3775 2434 3830 vocabulum
2467 3769 2741 3844 usurpavit

1731 3863 1883 3914 initio
1899 3861 2142 3914 Historiae
2157 3855 2426 3910 Naturalis
2438 3892 2455 3921 ,
2475 3853 2558 3906 vel
2573 3853 2744 3906 eonti-

1731 3941 1908 3994 merit
1927 3957 2068 4013 opus
2087 3937 2380 3990 Andronici
2401 3935 2564 3986 crisin
2576 3949 2744 4005 gram-

1733 4022 1982 4074 maticam
2009 4033 2102 4072 aut
2137 4018 2442 4070 historicam
2473 4012 2742 4064 annalium

1733 4103 2096 4155 Romanorum
2123 4097 2278 4149 Ennii
2309 4093 2658 4164 aliorumque.

1806 4181 1896 4237 tx.
1931 4197 1972 4233 ι.
2003 4177 2242 4254 flepeeitt.
2273 4178 2348 4228 lta
2379 4172 2612 4230 scribere
2633 4185 2742 4226 non
