3050 5004
1405 523 1475 583 C.
1528 520 1989 595 SUETONII

655 673 1155 745 percussorem,
1183 648 1289 742 cuj
1299 671 1375 715 us
1398 671 1605 715 manu
1630 650 1909 739 periret,
1936 652 2315 743 requisivit:
2345 666 2441 731 et,
2474 652 2746 716 nemine

657 776 958 854 reperte,
1011 763 1230 851 «Ergo
1263 781 1418 849 ego,
1440 788 1466 817 υ
1505 760 1756 851 inquit,
1805 788 1830 816 α
1854 780 1980 825 nec
2007 761 2299 825 amicum
2332 758 2579 841 habeo,
2619 782 2745 827 nec

659 875 1091 941 inimicum9?
1117 903 1142 932 υ
1192 872 1659 965 procurritque
1679 922 1696 951 ,
1744 874 1935 964 quasi
1978 873 2517 963 praecipitaturus
2561 894 2633 939 se
2675 874 2747 937 in

661 984 993 1053 Tiberim:

753 1098 1052 1165 XLVIII.
1107 1090 1232 1163 Sed
1279 1109 1591 1161 revocato
1638 1116 1873 1159 rursus
1910 1095 2194 1185 impetu,
2239 1092 2490 1189 aliquid
2531 1116 2750 1161 secre-

658 1209 846 1275 tioris
870 1205 1142 1274 latebrae
1169 1205 1256 1272 ad
1285 1202 1737 1301 colligendum
1761 1207 2063 1271 animum
2092 1202 2531 1275 desideravit:
2558 1220 2626 1271 et
2648 1206 2750 1271 of-

657 1318 912 1385 ferente
937 1317 1232 1384 Phaonte
1254 1314 1494 1382 liberto
1519 1313 1989 1381 suburbanum
2014 1338 2217 1381 suum
2237 1316 2414 1381 inter
2432 1314 2755 1383 Salariam

659 1448 726 1496 et
759 1434 1248 1495 Nomentanam
1276 1428 1484 1493 viam¹
1517 1428 1693 1493 circa
1722 1442 2040 1519 quartum
2064 1424 2484 1506 milliarium,
2510 1441 2586 1493 ut
2610 1442 2757 1493 erat
2828 1505 2840 1513 .

657 1536 842 1607 nudo
870 1536 1042 1631 pede
1071 1554 1272 1631 atque
1301 1539 1668 1617 tunicatus„
1698 1534 2039 1629 paenulam
2066 1534 2347 1603 obsoleti
2372 1534 2617 1603 coloris
2646 1560 2753 1603 su·
2852 1550 2861 1563 ·

657 1647 1038 1741 perinduit:
1087 1647 1545 1741 adopertoque
1592 1651 1841 1740 capite,
1884 1664 1952 1714 et
1989 1664 2145 1716 ante
2194 1648 2431 1715 faciem
2476 1647 2757 1716 obtento

661 1760 966 1842 sudario,
1005 1779 1256 1853 equum
1298 1757 1664 1841 inscendit,
1711 1774 2001 1853 quatuor
2040 1758 2199 1825 solis
2245 1758 2720 1827 comitantibus
2738 1810 2757 1842 ‚

661 1874 840 1939 inter
867 1894 1038 1965 quos
1075 1886 1144 1937 et
1170 1874 1420 1962 Sporus
1453 1888 1617 1935 erat.
1658 1871 2025 1963 Statimque
2056 1884 2347 1936 tremore
2375 1885 2575 1935 terrae
2593 1878 2615 1905 ²
2633 1921 2650 1952 ,
2694 1886 2763 1936 et

662 1980 930 2071 fulgure
967 1980 1252 2049 adverso
1289 1980 1711 2072 pavefactu5‚
1753 1979 1966 2047 audiit
2001 2002 2082 2046 ex
2116 1982 2441 2072 proximis
2480 1976 2761 2047 ³oestris

667 2090 1030 2159 clamorem
1073 2090 1387 2172 militum,
1431 2109 1499 2158 et
1542 2090 1665 2157 sibi
1702 2089 2017 2172 adversa,
2055 2106 2123 2156 et
2163 2088 2395 2157 Galbae
2431 2112 2761 2183 prospera

669 2204 1150 2269 ominantium:
1185 2203 1384 2267 etiam
1418 2224 1500 2266 ex
1528 2198 1739 2266 obviis
1767 2200 2133 2268 viatoribus
2163 2198 2505 2295 quendam
2536 2199 2765 2268 dicen·

671 2328 839 2396 tem,
887 2344 915 2371 α
935 2316 1018 2379 Hi
1051 2312 1388 2380 Neronem
1423 2328 1956 2407 persequuntur;
1981 2344 2007 2373 η
2046 2312 2255 2381 alium
2284 2316 2766 2397 sciscitantem,

683 2458 710 2485 a
735 2424 992 2521 Ecquid
1029 2428 1098 2491 in
1137 2424 1320 2493 Urbe
1357 2427 1513 2492 novi
1555 2423 1639 2491 de
1676 2430 2024 2491 NeroneP»
2080 2430 2272 2520 Equo
2302 2442 2531 2493 autem
2554 2424 2769 2494 odore

673 2535 914 2632 abjecti
937 2539 1006 2602 in
1029 2539 1134 2602 via
1159 2535 1500 2604 cadaveris
1530 2551 1955 2603 consternato
1971 2589 1989 2619 ‚
2016 2535 2279 2604 detecta
2306 2535 2471 2604 facie
2501 2539 2770 2630 agnitus

677 2663 780 2715 est
819 2672 860 2712 a
891 2646 1187 2741 quodam
1228 2646 1563 2714 missicio4
1598 2649 2029 2739 praetoriano,
2069 2663 2139 2714 et
2172 2645 2522 2714 salutatus.
2564 2651 2657 2712 Ut
2684 2645 2773 2713 ad

657 526 786 591 228

681 2865 876 2918 Eadem
902 2880 952 2918 et
977 2865 1063 2919 hic
1089 2871 1142 2918 in
1162 2868 1445 2920 scribendo
1471 2872 1684 2921 nomine
1774 2869 1891 2922 Jud.
1922 2872 2008 2937 IV,
2032 2889 2094 2940 9,
2126 2887 2183 2937 π,
2209 2881 2451 2942 quatuor,
2483 2883 2541 2921 ut
2563 2869 2778 2935 Noster,

682 2948 923 2998 varietas.
1776 2949 1977 3002 Neroni
2006 2951 2226 3002 comites
2254 2963 2526 3000 memorat.
2557 2950 2641 3001 Cf.
2668 2949 2781 3002 Eu-

755 3043 807 3096 9.
845 3026 988 3098 Enyo
1016 3045 1215 3099 (φο...-
1249 3045 1340 3079 nec
1380 3029 1690 3080 inimicum?
1780 3042 1917 3099 trop.
1944 3030 2065 3096 vll,
2098 3047 2160 3098 93
2194 3025 2372 3078 Aurei.
2406 3029 2606 3079 Victor.
2636 3027 2780 3098 Epic.

686 3105 990 3160 Secundum
1017 3106 1216 3178 xiphil.
1247 3127 1366 3178 cap.
1400 3127 1493 3179 29,
1523 3110 1576 3162 in
1602 3127 1692 3160 ca·
1778 3109 1845 3173 V,
1875 3124 1925 3176 7.

685 3205 846 3238 verna
885 3189 1122 3257 proxime
1160 3201 1282 3239 ante
1313 3203 1539 3241 mortem
1582 3189 1690 3240 haec

1855 3205 1901 3238 2.
1938 3185 2229 3258 Statimque
2252 3195 2471 3236 tremore
2492 3195 2660 3250 teme,
2682 3199 2783 3238 etc.

689 3269 855 3335 dixit,
907 3269 1392 3341 propinquantibus
1437 3288 1506 3321 ex
1554 3270 1693 3323 Urbe
1782 3264 1937 3317 Conf.
1964 3263 2302 3336 Xipi1il.cap.
2333 3263 2415 3316 28.

693 3350 982 3401 summissis
1019 3348 1299 3421 Equitibus
1333 3349 1486 3418 (vide
1520 3351 1695 3416 infra,

691 3447 809 3498 “³1³-
841 3427 960 3497 49)-

765 3506 986 3558 XLvm.
1018 3523 1034 3556 ι
1049 3545 1060 3556 .
1082 3508 1229 3560 Inter
1241 3507 1504 3561 Salariam
1523 3519 1576 3559 et
1590 3509 1698 3560 No-

695 3595 998 3636 mentanam
1019 3585 1176 3636 viam.
1202 3585 1281 3638 cf.
1307 3585 1524 3651 Strabo,
1544 3587 1610 3650 V,
1636 3585 1696 3651 3,

701 3681 719 3714 ι
734 3703 745 3714 .
763 3667 965 3735 Fugam
981 3665 1208 3717 Neronis
1230 3663 1478 3718 describit
1495 3662 1695 3735 Xiphii.

695 3743 883 3808 LXIII,
909 3760 994 3812 27,
1019 3743 1105 3794 cni
1135 3754 1230 3795 tres
1255 3757 1456 3796 tantum
1473 3744 1697 3796 comites

697 3823 858 3874 fuisse
895 3821 1058 3889 dicit,
1091 3821 1390 3889 Phaonem,
1420 3821 1700 3893 Epaphro-

695 3901 895 3970 ditum,
919 3903 1162 3974 Sporum.
1197 3906 1276 3955 De
1303 3903 1474 3974 Sporo
1504 3901 1701 3954 dissen-

699 3983 760 4033 tit
785 3982 853 4034 ab
881 3981 1145 4034 historicis
1175 3983 1280 4035 Dio
1310 3983 1579 4053 Chrysost.
1608 3983 1701 4053 qui

699 4059 857 4112 caedis
891 4079 1012 4112 enm
1043 4062 1274 4112 Neronis
1307 4073 1579 4112 auctorem
1614 4059 1699 4112 fa-

698 4143 804 4206 cit,
830 4158 1118 4194 memorem
1151 4138 1308 4194 illatae
1339 4141 1440 4192 sibi
1466 4141 1701 4210 injuriae‚

699 4233 750 4272 et
761 4218 1046 4272 ulciscendi
1061 4221 1330 4296 cupidum.
1338 4220 1555 4292 Joseph.
1572 4218 1709 4272 Bell:

1856 3347 1905 3398 3.
1944 3347 2027 3397 Ex
2040 3345 2295 3418 proximis
2317 3345 2506 3396 castris.
2534 3343 2789 3399 Oudend.

1786 3444 1908 3478 cum
1929 3426 2143 3477 Panvin.
2169 3425 2431 3494 Descript.
2451 3423 2584 3475 'Ui-b.
2611 3423 2793 3477 Romoe

1785 3504 1973 3575 (Thes.
1999 3507 2167 3558 Graev.
2194 3518 2321 3556 tom.
2346 3505 2441 3570 111,
2463 3524 2518 3576 p.
2547 3504 2708 3576 226),
2740 3520 2797 3558 et

1785 3587 2029 3648 Donato,
2055 3582 2121 3635 de
2148 3582 2278 3638 Urb.
2312 3583 2461 3634 Rom.
2494 3585 2544 3646 1,
2575 3583 2670 3648 15,
2699 3604 2794 3635 ca-

1785 3673 1889 3715 stra
1914 3662 2156 3732 intelligit
2175 3662 2417 3735 proeton'a
2430 3699 2447 3725 ,
2478 3662 2673 3733 quibus
2699 3682 2797 3716 ae·-

1788 3741 1921 3794 cedo
1934 3781 1951 3809 ,
1964 3740 2112 3793 haud
2128 3741 2254 3792 satis
2270 3741 2443 3810 gravia
2463 3740 2797 3808 existimans,

1792 3840 1907 3894 quae
1930 3833 2115 3872 contra
2142 3819 2429 3890 disputavit
2451 3821 2745 3873 Ernestius.

1860 3900 1913 3967 4.
1954 3900 2001 3951 Α
2024 3899 2247 3972 quodam
2274 3899 2525 3962 missicim·
2552 3897 2602 3950 h.
2632 3918 2677 3952 e.
2707 3919 2798 3952 ex-

1793 3991 2083 4031 auctorato.
2109 3977 2191 4030 Al.
2222 3978 2477 4045 Missicio,
2506 3993 2565 4029 ut
2598 3997 2800 4032 nomen

1790 4061 1858 4112 sit
1879 4058 2072 4110 militis.
2096 4059 2194 4110 Vix
2212 4060 2494 4110 servaverit
2510 4056 2615 4111 hoc
2636 4057 2803 4111 histo·

1792 4142 1884 4192 ria.
1916 4139 2114 4192 Contra
2146 4137 2278 4190 illud
2309 4135 2497 4190 vocab.
2534 4139 2797 4209 ignoravit

1792 4217 2054 4271 librarius.
2079 4219 2236 4272 Conf.
2260 4215 2463 4286 Xiphil.
2488 4235 2606 4290 cap.
2638 4218 2723 4270 28.
