3050 5004
1193 502 1509 567 TITUS.

2267 502 2396 569 365

302 629 589 721 gularis,
634 626 937 695 docilitas
961 634 981 660 ²
1024 624 1111 691 ad
1158 644 1393 691 omnes
1434 624 1574 690 fere
1611 640 1756 690 tum
1791 622 1984 706 belli,
2027 642 2176 693 tum
2220 631 2403 719 pacis

298 754 497 805 artes,
532 741 893 803 Armorum
924 750 990 801 et
1018 732 1361 827 equitandi
1388 734 1834 825 peritissimus
1853 730 1878 771 ³
1905 760 1918 799 z
1959 738 2194 803 Latine
2222 740 2405 804 Grae-

300 873 513 943 ecque
538 848 645 915 vel
673 850 743 914 in
772 845 1060 931 orand0,
1090 845 1199 913 vel
1226 848 1295 911 in
1329 842 1663 936 fingendis
1694 847 2147 938 poematibuS,
2175 874 2406 941 prom-

302 960 455 1029 tus4
483 976 551 1027 et
577 959 787 1029 facilis
805 1013 822 1040 ,
856 958 944 1026 ad
980 956 1630 1050 extemporalitatem
1655 959 1909 1052 usque⁵
1938 984 1952 1023 :
1989 957 2111 1027 sed
2139 984 2226 1027 ne
2258 986 2408 1028 mu-

300 1072 456 1140 sicae
486 1067 760 1165 quidem
788 1068 976 1137 rudis
998 1122 1014 1150 ‚
1044 1084 1121 1135 ut
1152 1070 1266 1162 qui
1296 1082 1598 1135 cantaret
1625 1084 1692 1133 et
1721 1066 2080 1159 psalleret⁶
2107 1066 2410 1161 jucunde

302 1184 747 1273 scienterque.
790 1184 843 1245 E
877 1178 1186 1271 pluribus
1222 1180 1555 1269 comperi,
1589 1179 1768 1244 notis
1799 1201 2072 1271 quoque
2105 1182 2412 1273 excipere

302 1290 720 1359 velocissime
753 1289 1059 1373 solitum,
1099 1313 1255 1357 cum
1286 1286 1811 1355 amanuensibus
1846 1291 1982 1355 suis
2023 1314 2144 1381 per
2174 1289 2413 1359 ludum

296 1402 665 1497 jocumque
692 1419 1065 1485 certantem
1084 1454 1101 1485 ,
1131 1403 1513 1495 imitarique
1531 1411 1554 1451 ⁷
1586 1399 2066 1493 chirographa,
2092 1427 2414 1500 quaecun-

305 1537 451 1610 que·
472 1512 777 1599 vidisset,
811 1539 892 1583 ac
924 1538 1103 1607 saepe
1136 1511 1470 1607 profiteri,
1516 1542 1544 1571 α
1571 1534 1644 1578 se
1671 1515 2044 1580 maximum
2072 1513 2416 1581 falsarium

306 1648 455 1693 esse
482 1628 804 1717 potuisse.
842 1658 868 1687 n

400 1740 517 1803 IV.
567 1736 915 1804 Tribunus
941 1735 1233 1803 militum
1260 1738 1422 1802 etin
1449 1735 1810 1801 Germania
1832 1744 1846 1771 ¹
1883 1751 1952 1801 et
1979 1737 2050 1801 in
2078 1736 2419 1801 Britannia

308 1850 593 1939 meruit,
624 1872 891 1917 summa
922 1846 1305 1930 industriae,
1336 1870 1462 1916 nec
1489 1850 1753 1916 minore
1781 1846 2129 1916 modestiae
2167 1846 2416 1929 ²fama3
2575 1892 2587 1899 -

310 2060 638 2133 impediatur
685 2061 778 2114 tali
832 2064 1075 2133 corporis
1125 2063 1316 2113 forma.

310 2144 565 2195 Praeterea
587 2141 819 2195 offendit
834 2143 1047 2213 proecip.
1070 2143 1228 2194 robur
1246 2142 1321 2191 ita

312 2235 439 2275 ante
457 2223 765 2273 memoriam
784 2224 1045 2293 positum,
1066 2240 1233 2292 quum
1254 2220 1321 2271 de

312 2302 479 2353 animi
496 2299 711 2353 dotibus
730 2299 856 2352 inde
874 2300 1053 2353 dicere
1072 2301 1321 2370 incipiat,

310 2392 601 2451 postquam
624 2380 691 2432 de
720 2396 945 2449 corpore
968 2380 1213 2449 exposuit
1234 2395 1322 2429 us·

313 2476 421 2532 que
446 2458 511 2512 ad
534 2459 858 2531 projectiore.

388 2557 437 2592 2.
464 2539 747 2600 Docilita55
771 2538 1017 2592 celeritas
1036 2539 1093 2590 in
1114 2537 1323 2590 discen-

312 2617 419 2678 do;
444 2617 581 2670 Gall.
594 2617 825 2690 facilitd.

388 2697 441 2749 3.
480 2697 763 2749 Armorum
793 2707 847 2748 et
874 2694 1147 2769 equitandi
1178 2695 1325 2766 peri-

316 2776 576 2838 tissimum
614 2789 673 2828 ut
708 2776 898 2830 (heser.
938 2775 1095 2828 Conf.
1137 2773 1325 2827 Caesar.

314 2875 441 2928 cap.
474 2857 560 2926 57.

391 2937 443 3003 4.
482 2935 669 2986 Latine
691 2937 1044 3007 Graeceque....
1066 2944 1329 3004 promtus,

316 3030 422 3068 etc.
454 3016 535 3066 lta
560 3035 590 3068 e
621 3015 837 3066 Memm.
869 3015 1092 3085 aliisque
1128 3015 1329 3064 Ernest.

318 3109 375 3148 et
402 3093 651 3148 Oudend.
681 3093 981 3146 ediderunt.
1005 3091 1163 3162 Vulg.
1192 3091 1333 3144 Lati-

318 3193 405 3230 noe
425 3177 717 3247 Groecoeque
732 3175 954 3247 linquoe,
973 3193 1073 3244 pro
1092 3165 1199 3246 qu'o
1216 3175 1337 3224 Bur-

318 3271 505 3306 mann.
524 3255 722 3325 recepit
732 3254 897 3324 Lipsii
910 3251 1335 3305 emendationem

320 3335 515 3386 Latina
540 3335 823 3406 Graecaque
848 3331 1049 3404 lingua.
1070 3331 1203 3383 Vide
1225 3331 1337 3383 Ou-

320 3410 486 3464 dend.
516 3429 637 3464 cum
664 3429 773 3482 quo
804 3407 1051 3462 adverbia
1080 3409 1149 3462 ad
1175 3409 1257 3462 vel
1280 3411 1336 3462 in

323 3487 554 3555 orando,
586 3503 686 3541 etc.
718 3488 995 3541 referenda
1032 3491 1215 3562 potius
1246 3507 1340 3561 pu·

324 3583 412 3635 to,
438 3577 601 3640 quam
632 3568 701 3622 ad
720 3579 971 3640 promtum
996 3569 1337 3622 Consti-actio

326 3651 471 3702 enim
494 3649 781 3702 verborum
802 3667 1021 3720 prorsus
1040 3663 1119 3701 est
1138 3650 1336 3701 Graeca.

400 3729 451 3784 5.
490 3729 577 3781 Ad
616 3730 1119 3803 extemporalitatem
1160 3748 1336 3803 usque.

326 3808 715 3882 Extemporalis
739 3807 977 3881 facultas
1013 3809 1209 3862 dicitur
1234 3810 1343 3860 Au-

326 3901 473 3960 gast.
510 3889 597 3955 84.
634 3890 873 3943 Omisere
910 3887 1023 3941 liaec
1051 3887 1245 3956 verba,
1280 3900 1342 3940 ut
1371 3883 1378 3895 ’

328 3968 583 4023 Oudend.
608 3989 732 4022 vere
764 3983 977 4033 monet,
1004 3989 1139 4041 quos
1172 3970 1344 4022 offen-

332 4049 412 4104 dit
437 4068 543 4102 vox
567 4049 841 4122 singularis
859 4049 1301 4121 extemporalitas.

402 4131 455 4184 6.
504 4131 573 4182 Ut
604 4133 696 4203 qui
726 4142 965 4184 cantaret
991 4143 1042 4184 et
1062 4129 1341 4202 psalleret,

334 4225 433 4264 etc.
468 4209 703 4264 Psallerc
734 4223 812 4264 est
838 4209 909 4262 ad
932 4213 1341 4264 instrumentum

1408 2078 1618 2113 canere.
1661 2060 1758 2113 Hic
1796 2059 1948 2113 locus
1989 2060 2144 2125 facit,
2183 2073 2244 2113 ut
2275 2058 2422 2131 apud

1408 2139 1714 2193 Sallustium
1736 2141 1926 2206 etiam,
1951 2140 2104 2193 Catil.
2129 2139 2224 2204 25,
2249 2140 2424 2210 legen-

1410 2218 1540 2271 dum
1565 2221 1858 2271 existimem
1875 2258 1892 2285 ,
1916 2218 2142 2290 psallere
2165 2230 2215 2271 et
2241 2228 2426 2270 canta-

1412 2315 1497 2363 re,
1531 2295 1724 2349 saltare
1758 2295 1825 2349 el.
1861 2310 1964 2349 etc.
2001 2294 2096 2347 ubi
2124 2306 2335 2347 cantare
2369 2298 2424 2347 in

1411 2374 1682 2427 nonnullis
1697 2374 1847 2426 libris
1861 2390 2154 2446 comparet,
2170 2393 2269 2445 pro
2284 2374 2426 2445 glos-

1412 2474 1470 2508 sa
1498 2458 1728 2526 ejectum
1759 2458 1918 2509 etiam
1953 2474 1986 2508 a
2019 2456 2228 2520 Cot-tio,
2265 2474 2426 2528 quem

1412 2538 1481 2590 ad
1504 2538 1655 2590 illum
1677 2538 1856 2590 locum
1881 2537 2020 2589 vide.

1485 2637 1535 2688 7.
1575 2619 1914 2690 Imitarique,
1945 2632 2049 2670 etc.
2074 2619 2183 2686 Qui
2211 2636 2322 2670 non
2345 2622 2426 2670 vi-

1415 2698 1638 2762 derunt,
1659 2696 1958 2770 imitarique
1977 2711 2030 2748 et
2041 2695 2281 2769 profiteri
2298 2717 2429 2768 pen-

1417 2777 1544 2830 dere
1587 2775 1760 2828 adhuc
1801 2795 1832 2827 a
1873 2775 2087 2829 solitum
2103 2815 2123 2844 ,
2169 2775 2432 2830 dederunt

1418 2867 1700 2908 certantem
1729 2855 1942 2908 imitari.

1490 2939 1575 2987 lv.
1607 2951 1653 2985 ι.
1691 2935 1765 2985 Et
1796 2935 1852 2984 in
1885 2935 2186 2986 Germania.
2224 2937 2434 2988 Mucia-

1420 3033 1521 3068 nus
1561 3017 1614 3066 in
1656 3016 1898 3066 oratione
1936 3013 2004 3065 ad
2043 3016 2434 3085 Vespasianum

1423 3094 1569 3166 apud
1585 3095 1754 3146 Tacit.
1779 3096 1911 3146 Hist.
1938 3097 2012 3160 11,
2037 3112 2124 3164 77,
2151 3117 2172 3140 ι
2188 3097 2315 3148 Tuae
2333 3095 2433 3148 do·

1424 3177 1538 3228 mui
1560 3173 1880 3246 triumphale
1905 3193 2128 3240 nomen,
2155 3174 2262 3226 duo
2280 3177 2435 3244 juve-

1423 3275 1554 3325 nes,
1596 3275 1764 3328 capax
1799 3259 1908 3326 jam
1947 3257 2152 3327 imperii
2189 3255 2346 3320 alter,
2381 3271 2434 3310 et

1427 3337 1614 3408 primis
1635 3334 1832 3388 militiae
1861 3336 2016 3388 annis
2044 3333 2190 3406 apud
2212 3337 2437 3389 Germa-

1427 3420 1578 3470 nicos
1604 3433 1824 3486 quoque
1843 3418 2104 3468 exercitus
2129 3415 2321 3468 clarus.
2343 3439 2368 3464 a·

1500 3515 1552 3548 2.
1589 3495 1808 3548 Summa
1831 3495 2122 3561 industriae,
2149 3513 2244 3546 nee
2265 3498 2436 3548 mino-

1430 3595 1483 3627 re
1498 3575 1758 3626 modestice
1761 3573 1939 3646 fama.
1957 3576 2030 3626 lta
2052 3573 2296 3626 dedimus
2313 3593 2437 3626 cum

1427 3655 1638 3705 Ernest.
1678 3667 1730 3705 et
1768 3651 2120 3724 Oudendorp.
2159 3672 2258 3725 pro
2291 3655 2436 3725 vulg.

1435 3756 1457 3780 ιι
1478 3751 1682 3786 summa
1698 3732 1970 3798 industria,
1987 3752 2086 3786 nec
2101 3734 2308 3786 minore
2325 3752 2436 3785 mo-

1428 3813 1592 3867 destia
1626 3825 1678 3868 et
1707 3813 1875 3881 fama,
1897 3837 1920 3862 ο
1953 3833 2118 3887 quum
2147 3817 2438 3885 genitivum

1430 3894 1695 3946 industria
1721 3891 1900 3964 plures
1924 3892 2093 3948 Codd.
2123 3893 2438 3961 exhibeant,

1432 3987 1592 4045 atque
1607 3971 1732 4026 inde
1742 3975 1864 4042 jure
1877 3972 2174 4042 colligatur,
2189 3972 2435 4024 librario-

1430 4071 1550 4104 rum
1573 4052 1728 4124 lapsu
1752 4053 2003 4104 modestia
2019 4051 2242 4124 etfama
2261 4065 2436 4103 ortum

1432 4150 1493 4183 ex
1520 4130 1786 4184 modestice
1801 4129 1988 4202 fama,
2019 4130 2166 4203 quod
2189 4129 2436 4184 facillime

1433 4209 1676 4262 accidere
1711 4212 1916 4282 potuit,
1945 4229 2112 4282 quum
2140 4210 2302 4263 verba
2329 4213 2439 4262 sin-
