3050 5004
683 472 812 537 288

1431 469 1502 532 C.
1556 465 2025 534 SUETONII

677 596 952 685 insidias
979 593 1255 690 quidam
1282 596 1637 686 suspicati,
1664 592 2033 661 tumultum
2057 597 2552 663 excitaverunt:
2578 621 2657 665 ac
2677 623 2773 667 re·

675 725 879 803 pente
903 730 1168 788 omnes,
1192 703 1383 772 nullo
1407 720 1591 772 certo
1612 704 1815 787 duce,
1843 707 1914 771 in
1938 704 2267 773 Palatium
2290 726 2766 792 cucurrerunt,

675 818 928 887 caedem
952 819 1234 885 Senatus
1255 814 1638 906 flagitantes
1660 840 1673 880 :
1697 813 2122 909 repulsisque
2139 816 2627 901 Tribunorum,
2653 824 2769 913 qui

673 929 978 997 inhibere
1018 925 1372 995 tentabant
1398 977 1417 1008 ,
1461 923 1811 992 nonnullis
1856 942 1923 992 et
1963 928 2199 994 occisis
2228 944 2255 989 7
2286 982 2301 1009 ,
2356 932 2529 996 sicut
2576 948 2773 1000 erant

675 1041 971 1120 cruenti,
997 1037 1279 1104 ubinam
1314 1040 1693 1127 Imperator
1726 1050 1935 1118 esset,
1968 1038 2414 1131 requirenteS,
2447 1062 2772 1133 perrupe-

675 1164 836 1217 runt
856 1152 928 1216 in
951 1145 1319 1215 triclinium
1343 1168 1592 1239 usque,
1613 1168 1739 1212 nec
1756 1148 1887 1212 nisi
1910 1150 2056 1214 viso
2078 1146 2482 1215 destiterunt
2494 1149 2538 1215 ⁸.
2565 1154 2773 1242 Expe-

671 1260 997 1327 ditionem
1027 1272 1254 1325 autem
1275 1258 1562 1349 impigre
1586 1268 1789 1348 atque
1812 1258 2013 1323 etiam
2046 1278 2479 1351 praepropere
2506 1258 2771 1326 inchoa·

671 1374 798 1454 vit,
841 1369 1030 1438 nulla
1053 1422 1069 1450 ,
1115 1391 1200 1435 ne
1241 1366 1647 1459 religionum
1691 1366 1963 1459 quidem
1990 1423 2005 1450 ‚
2051 1391 2245 1451 cura,
2294 1367 2413 1437 sed
2457 1384 2525 1436 et
2566 1372 2765 1439 motis

668 1636 954 1687 viv-antium
1002 1632 1076 1684 ibi
1115 1633 1407 1705 primorum
1453 1633 1675 1684 civitatis

668 1711 810 1765 caede
830 1710 926 1764 vix‘
939 1708 1008 1763 ab
1027 1712 1146 1781 ipso
1165 1708 1381 1765 Othone
1399 1711 1672 1787 retinetur.

666 1792 862 1844 Omnia
893 1809 956 1843 ea
993 1808 1115 1841 cum
1150 1790 1405 1842 Suetonio
1442 1807 1674 1841 consen-

667 1874 837 1931 tiunt,
879 1870 982 1920 nisi
1005 1867 1153 1939 quod
1173 1867 1390 1919 navibus
1415 1886 1511 1939 per
1536 1866 1671 1919 clas-

666 1950 846 2002 siarios
856 1946 931 2017 (h.
950 1966 996 1998 e.
1012 1947 1253 2015 remiges,
1263 1944 1418 1999 classi
1433 1946 1673 1999 Ostiensi

665 2029 972 2099 impositos,
1005 2044 1070 2077 ne
1088 2044 1211 2077 cum
1229 2027 1465 2078 Ernestio
1483 2025 1551 2077 de
1573 2028 1672 2077 mi-

665 2106 765 2158 lite
788 2105 1058 2157 classiario
1097 2105 1324 2174 cogites,
1357 2101 1426 2157 de
1455 2123 1564 2177 quo
1589 2104 1673 2156 di-

665 2199 812 2239 etum
849 2183 918 2237 ad
951 2182 1106 2236 Galb.
1153 2182 1236 2252 ια)
1278 2202 1426 2234 arma
1449 2185 1670 2235 Romam

666 2265 918 2319 translata
933 2265 1218 2317 Suetonius
1229 2300 1246 2328 ,
1264 2263 1478 2315 Tacitus
1492 2275 1670 2314 autem

667 2342 910 2396 vehicula
929 2342 1149 2394 cohortis
1167 2342 1231 2392 iis
1251 2348 1498 2407 onerata,
1521 2339 1665 2391 dicit.

665 2423 924 2476 Putabam
939 2419 1226 2491 aliquando
1239 2457 1256 2486 ,
1271 2420 1383 2471 hoec
1397 2422 1514 2491 ipsa
1530 2418 1671 2469 vehi·

663 2505 788 2558 cula
809 2504 1008 2571 Taciti,
1034 2515 1096 2554 ut
1117 2502 1334 2572 saepius,
1357 2498 1424 2551 de
1448 2498 1671 2571 navigiis

663 2583 1006 2655 intelligenda
1043 2600 1186 2646 esse,
1229 2594 1281 2634 et
1309 2599 1407 2652 per
1434 2598 1669 2632 errorem

663 2663 1004 2718 Plutarchum
1041 2662 1076 2713 l.
1116 2681 1164 2714 e.
1197 2664 1412 2714 vertisse
1442 2658 1509 2713 τὲ
1540 2657 1671 2711 ’ὄπ-λιι

661 2745 768 2800 ταῖς
789 2741 1009 2810 αἱμάξεις
1031 2741 1339 2798 inae-&ima
1379 2740 1483 2794 Sed
1505 2741 1670 2793 levior

663 2825 776 2877 haec
802 2841 884 2875 res
915 2835 1024 2890 est,
1069 2835 1120 2875 et
1148 2825 1200 2874 in
1232 2841 1338 2894 qua
1361 2821 1666 2894 §dissensum

664 2907 983 2975 scriptorum
1010 2902 1167 2954 facile
1196 2895 1502 2961 ferascssfilia
1525 2900 1666 2954 diffi-

661 2983 862 3050 cultas,
881 3000 1040 3053 quam
1065 2993 1303 3052 quaerunt
1326 2982 1380 3031 in
1404 2980 1565 3032 verbo
1584 3000 1666 3032 re-

661 3063 802 3114 mitti
823 3059 1008 3132 (quod
1035 3061 1315 3111 Burmann.
1341 3060 1398 3110 in
1417 3063 1668 3130 proemitti

661 3138 976 3192 mutandum
1013 3137 1191 3202 duxit,
1233 3139 1438 3190 Ernest.
1482 3153 1665 3192 contra

662 3239 817 3273 usum
849 3218 1039 3289 linguae
1075 3217 1327 3290 explicuit
1351 3220 1524 3286 mitti,
1561 3220 1666 3272 Ou-

664 3299 924 3370 dendorp.
942 3309 1147 3350 mutare
1169 3297 1348 3350 maluit
1364 3299 1418 3348 in
1433 3297 1661 3366 demitti,

661 3376 720 3429 id
742 3390 850 3445 est,
891 3375 1126 3429 secundo
1150 3375 1310 3428 fluvio
1344 3375 1543 3429 deferri
1568 3396 1663 3430 seu

660 3455 852 3509 devehi
881 3455 1152 3522 Ostiam),
1189 3454 1320 3507 mihi
1346 3455 1491 3508 nulla
1518 3455 1661 3508 vide-

660 3549 768 3602 tur,
787 3533 1158 3607 Oudendorpii
1180 3533 1480 3587 emendatio
1503 3538 1663 3589 etiam

659 3615 857 3668 falsum
887 3613 1120 3688 praebere
1153 3632 1386 3666 sensum.
1426 3615 1660 3682 Scilicet,

663 3713 828 3767 quum
854 3694 1022 3748 redire
1046 3694 1263 3747 deberet
1294 3694 1489 3747 cohors
1511 3696 1661 3748 Ostia

659 3777 916 3840 Romam,
956 3773 1266 3825 remittenda
1309 3774 1470 3824 etiam
1508 3775 1660 3826 erant

661 3873 808 3907 arma
851 3856 907 3906 in
951 3853 1179 3918 Urbem,
1226 3851 1368 3904 unde
1410 3852 1659 3906 translata

660 3935 870 3987 fuerant
898 3931 966 3983 ad
1005 3945 1212 4003 tempus
1243 3929 1398 3984 simul
1421 3950 1541 3984 cum
1572 3935 1663 3984 mi-

657 4013 750 4065 lite
764 4014 819 4063 in
835 4011 1100 4062 coloniam
1114 4013 1426 4063 Ostiensem.
1449 4009 1504 4062 Si
1517 4010 1659 4082 legas
1684 4023 1689 4030 '

660 4111 781 4143 cum
805 4088 1056 4142 Oudend.
1079 4089 1308 4153 demini,
1337 4087 1484 4159 quod
1501 4090 1660 4141 miror

660 4172 924 4243 placuisse
939 4171 1096 4223 etiam
1110 4167 1308 4222 Wolfio
1325 4207 1340 4237 ,
1361 4172 1656 4226 contrarius

1766 1633 1991 1685 efficitur
2030 1650 2242 1699 sensus,
2290 1634 2439 1703 quasi
2484 1650 2627 1685 nunc
2672 1633 2767 1686 de-

1764 1730 1910 1764 mum
1939 1713 2141 1767 Ostiam
2182 1712 2377 1765 cohors
2412 1711 2765 1780 descenderit,

1764 1809 1879 1862 quae
1901 1806 2092 1845 contra
2111 1791 2237 1844 inde
2260 1791 2628 1844 revocabatur.
2666 1792 2767 1844 Ce-

1764 1884 1966 1938 terum,
2004 1891 2161 1943 quam
2199 1870 2436 1924 infelices
2476 1872 2677 1923 fuerint
2712 1873 2769 1922 iu

1762 1948 2077 2021 explicanda
2104 1949 2205 2002 hae
2224 1949 2445 2002 historia
2466 1951 2563 2002 viri
2585 1947 2734 2000 docti
2748 1986 2766 2015 ,

1760 2028 1884 2082 inde
1903 2031 2061 2082 etiam
2082 2041 2259 2102 patet,
2288 2027 2432 2102 quod
2450 2027 2673 2081 solanus
2696 2027 2765 2080 ad

1759 2108 2027 2161 Plutarch.
2060 2108 2095 2160 1.
2132 2128 2178 2160 e.
2214 2110 2393 2161 Romoe
2416 2119 2470 2161 et
2500 2108 2557 2158 ἰη
2590 2109 2769 2173 ωτι-ἔς,

1758 2189 1965 2241 urbanis·
1978 2228 1997 2254 ,
2012 2208 2119 2243 non
2138 2188 2296 2243 Ostioe
2308 2201 2479 2241 ortam
2494 2206 2609 2240 esse
2622 2187 2764 2241 hanc

1763 2265 2079 2319 seditionem
2107 2268 2337 2333 notavit,
2364 2270 2640 2319 immemor
2656 2285 2766 2319 ver-

1760 2344 1951 2398 borum
1970 2348 2166 2415 Taciti,
2198 2348 2385 2399 Urbem
2409 2364 2471 2398 ac
2494 2345 2761 2399 Palatium

1756 2436 1957 2496 petunt.

1834 2522 1882 2574 7.
1904 2504 2195 2558 Nonnullis
2206 2505 2455 2556 etoecist's.
2473 2505 2640 2556 Tacit.
2655 2501 2692 2553 1.
2712 2522 2757 2554 c.

1765 2583 2149 2637 :Resistentem
2186 2581 2432 2636 seditioni
2464 2581 2759 2634 Tribunum

1761 2673 1813 2716 et
1848 2665 2200 2717 severissimos
2240 2663 2621 2716 centurionum
2660 2661 2760 2713 ob-

1756 2752 2056 2795 truncant.»

1834 2822 1883 2875 8.
1923 2823 2293 2892 Per-ruperunt.
2312 2861 2322 2871 .
2340 2861 2352 2873 .
2368 2858 2383 2871 .
2412 2839 2505 2873 nec
2530 2821 2631 2874 nisi
2652 2823 2759 2874 viso

1756 2901 2075 2956 destiterunt.
2103 2899 2273 2952 Tacit.
2294 2917 2414 2971 cap.
2446 2900 2543 2953 82:
2576 2921 2597 2944 α
2614 2899 2759 2950 Mili-

1757 2994 1867 3032 tum
1910 2982 2139 3051 impetus
2188 2996 2256 3030 ne
2295 2977 2501 3030 foribus
2542 2975 2757 3049 quidem

1756 3059 1942 3112 Palatii
1958 3060 2240 3126 coercitus,
2256 3077 2363 3129 quo
2382 3059 2555 3112 minus
2577 3060 2759 3110 convi-

1755 3143 1898 3194 vium
1950 3143 2303 3211 irrumperent
2325 3177 2343 3204 ‚
2401 3137 2611 3190 ostendi
2659 3137 2759 3192 sibi

1754 3220 2022 3274 Othonem
2042 3219 2437 3292 expostulantes
2449 3257 2467 3285 ,
2482 3217 2757 3270 vulnerato

1753 3301 1784 3350 J
1788 3299 1896 3350 ulio
1910 3298 2152 3352 Martiale
2163 3335 2180 3364 ,
2194 3297 2435 3350 Tribuno
2450 3337 2467 3365 ,
2482 3311 2535 3350 et
2546 3295 2759 3348 Vitellio

1754 3377 2063 3444 Saturnino,
2090 3379 2341 3430 Praefecto
2366 3376 2609 3448 legionis,
2628 3373 2757 3427 dum

1752 3459 2030 3510 ruentibus
2067 3457 2346 3510 obsistunt.
2382 3455 2633 3527 Undique
2670 3474 2757 3508 ar·

1752 3557 1837 3591 ma
1862 3553 1915 3591 et
1934 3540 2114 3606 minae,
2142 3536 2303 3589 modo
2330 3538 2381 3590 in
2406 3538 2755 3592 Centuriones

1751 3618 2124 3691 Tribunosque
2142 3655 2159 3684 ‚
2202 3616 2364 3669 modo
2406 3618 2461 3668 in
2502 3616 2755 3668 Senatum

1751 3702 2052 3752 universum
2076 3737 2093 3765 ,
2120 3697 2425 3772 ,lymphatis
2465 3715 2606 3749 cxeco
2655 3715 2757 3768 pa-

1750 3795 1878 3829 vore
1920 3778 2106 3830 animis
2126 3814 2143 3843 ,
2188 3789 2275 3843 et,
2322 3777 2449 3847 quia
2488 3775 2755 3826 neminem

1750 3874 1917 3907 unum
1952 3853 2215 3908 destinare
2244 3857 2332 3906 irae
2362 3867 2611 3925 poterant
2630 3891 2645 3919 ‚
2690 3851 2754 3904 li-

1752 3936 1977 3987 centiam
1990 3937 2047 3985 in
2066 3951 2251 3986 omnes
2266 3932 2636 4004 poscentibus3
2657 3930 2751 3983 do·

1748 4033 1851 4066 nec
1886 4012 2063 4079 Otho,
2098 4025 2280 4064 contra
2322 4012 2483 4064 decus
2517 4011 2749 4082 imperii,

1749 4106 1865 4144 toro
1903 4093 2147 4144 insistens
2168 4131 2185 4156 ,
2224 4091 2473 4163 precibus
2506 4103 2559 4142 et
2597 4089 2751 4140 lacri-

1746 4171 1844 4224 mis
1884 4189 2017 4242 aegre
2058 4169 2330 4232 cohibuit;
2376 4169 2749 4239 redieruntque
