3050 5004
579 432 584 443 ’
627 479 668 544 8
1383 477 1456 541 c,
1503 476 1973 543 SUETONn

625 607 1066 700 quentiumve
1110 625 1611 698 nonnunquam
1656 625 1817 671 eum
1862 602 2224 670 discrimen
2272 607 2429 671 vitae
2474 602 2731 674 adisse:

621 741 662 784 e
703 715 1066 783 Germania
1101 736 1266 780 vero
1283 764 1300 794 ,
1343 729 1500 805 post
1540 735 1999 805 compressam
2042 709 2471 798 seditionem,
2514 737 2733 781 rever-

619 827 821 907 tenti,
859 824 1300 918 praetorianas
1339 819 1652 890 cohortes
1694 825 2045 890 universas
2080 821 2389 915 prodisse
2424 821 2693 890 obviam
2710 875 2731 906 ,

624 936 934 1030 quamvis
971 934 1498 1026 pronunciatum
1540 950 1751 1016 esset,
1790 949 1869 999 ut
1903 932 2059 1000 duae
2094 932 2567 1000 tantummodo
2599 936 2735 1001 exi-

619 1059 806 1126 rent3
854 1041 1094 1137 populi
1137 1058 1370 1110 autem
1417 1043 1705 1108 Romani
1750 1065 1991 1110 sexum
2008 1096 2027 1126 ,
2076 1059 2343 1111 aetatem
2361 1095 2379 1126 ‚
2426 1041 2732 1112 ordinem

621 1177 896 1224 omnem
920 1176 1140 1249 usque
1167 1151 1255 1221 ad
1282 1155 1680 1224 vicesimum
1701 1150 1999 1247 lapidem
2020 1154 2343 1223 effudisse
2372 1177 2467 1222 se.

713 1269 797 1334 V.
846 1269 1110 1334 Tamen
1141 1264 1342 1357 longe
1381 1261 1644 1358 majora
1676 1279 1744 1332 et
1782 1263 2085 1332 firmiora
2123 1263 2210 1332 de
2248 1288 2331 1332 eo
2364 1261 2621 1357 judicia
2658 1265 2734 1330 in

617 1393 836 1445 morte
871 1401 951 1445 ac
988 1392 1146 1472 post
1179 1393 1468 1446 mortem
1492 1378 1829 1444 exstitere.
1870 1381 2022 1464 Quo
2054 1375 2413 1444 defunctus
2452 1392 2556 1443 est
2583 1375 2693 1443 die
2710 1429 2731 1459 ,

620 1487 949 1582 lapidata¹
981 1505 1143 1556 sunt
1163 1488 1448 1582 templa,
1477 1488 1823 1557 subversae
1850 1494 2071 1557 Deum
2098 1511 2265 1573 arae,
2293 1492 2500 1555 Lares
2528 1513 2571 1554 a
2594 1488 2735 1582 qui—

618 1597 912 1678 busdam
933 1599 1296 1668 familiares
1319 1603 1392 1666 in
1412 1599 1765 1693 publicum
1790 1595 2033 1692 abjecti
2048 1652 2065 1679 ‚
2098 1615 2335 1692 partus
2366 1596 2737 1692 conjugum

621 1714 930 1805 expositi.
975 1714 1156 1800 Quin
1201 1725 1270 1778 et
1313 1708 1639 1780 barbaros
1684 1711 1915 1778 ferunt
1938 1763 1955 1793 ,
2004 1711 2256 1806 quibus
2297 1712 2692 1779 intestinum
2716 1763 2734 1794 ,

624 1821 1010 1918 quibusque
1037 1821 1362 1890 adversus
1387 1845 1512 1890 nos
1536 1820 1797 1889 bellum
1820 1838 2031 1905 esset,
2066 1821 2346 1890 velutin
2368 1820 2737 1889 domestico

625 1935 1108 2027 communique
1144 1955 1466 2016 moerore,
1504 1934 1930 2008 consensisse
1969 1931 2055 2000 ad
2092 1930 2433 2000 inducias:
2467 1932 2737 2024 regulos

626 2039 962 2136 quosdam
999 2041 1284 2118 barbam
1323 2044 1668 2142 ppsuisse²
1686 2094 1704 2125 ,
1748 2059 1817 2110 et
1854 2066 2149 2110 uxorum
2191 2045 2414 2134 capita
2454 2044 2699 2110 rasisse
2716 2095 2737 2125 ,

623 2150 716 2228 ad
737 2151 1062 2230 indicium
1084 2156 1360 2232 maximi
1380 2153 1639 2222 luctus:
1668 2177 1907 2246 regum
1934 2157 2131 2221 e‘tiam
2154 2151 2425 2244 regem³
2454 2171 2521 2221 et
2549 2177 2741 2221 exer-

628 2265 944 2337 citatione
973 2262 1299 2347 venandi,
1326 2280 1393 2331 et
1419 2267 1735 2334 convictu
1765 2261 2263 2356 Megistanum4
2294 2261 2701 2342 abstinuisse
2718 2318 2738 2348 ‚

631 2371 819 2468 quod
845 2372 1031 2466 apud
1052 2371 1334 2443 Parthos
1357 2371 1597 2467 justitii
1620 2375 1839 2440 instar
1862 2391 1988 2441 est.

725 2487 842 2553 VI.
894 2489 1126 2554 Romae
1150 2483 1458 2582 quidem,
1482 2510 1697 2581 quum
1720 2483 1809 2553 ad
1831 2487 2121 2580 primam
2142 2483 2396 2553 famam
2416 2481 2743 2554 valetudi÷

635 2598 744 2663 nis
767 2599 1052 2667 attonita
1080 2613 1148 2665 et
1173 2614 1412 2665 moesta
1441 2599 1675 2670 civitas
1704 2612 2067 2691 sequentes
2090 2600 2376 2665 nuncios
2404 2598 2745 2689 opperire-

633 2721 783 2787 tur,
831 2723 901 2774 et
937 2724 1216 2809 repente
1253 2706 1399 2807 jam
1437 2710 1705 2802 vesperi
1751 2710 2023 2775 incertis
2070 2706 2461 2775 auctoribus
2504 2730 2747 2789 conva-

636 2814 847 2893 luisse
865 2814 1154 2897 mndem
1178 2817 1743 2911 percrebruisset¹
1763 2871 1782 2902 ‚
1814 2819 2070 2913 passim
2098 2842 2255 2885 cum
2280 2816 2650 2891 luminibus
2680 2833 2749 2885 et

711 2992 777 3053 V.
822 3004 869 3041 Ι.
907 2988 1194 3062 Lapithum
1229 2988 1499 3062 lapidibus
1525 3009 1650 3061 per·
1734 2986 1967 3053 βιριλῖω
1981 2989 2191 3043 dicitur.
2209 2988 2384 3057 Idem,
2402 2990 2639 3061 Pompei.
2658 2990 2747 3057 38,

640 3084 815 3121 cussa.
840 3068 922 3120 De
941 3068 1098 3140 hujus
1115 3068 1261 3121 verbi
1280 3087 1380 3121 usu
1394 3068 1512 3121 vide
1536 3086 1649 3141 quae

641 3150 849 3201 notavit
870 3148 1066 3201 Duker.
1094 3148 1159 3201 ad
1181 3147 1321 3201 Flor.
1345 3150 1394 3216 1,
1418 3165 1480 3201 22
1495 3186 1512 3215 ‚
1540 3164 1591 3200 2.

717 3246 766 3283 2.
805 3228 1046 3304 Regulos.
1062 3266 1075 3279 .
1090 3270 1102 3281 .
1117 3270 1130 3281 .
1165 3230 1374 3281 barbam
1408 3230 1648 3303 posuisse.

639 3307 872 3362 Barbam
895 3326 1092 3379 ponere
1115 3309 1168 3360 in
1192 3306 1338 3359 luctu
1357 3321 1411 3359 et
1429 3305 1651 3379 capillos

641 3387 858 3454 radere,
885 3386 1133 3457 gentibus
1156 3385 1515 3439 Orientalibus
1540 3398 1653 3439 erat

643 3465 880 3521 solenne.
905 3466 1136 3535 Copiose
1158 3465 1224 3518 de
1242 3465 1345 3518 hoc
1367 3484 1514 3518 more
1534 3484 1653 3537 ege-

640 3560 766 3600 runt
795 3544 1143 3598 Kirchmann.
1176 3544 1242 3598 de
1274 3548 1462 3597 Funer.
1497 3546 1649 3597 Rom.

641 3628 722 3692 11,
757 3624 852 3691 14,
891 3635 945 3677 et
977 3622 1222 3689 Geierus,
1249 3622 1316 3677 de
1347 3623 1654 3681 Ebu-«rorum

642 3708 846 3772 Luem,
866 3721 986 3774 cap.
1005 3702 1036 3757 8
1049 3740 1065 3769 ,
1087 3702 1115 3774 §
1135 3702 1165 3755 5
1178 3739 1195 3770 ‚
1209 3706 1372 3757 nostri
1387 3702 1494 3757 loci
1507 3702 1653 3756 haud

647 3783 820 3839 obliti.

717 3866 770 3920 3.
809 3866 1008 3938 Requm
1041 3863 1200 3916 etiam
1225 3882 1424 3939 reqm,
1458 3861 1516 3915 id
1548 3878 1655 3933 est,

643 3944 968 4002 Parthorum
989 3960 1166 4013 regem
1180 3982 1198 4011 ,
1219 3940 1296 3997 στὶν
1318 3940 1553 4005 βασιλῖιι,
1576 3940 1655 3997 τὸν

639 4025 707 4095 μί
779 4046 798 4078 v
829 4019 1056 4086 βασιλόιι.
1093 4022 1377 4077 Plutarcho
1394 4060 1412 4090 ,
1447 4020 1653 4085 Lucull.

656 4125 674 4159 1
729 4146 746 4174 ,
767 4106 1021 4175 Tigranes
1047 4104 1234 4172 etiam,
1255 4103 1512 4158 Armeniae
1538 4096 1656 4171 rex,

649 4186 722 4254 pb
767 4184 1048 4238 maximam
1089 4184 1388 4254 potentiam
1431 4179 1657 4242 βισελοὸς

1736 3070 1883 3124 hunc
1896 3071 2087 3126 ducem
2106 3070 2449 3141 dedignatum
2466 3081 2671 3136 narrat,
2690 3070 2747 3121 in

1738 3148 1900 3205 literis
1931 3149 2013 3205 τὸν
2046 3150 2243 3221 Πιρθον
2273 3145 2485 3212 Eutaia.
2515 3146 2747 3211 βασιλὸω

1738 3230 2133 3301 προσαγορεῦσαι.

1812 3310 1865 3377 4.
1903 3311 2285 3386 Mevianum,
2310 3327 2610 3381 procerum.
2641 3309 2749 3361 Ta-

1739 3394 1828 3444 cit.
1849 3391 2041 3444 Annal.
2066 3392 2181 3457 XV,
2206 3407 2292 3461 27,
2314 3391 2635 3463 Meqistanas
2656 3390 2753 3440 Ar-

1740 3472 1939 3525 menios
1960 3484 2234 3529 memorat.
2266 3470 2445 3523 Senec.
2474 3470 2573 3539 Ep.
2598 3468 2746 3533 XXI,

1740 3550 2061 3624 Megistanqs
2087 3562 2141 3601 et
2171 3550 2420 3622 Satrapas
2455 3550 2746 3619 conjungit.

1741 3632 1801 3681 ln
1826 3632 1994 3685 Sacris
2021 3631 2206 3683 Literis
2240 3628 2381 3682 idem
2416 3644 2525 3680 voc.
2561 3640 2642 3679 ter
2664 3646 2751 3681 re-

1742 3710 1935 3761 currit:
1961 3710 2127 3761 Marc.
2155 3707 2220 3775 6,
2248 3724 2307 3759 21
2328 3725 2341 3769 3
2366 3707 2541 3780 Apoc.
2567 3706 2629 3771 6,
2656 3706 2749 3774 15,

1744 3800 1799 3839 et
1824 3806 1941 3858 cap.
1980 3789 2073 3854 18,
2101 3788 2187 3839 23.
2215 3784 2523 3858 Respondet
2552 3786 2749 3838 latinis

1744 3868 2043 3941 optimates,
2073 3880 2358 3943 magnates.

1814 3948 1901 3997 vl.
1936 3963 1981 4004 ι.
2010 3950 2161 4001 En...
2190 3948 2514 4001 convaluisse
2540 3945 2751 3999 tandem

1740 4026 2156 4097 percrebruisset,
2192 4039 2293 4079 etc.
2324 4024 2457 4076 Vide
2478 4023 2651 4076 Taciti
2673 4023 2751 4075 lo-

1744 4121 1895 4171 cum,
1920 4104 2115 4171 Annal.
2140 4106 2214 4169 n,
2239 4106 2336 4169 82,
2363 4100 2655 4170 subjectum
2683 4098 2752 4167 ad

1745 4182 1920 4234 Tiber.
1950 4201 2069 4254 cap.
2096 4181 2181 4235 52.
