3050 5004
683 436 814 501 ²70

1430 411 1504 477 C.
1556 410 2024 477 SUETONII

601 574 606 579 ·
677 538 853 607 dinis
879 537 950 606 in
969 560 1188 607 mares
1211 536 1609 633 pronioris-²⁵,
1634 555 1701 606 et
1726 562 1872 619 eos,
1898 562 2032 607 non
2056 542 2187 609 nisi
2212 540 2597 633 praeduros,
2622 562 2772 611 exo-

679 646 1005 743 letosque.
1043 648 1400 731 Ferebant,
1437 650 1865 741 in.Hispania
1899 648 2155 717 Icelum
2188 674 2225 717 e
2256 652 2595 720 veteribus
2620 676 2773 721 con-

677 756 971 839 cubiniS,
1007 756 1091 825 de
1117 761 1399 825 Neronis
1423 760 1608 825 exitu
1641 758 2149 841 nunciantem4,
2182 782 2321 827 non
2352 762 2555 829 modo
2586 765 2775 832 artis-

679 872 872 935 simis
909 866 1154 935 osculis
1193 865 1416 959 palam
1449 886 1805 961 exceptum
1836 870 1921 938 ab
1954 894 2068 954 eo,
2106 868 2260 953 sed,
2300 886 2377 939 ιιι
2406 874 2551 941 sine
2588 896 2774 941 mora

679 977 1062 1059 velleretur,
1085 994 1346 1045 orntum
1359 1030 1378 1063 ,
1401 994 1605 1073 atque
1628 978 2004 1049 seductum.

683 1204 707 1229 ι
728 1179 958 1233 stribuer
973 1184 1178 1234 ensuite
1195 1200 1297 1233 aux
1314 1181 1567 1235 esclaves.
1584 1180 1683 1233 Ces

684 1285 706 1308 ιι
728 1274 893 1313 restes
931 1262 1127 1313 etaient
1168 1264 1214 1313 si
1251 1280 1356 1333 peu
1395 1259 1462 1312 de
1493 1260 1685 1327 chose,

682 1361 705 1385 α
729 1338 886 1409 qu’on
912 1341 1131 1410 pouvait
1153 1336 1228 1390 les
1250 1339 1511 1390 enfermer
1535 1350 1685 1391 entre

684 1444 707 1467 ι
729 1420 868 1471 deux
905 1420 1090 1471 mains.
1113 1442 1136 1467 n
1179 1418 1356 1471 Restat
1392 1420 1583 1488 igitur,
1627 1430 1685 1470 ut

678 1518 850 1551 meam
875 1497 1192 1549 sententiam
1219 1516 1478 1569 promam.
1499 1498 1573 1549 Ut
1592 1514 1683 1549 an-

677 1592 729 1631 te
756 1580 932 1630 onmia
957 1574 1022 1629 de
1047 1575 1274 1629 lectione
1297 1576 1467 1630 dicam
1483 1616 1499 1645 ,
1523 1579 1684 1629 maxi·

677 1676 762 1711 me
811 1678 866 1709 se
910 1655 1246 1708 commendat
1291 1656 1645 1709 abundantem
1666 1694 1683 1721 ‚

680 1736 826 1811 quod
855 1736 975 1789 edd.
1011 1738 1266 1807 antiquie,
1296 1750 1355 1787 ut
1379 1734 1500 1787 Ald.
1527 1734 1682 1786 Basil.

676 1816 874 1889 Gryph.
899 1816 1067 1867 Plant.
1089 1814 1364 1879 exhibent,
1391 1814 1537 1887 quod
1556 1816 1688 1866 Bur-

678 1916 858 1948 mann.
885 1893 1236 1966 Oudendorp.
1263 1908 1312 1947 et
1333 1896 1539 1947 Ernest.
1566 1889 1680 1963 (ed.

678 1976 876 2049 prior.)
910 1972 1281 2040 reddiderunt,
1316 1986 1366 2024 et
1397 1974 1684 2025 crimmius

679 2066 822 2106 recte
841 2055 1218 2123 interpretatus
1240 2063 1333 2103 est.
1356 2050 1458 2104 Sed
1480 2064 1687 2103 contra-

649 2132 658 2139 “
680 2132 868 2184 dicunt
887 2132 1030 2183 MSS.
1051 2129 1286 2201 quidam
1299 2130 1593 2182 abundanti
1605 2129 1684 2182 vel

680 2212 968 2264 abundans.
999 2207 1136 2261 Illud
1164 2208 1424 2262 'Waltben
1464 2209 1683 2262 Observ.

680 2309 804 2362 pag.
850 2288 914 2341 28
935 2326 951 2353 ,
995 2284 1308 2341 servandum
1346 2288 1550 2339 censuit
1570 2326 1586 2353 ,
1628 2300 1689 2339 ιιι

680 2368 970 2421 abundanti
1015 2367 1129 2419 scil.
1168 2365 1277 2419 cibo
1322 2365 1581 2419 ablativus
1620 2368 1687 2418 sit

683 2448 980 2516 absolutus,
998 2446 1272 2501 durissima
1289 2450 1510 2516 ratione,
1523 2468 1688 2521 quum

679 2529 948 2604 proecedat
989 2529 1100 2582 Cibi
1135 2528 1393 2602 plurimi,
1437 2531 1523 2581 cui
1566 2547 1688 2582 suc-

683 2629 894 2663 currere
909 2609 1081 2661 studet
1097 2608 1221 2659 ficto
1233 2605 1576 2658 anacolutho.
1590 2607 1689 2660 De-

683 2689 737 2742 ‹li
765 2692 924 2760 igitur
959 2707 1078 2740 cum
1108 2689 1312 2739 Ernest.
1348 2685 1459 2755 (ed.
1493 2687 1687 2757 altera)

683 2783 735 2821 et
763 2769 970 2840 Bipont.
1001 2765 1338 2836 VVolfioque,
1367 2765 1512 2836 quod
1541 2766 1686 2818 Grae-

680 2851 769 2900 vio
792 2863 845 2900 et
860 2843 1240 2918 Oudendorpio
1259 2845 1458 2897 dudum
1479 2847 1690 2918 placue-

683 2943 791 2994 rat,
819 2927 1166 2993 αὺωιᾰαηιίε,
1195 2927 1346 2996 cujus
1377 2927 1546 2978 facilis
1571 2946 1689 2978 mu-

683 3007 816 3057 tatio
839 3006 938 3056 fuit
957 3005 1009 3055 in
1030 3003 1342 3066 abundanti,
1369 3015 1421 3054 et
1441 3001 1585 3074 quod
1605 3022 1689 3054 ve-

684 3105 741 3138 re
762 3086 863 3136 fuit
884 3087 934 3135 in
959 3081 1181 3148 Codice,
1201 3087 1352 3153 cujus
1375 3081 1587 3134 collatio
1610 3098 1689 3135 est

683 3167 736 3218 in
751 3163 838 3218 ed.
853 3163 1024 3216 Plant.
1039 3160 1305 3216 aMullero
1324 3183 1528 3216 mecum
1546 3184 1689 3215 com-

683 3242 1198 3316 municata.Explico
1213 3243 1655 3294 autemlocumita
1673 3265 1685 3294 ε

683 3326 827 3377 Inter
845 3343 1047 3376 coeuam
1069 3341 1231 3394 usque
1247 3341 1309 3374 eo
1329 3321 1457 3392 (ita,
1479 3341 1547 3373 an
1569 3341 1687 3373 cum

684 3404 798 3456 aliis
827 3421 985 3478 usque
1005 3401 1132 3452 adeo
1158 3400 1328 3470 legas,
1353 3420 1413 3452 ex
1436 3419 1537 3452 usu
1560 3401 1689 3453 Sue-

683 3485 816 3535 tonii
843 3481 1203 3553 promiscuum
1233 3479 1340 3550 est)
1367 3477 1685 3531 abundantis

667 3551 791 3618 'cibi
811 3565 937 3628 fuit,
957 3576 1017 3614 ιιι
1037 3573 1312 3633 congestas
1333 3579 1484 3633 super
1501 3580 1689 3613 manus

684 3643 738 3698 b.
765 3663 811 3696 e.
835 3656 959 3695 ante
984 3657 1067 3707 se,
1091 3655 1213 3692 ante
1235 3638 1410 3690 locum
1431 3639 1523 3690 ubi
1546 3659 1685 3690 sum-

685 3740 822 3782 serat
865 3722 1039 3776 cibum
1063 3760 1079 3787 ,
1124 3719 1371 3792 reliquias
1413 3719 1647 3790 (Gallice
1666 3761 1685 3790 ,

691 3830 713 3852 ι
733 3803 808 3857 les
848 3815 1009 3856 restes
1050 3797 1142 3852 des
1186 3813 1316 3851 mets
1355 3800 1447 3872 qui
1491 3801 1686 3852 etaient

692 3912 714 3935 ιι
735 3885 966 3938 amasses
1009 3881 1204 3934 devant
1245 3899 1342 3933 son
1386 3879 1593 3932 assiette
1620 3881 1687 3954 ι)

685 3957 1008 4033 circumferri
1041 3959 1250 4032 juberet
1271 3995 1288 4024 ,
1331 3957 1443 4010 scil.
1489 3960 1687 4010 circum

679 4062 922 4107 ⁴mensam
962 4054 1014 4092 et
1059 4039 1304 4090 convivas
1325 4075 1341 4104 ,
1385 4037 1685 4090 ostentandi

688 4139 876 4186 causa,
915 4130 1170 4190 quantum
1205 4109 1384 4169 fauces
1420 4127 1473 4167 et
1507 4130 1687 4168 venter

1771 1182 2031 1249 valerent,
2068 1186 2345 1261 spargique
2374 1186 2551 1257 (quod
2580 1186 2775 1238 dicitur

1772 1260 1838 1313 de
1848 1262 2006 1314 rebus
2022 1261 2222 1330 solidis,
2236 1277 2291 1315 ut
2294 1264 2462 1337 fundi
2470 1265 2537 1317 de
2554 1266 2773 1337 fluidis),

1772 1340 1880 1391 sive
1900 1339 1951 1389 in
1974 1358 2136 1392 unum
2160 1341 2339 1395 locum
2361 1341 2563 1414 colligi,
2590 1342 2661 1395 ad
2684 1346 2775 1397 ad-

1770 1422 2103 1473 mirationem
2126 1424 2491 1490 convivarum,
2514 1439 2561 1475 et
2585 1438 2645 1476 ιιι
2664 1428 2775 1499 ipse

1774 1514 1893 1551 acto
1922 1498 2102 1553 labore
2135 1500 2501 1569 delectaretur,
2534 1504 2607 1555 ad
2625 1504 2777 1577 pedes

1772 1581 2042 1645 stantibus,
2065 1579 2171 1632 hoc
2196 1595 2301 1647 est,
2328 1601 2359 1631 a
2385 1582 2571 1649 servis,
2604 1582 2671 1633 ad
2701 1582 2777 1634 le-

1775 1668 1915 1709 ctum
1936 1660 2041 1712 sive
2058 1658 2222 1731 pedes
2238 1660 2677 1727 ministrantibus,
2692 1658 2779 1713 da·

1775 1738 1910 1805 tivo,
1932 1750 1991 1789 ut
2010 1740 2196 1809 saepius
2217 1736 2315 1809 (cf.
2336 1737 2689 1811 Oudendorp.
2712 1738 2777 1793 ad

1772 1818 1904 1871 Caes.
1934 1816 2054 1889 19),
2075 1821 2251 1892 posito
2276 1837 2373 1890 pro
2398 1816 2632 1871 ablativo
2657 1838 2777 1871 cum

1770 1897 2150 1969 praepositione
2166 1918 2197 1947 a
2212 1936 2230 1964 ,
2252 1896 2491 1969 adeoque
2510 1896 2617 1948 hoc
2636 1896 2777 1960 loco,

1772 1994 1841 2027 ne
1862 1976 2004 2028 auris
2020 1974 2378 2027 offenderetur
2396 1974 2778 2044 excipientibus

1774 2074 1831 2107 se
1846 2053 2018 2107 verbis
2033 2056 2097 2107 ab
2116 2054 2188 2107 ad
2196 2052 2353 2127 pedes
2366 2054 2637 2109 stantibus.
2655 2054 2777 2105 Haec

1772 2132 2048 2187 hactenus.
2086 2134 2281 2185 Invitus
2311 2133 2518 2205 longior
2548 2134 2627 2185 fui
2654 2132 2709 2186 h.
2740 2132 2773 2185 l.

1778 2232 1932 2285 quem
1964 2211 2287 2265 difficillimis
2322 2230 2608 2278 accenseO,
2639 2228 2778 2285 quo-

1776 2295 1917 2344 niam
1935 2292 2119 2364 reliqui
2142 2294 2447 2363 interpretes
2469 2293 2578 2343 fere
2594 2310 2779 2344 omnes

1777 2387 1837 2425 ut
1866 2372 2173 2425 facillimum
2199 2370 2406 2424 silentio
2429 2373 2779 2443 pretermise-

1776 2465 1917 2506 runt.

1848 2534 1898 2586 3.
1938 2530 2247 2584 libidinis...
2266 2531 2539 2604 pronioris.
2566 2532 2645 2582 lta
2668 2531 2778 2582 Ro-

1774 2611 1911 2664 bert.
1939 2608 2149 2679 Steph.,
2182 2607 2425 2680 probavit
2447 2607 2777 2674 casaubon„

1778 2689 1927 2743 dedit
1956 2691 2193 2756 Emesa,
2233 2701 2285 2740 et
2324 2693 2521 2759 optime
2554 2690 2780 2742 cohaeret

1779 2791 1901 2824 cum
1920 2769 2373 2836 antecedentibus,
2396 2771 2438 2822 si
2456 2771 2695 2824 retuleris
2712 2770 2780 2823 ad

1781 2851 1893 2904 Ciba·
1908 2848 2146 2923 plurimi.
2174 2847 2275 2900 Sed
2299 2867 2482 2902 omnes
2508 2847 2627 2900 libri
2652 2849 2780 2902 dant

1772 2929 2004 3001 pronior.
2040 2927 2156 2979 Jam
2195 2926 2424 2979 libidinis
2452 2928 2691 3000 pronior,
2723 2942 2779 2980 ut

1777 3009 2034 3078 genitivus
2063 3019 2276 3076 regatur
2304 3024 2331 3054 a
2362 3007 2597 3076 pronior,
2628 3012 2779 3079 cnjus

1779 3103 1905 3137 usus
1926 3081 2223 3156 exemplum
2246 3085 2437 3134 frustra
2463 3085 2710 3155 quaeritur
2728 3087 2779 3136 in

1776 3161 1948 3216 soluta
1979 3162 2244 3228 oratione,
2272 3158 2516 3233 equidem
2546 3180 2657 3213 non
2686 3161 2778 3214 de·

1776 3241 2051 3295 fendcrim.
2078 3239 2342 3292 Waltheri
2362 3242 2618 3293 rationem
2638 3239 2779 3312 (Ob-

1777 3341 1907 3375 serv.
1932 3321 1948 3373 l
1990 3321 2068 3394 c.)
2088 3339 2195 3372 non
2218 3321 2394 3392 capio.
2410 3321 2580 3372 Unice
2600 3340 2776 3373 veram

1777 3412 1909 3472 puto
1942 3397 2364 3451 emendationem
2386 3399 2687 3464 Torrentii,
2715 3400 2777 3451 li-

1776 3478 2016 3533 bidini...
2046 3479 2292 3552 pronior-‚-
2325 3479 2398 3530 ita
2430 3493 2669 3531 servatur
2700 3480 2775 3532 le-

1776 3561 1882 3612 ctio
1907 3557 2078 3612 codd.
2104 3559 2417 3631 conspirans
2448 3562 2501 3611 in
2528 3561 2772 3632 pronior,

1776 3654 1829 3694 et
1858 3639 2063 3694 dativus
2094 3639 2344 3711 exemplis
2368 3640 2554 3692 nititur
2576 3643 2769 3693 Neron.

1776 3717 1872 3787 4ο,
1898 3733 1948 3770 et
1970 3717 2124 3772 Galb.
2159 3735 2238 3769 12.

1846 3797 1896 3864 4.
1933 3797 2238 3849 Icelum...
2274 3798 2638 3861 nunciantem,
2674 3809 2769 3850 etc.

1772 3877 1852 3929 De
1877 3875 2045 3941 Icelo,
2079 3893 2237 3946 supra
2272 3892 2387 3945 cap.
2426 3873 2505 3940 14.
2538 3875 2619 3928 cf.
2650 3875 2771 3926 Plu-

1776 3955 1943 4008 tarch.
1976 3973 2092 4026 cap.
2129 3969 2181 4022 7,
2210 3953 2302 4006 ubi
2326 3955 2553 4025 primum
2580 3953 2645 4004 de
2668 3955 2772 4004 Ne-

1774 4037 1918 4089 ronis
1942 4047 2110 4086 morte
2132 4037 2384 4086 nuncium
2414 4053 2533 4086 eum
2558 4033 2628 4086 ad
2650 4033 2767 4087 Gal-

1772 4115 1897 4168 bam
1924 4115 2127 4168 venisse
2154 4125 2347 4167 narrat.
