3050 5004
1378 455 1449 519 C.
1502 452 1968 519 SUETONII

620 600 830 677 pente
858 598 1047 648 motu
1078 598 1273 647 terrae
1300 579 1566 647 theatro
1581 590 1635 617 ⁸⁰
1657 632 1675 661 ‚
1703 595 1861 647 ante
1891 594 2165 647 cantare
2196 576 2452 646 destitit
2466 630 2482 661 ,
2517 599 2726 675 quam

624 692 1017 761 inchoatum
1052 688 1431 757 absolveret
1458 706 1636 781 νόμον.
1675 687 1936 757 Ibidem
1967 692 2212 781 saepius
2233 742 2251 771 ‚
2285 706 2352 757 et
2387 712 2510 782 per
2545 712 2730 756 com-

624 804 859 898 plures
888 804 1183 869 cantavit
1209 800 1349 869 dies
1376 828 1389 867 :
1422 816 1650 867 sumto
1683 803 1886 868 etiam
1911 800 2002 869 ad
2029 799 2463 868 reficiendam
2493 823 2728 868 vocem

622 914 815 982 brevi
852 930 1155 1005 tempore
1174 964 1192 994 ‚
1226 914 1585 1004 impatiens
1621 915 1858 979 secreti
1893 936 1934 979 a
1971 911 2251 979 balineis
2285 914 2354 978 in
2393 912 2732 979 theatrum

628 1026 895 1091 transiit
918 1074 935 1104 ,
962 1020 1318 1116 mediaque
1347 1024 1420 1088 in
1444 1021 1792 1090 orchestra
1821 1020 2176 1118 frequente
2213 1020 2468 1115 populo
2503 1020 2734 1113 epula-

626 1152 739 1203 tus
760 1187 779 1215 ,
818 1166 845 1195 α
870 1138 925 1201 si
960 1133 1245 1227 paulum
1281 1132 1723 1217 subbibisset,
1751 1132 2011 1230 aliquid
2047 1158 2120 1202 se
2157 1135 2419 1202 sufferti
2453 1136 2732 1201 tinnitu-

629 1270 785 1313 rum
810 1256 851 1283 ¹¹
882 1298 900 1327 ‚
926 1276 956 1305 υ
984 1248 1218 1312 Graeoo
1246 1268 1560 1311 sermone
1592 1248 1919 1336 promisit.
1955 1250 2210 1338 Captus
2239 1261 2470 1313 autem
2497 1242 2738 1311 modu-

630 1357 781 1425 latis
816 1354 1423 1424 Alexandrinorum
1447 1353 1948 1423 laudationibus
1971 1372 2023 1405 ¹²
2042 1408 2058 1438 ‚
2091 1360 2206 1452 qui
2236 1354 2321 1422 de
2353 1380 2530 1424 novo
2559 1379 2736 1423 com-

630 1484 859 1536 meatu
882 1465 1209 1558 Neapolin
1227 1464 1717 1548 confluxerant,
1734 1466 1965 1559 plures
1987 1465 2390 1535 Alexandria
2411 1467 2734 1533 evocavit.

636 1585 871 1674 Neque
917 1602 997 1646 eo
1048 1580 1319 1670 segnius
1369 1576 1910 1645 adolescentulos
1963 1580 2292 1673 equestris
2337 1576 2619 1659 ordinis,
2669 1594 2740 1643 et

630 1693 937 1785 quinque
953 1688 1246 1780 amplius
1274 1685 1548 1755 millia¹³
1579 1712 1616 1753 e
1644 1688 1844 1779 plebe
1866 1687 2348 1757 robustissimae
2365 1684 2740 1779 juventutis

634 1801 937 1896 undique
966 1799 1202 1892 elegit,
1236 1801 1355 1894 qui
1389 1798 1586 1867 divisi
1611 1803 1682 1867 in
1709 1800 2030 1867 factiones
2051 1854 2068 1883 ‚
2099 1799 2461 1894 plausuum
2491 1821 2742 1891 genera

632 1912 1103 2001 condiscerent
1140 1912 1422 1997 (bombos
1440 1965 1456 1992 ‚
1493 1927 1562 1978 et
1605 1912 1921 1995 imbrices,
1966 1927 2034 1978 et
2063 1924 2246 1977 testas
2271 1908 2602 1978 vocabant
2620 1909 2704 1995 ’4)
2721 1962 2738 1991 ,

634 2048 1050 2117 operamque
1082 2039 1411 2089 navarent
1446 2025 1744 2091 cantanti
1777 2022 1898 2090 sibi
1920 2077 1937 2106 ‚
1969 2025 2264 2115 insignes
2301 2023 2740 2115 pinguissima

639 2158 832 2203 coma
856 2136 902 2172 ¹⁵
926 2186 944 2215 ‚
969 2150 1037 2201 et
1060 2132 1618 2201 excellentissimo
1651 2133 1839 2201 cultu
1870 2135 2064 2226 pueri
2083 2130 2134 2171 ¹⁶
2151 2185 2169 2214 ‚
2205 2155 2330 2199 nec
2363 2134 2506 2199 sine
2531 2130 2742 2199 anulo

626 457 763 547 176

640 2332 763 2395 nio,
786 2331 859 2381 M.
887 2331 1093 2381 Licinio
1120 2330 1275 2383 Coss.
1301 2329 1457 2399 (ann.
1485 2329 1649 2401 817),

634 2411 849 2463 acriore
864 2411 918 2461 in
934 2408 1047 2461 dies
1062 2409 1315 2480 cupidine
1332 2408 1650 2481 adigebatur

640 2491 815 2556 Nero,
840 2490 1169 2561 promiscuas
1194 2507 1380 2542 scenas
1402 2490 1652 2562 frequen-

642 2569 807 2622 tandi.
837 2570 974 2620 Nam
997 2567 1172 2620 adhuc
1198 2587 1291 2640 per
1315 2567 1532 2620 domum
1557 2581 1652 2621 aut

638 2648 825 2702 hortos
860 2651 1152 2714 cecinerat,
1186 2646 1532 2700 Juvenalibus
1564 2647 1652 2698 lu-

641 2729 755 2796 dis,
798 2746 963 2798 quos,
1001 2741 1061 2779 ut
1096 2745 1285 2799 parum
1326 2727 1562 2779 celebres
1598 2739 1652 2778 et

576 2825 597 2843 ³
640 2821 802 2860 tantoe
847 2808 967 2859 voci
1009 2813 1263 2876 angustos
1282 2843 1299 2870 ‚
1344 2806 1647 2877 spernebat.

644 2886 767 2938 Non
798 2900 975 2938 tamen
1004 2885 1181 2935 Romae
1204 2887 1439 2955 incipere
1462 2903 1651 2954 ausus,

646 2964 928 3036 Neapolim
944 2965 1101 3034 quasi
1113 2963 1347 3014 Graecam
1364 2963 1552 3015 urbem
1569 2963 1654 3017 de-

642 3043 799 3116 legit,
828 3055 927 3094 etc.
950 3063 974 3088 ιο

726 3141 806 3176 ιο.
860 3125 1125 3176 Concusse-
1148 3161 1160 3172 .
1183 3161 1195 3173 .
1220 3161 1230 3172 .
1284 3121 1502 3176 theatro.
1544 3125 1654 3175 Ta-

646 3205 815 3256 citus:
857 3223 879 3247 ·
898 3187 1037 3264 mic,
1068 3199 1307 3272 plerique
1340 3213 1398 3252 ut
1431 3201 1654 3259 arbitra-

642 3283 861 3348 bantur,
893 3282 1067 3346 triste‚
1104 3293 1164 3331 ut
1194 3281 1335 3350 ipse,
1371 3281 1652 3352 providum

646 3365 829 3434 potius
850 3372 901 3413 et
920 3359 1167 3412 secundis
1184 3359 1521 3427 numinibus,
1543 3379 1658 3414 cve-

648 3444 744 3495 nit.
762 3443 899 3494 Nam
914 3458 1125 3510 egresso
1136 3477 1153 3505 ‚
1175 3441 1265 3512 qui
1280 3439 1543 3507 adl'uerat3
1557 3460 1657 3512 po-

646 3519 810 3592 pulo,
842 3537 1071 3572 vacuum
1104 3529 1157 3570 et
1182 3520 1294 3570 sine
1322 3517 1481 3570 ullius
1514 3538 1656 3573 noxa

650 3600 915 3652 theatrum
952 3597 1247 3670 collapsum
1286 3613 1383 3651 est.
1404 3623 1427 3647 a
1465 3602 1656 3653 Postea

643 3675 780 3744 τόμος
804 3690 883 3730 est
906 3678 1199 3743 canticum,
1223 3695 1463 3744 carmen,
1490 3678 1560 3730 ad
1577 3681 1656 3730 in-

648 3759 933 3812 strument-i
958 3757 1287 3808 concinentis
1314 3756 1505 3808 medos
1531 3747 1666 3809 ada-¹

650 3853 831 3905 ctum,
854 3837 909 3890 τὸ
938 3831 1353 3904 sabam-husteten.
1382 3837 1540 3888 Conf.
1571 3839 1654 3888 in-

646 3933 811 3990 terpr.
840 3917 908 3969 ad
932 3915 1077 3968 hunc
1101 3913 1298 3966 locum.

731 4016 750 4050 x
766 4015 809 4050 1.
848 3997 905 4051 Si
928 3993 1149 4068 paulum
1176 3995 1524 4048 subbibisset...
1547 4015 1656 4050 se...

578 4115 585 4126 .
652 4077 987 4128 tinniturum.
1002 4074 1277 4128 subbibens
1292 4072 1524 4128 ὑποπίνων
1535 4113 1552 4139 ,
1572 4076 1660 4128 ali·

650 4152 785 4223 quid
822 4151 1035 4222 suffer-ti
1075 4151 1269 4202 tinnire
1301 4143 1572 4206 siro‘aevmiv
1609 4175 1658 4206 on

1739 2329 1872 2395 ίχοῖι
1887 2342 2030 2383 recte
2043 2332 2154 2401 jam
2169 2326 2604 2387 Graecei-eddidit
2616 2327 2747 2378 Tur-

1737 2408 1861 2461 neb.
1885 2409 2102 2461 Advers.
2129 2410 2348 2460 xxvm
2364 2448 2381 2477 ‚
2411 2406 2492 2459 18.
2517 2408 2597 2459 De
2627 2425 2748 2459 cor-

1738 2489 1909 2560 ruptis
1938 2488 2164 2544 aliorum
2188 2486 2506 2540 lectionibus
2533 2486 2748 2560 sufferri

1740 2583 1794 2622 et
1824 2568 2088 2641 suffer-tim
2113 2568 2167 2620 h.
2201 2569 2236 2620 l.
2273 2569 2450 2621 dicere
2475 2588 2588 2621 non
2625 2571 2748 2621 atti-

1740 2663 1848 2700 net.
1874 2650 1954 2702 De
1976 2649 2163 2701 vocab.
2185 2637 2356 2705 ornavit
2381 2651 2435 2701 in
2455 2668 2516 2702 re
2541 2651 2748 2702 musica

1739 2729 1858 2783 vide
1880 2729 2186 2783 Schneider.
2211 2733 2384 2784 Lexic.
2411 2731 2577 2783 Graec.

1819 2827 1897 2860 η.
1937 2809 2241 2864 Modulatis.
2261 2851 2300 2864 ..
2345 2810 2746 2863 laudationibus.

1741 2887 1876 2939 Vide
1903 2888 2044 2959 Lips.
2078 2889 2146 2940 ad
2172 2890 2342 2941 Tacit.
2373 2890 2563 2940 Annal.
2594 2889 2752 2956 xvl,

1743 2968 1805 3034 4,
1829 2966 1948 3033 ubi,
1975 2991 1998 3014 ιι
2019 2981 2072 3020 et
2093 2966 2246 3039 plebs
2270 2967 2544 3040 quidem...
2567 2986 2752 3040 perso—

1677 3107 1688 3114 ·
1741 3047 1906 3098 nabat
1931 3049 2080 3102 certis
2100 3049 2266 3101 modis
2286 3047 2578 3120 plausuque
2601 3065 2753 3102 com-

1811 3125 1924 3177 sito.
1945 3149 1968 3173 n

1739 3145 1900 3256 9⁰¹3·
1937 3205 2012 3254 Et
2031 3203 2264 3277 quinque
2287 3205 2518 3278 amplius
2543 3205 2750 3273 millia,

1745 3296 1844 3335 etc.
1874 3284 1956 3335 cf.
1984 3283 2183 3354 Xiphil.
2209 3284 2351 3350 Lxl,
2383 3303 2478 3351 ao,
2507 3284 2601 3338 ubi
2627 3287 2754 3338 Rei-

1745 3381 1878 3416 mar.
1902 3375 1954 3414 et
1977 3364 2142 3428 infra,
2171 3382 2290 3435 cap.
2319 3365 2403 3417 25.
2424 3368 2621 3431 Antea,
2649 3383 2754 3436 pro

1743 3443 1927 3512 Neque
1948 3459 2008 3492 eo
2027 3441 2257 3515 segnius,
2279 3443 2462 3494 malim
2483 3444 2670 3516 Neque
2690 3462 2756 3495 eo

1745 3523 1929 3588 secius,
1963 3533 2026 3573 ut
2055 3533 2176 3593 cap.
2212 3524 2322 3590 24„
2341 3545 2364 3570 n
2385 3541 2479 3576 nec
2505 3541 2565 3576 eo
2592 3523 2760 3577 secius

1747 3614 2034 3652 coronatus
2057 3613 2159 3652 est.
2183 3624 2206 3648 ι

1823 3680 1902 3746 14.
1931 3681 2206 3734 Bombos...
2231 3683 2516 3745 vocabant3
2539 3701 2567 3734 a
2589 3681 2764 3734 diver-

1747 3777 1808 3811 so
1832 3777 1996 3826 sono,
2024 3777 2182 3830 quem
2203 3759 2408 3814 diverse
2429 3761 2758 3814 efficiebant.

1825 3857 1843 3891 1
1857 3838 1905 3892 5.
1927 3841 2278 3913 Pinqut’ssima
2289 3859 2456 3895 coma.
2473 3843 2564 3894 Est
2575 3841 2766 3908 σιχιῖοι

1747 3916 1888 3986 κᾶμκ,
1917 3935 1974 3973 ut
1993 3921 2206 3996 pitu-quis
2229 3933 2348 3996 toga
2369 3924 2594 3994 August.
2620 3924 2707 3976 82.

1825 3999 1904 4050 16.
1945 4000 2122 4050 Pueri.
2155 4003 2476 4055 Varietatcm
2514 4001 2764 4056 lectionis

1747 4090 1802 4128 et
1841 4079 2148 4130 innumeras
2192 4081 2428 4132 virorum
2471 4079 2763 4132 doctorum

1747 4159 2080 4225 conjecturas
2107 4157 2224 4210 vide
2247 4158 2392 4230 apud
2419 4159 2590 4210 Burm.
2606 4195 2623 4224 ‚
2645 4161 2763 4212 Ou-
