<?xml version="1.0" encoding="UTF-8"?>
<!DOCTYPE html PUBLIC "-//W3C//DTD XHTML 1.0 Transitional//EN"
    "http://www.w3.org/TR/xhtml1/DTD/xhtml1-transitional.dtd">
<html xmlns="http://www.w3.org/1999/xhtml" xml:lang="en" lang="en">
 <head>
  <title>
</title>
<meta http-equiv="Content-Type" content="text/html;charset=utf-8" />
  <meta name='ocr-system' content='tesseract 3.04.00' />
  <meta name='ocr-capabilities' content='ocr_page ocr_carea ocr_par ocr_line ocrx_word'/>
</head>
<body>
  <div class='ocr_page' id='page_1' title='image "./csuetoniitranqu09suetgoog_0320.png"; bbox 0 0 3050 5004; ppageno 0'>
   <div class='ocr_carea' id='block_1_1' title="bbox 1191 488 1481 555">
    <p class='ocr_par' dir='ltr' id='par_1_1' title="bbox 1191 488 1481 555">
     <span class='ocr_line' id='line_1_1' title="bbox 1191 488 1481 555; baseline -0.007 0"><span class='ocrx_word' id='word_1_1' title='bbox 1191 488 1481 555; x_wconf 89' lang='lat' dir='ltr'><strong>OTHO.</strong></span> 
     </span>
    </p>
   </div>
   <div class='ocr_carea' id='block_1_2' title="bbox 2253 514 2377 583">
    <p class='ocr_par' dir='ltr' id='par_1_2' title="bbox 2253 514 2377 583">
     <span class='ocr_line' id='line_1_2' title="bbox 2253 514 2377 583; baseline 0.008 -26"><span class='ocrx_word' id='word_1_2' title='bbox 2253 514 2377 583; x_wconf 81' lang='lat'><strong>²9¹</strong></span> 
     </span>
    </p>
   </div>
   <div class='ocr_carea' id='block_1_3' title="bbox 293 612 2399 1371">
    <p class='ocr_par' dir='ltr' id='par_1_3' title="bbox 293 612 2399 1371">
     <span class='ocr_line' id='line_1_3' title="bbox 296 612 2389 711; baseline 0.001 -26"><span class='ocrx_word' id='word_1_3' title='bbox 296 620 482 711; x_wconf 80' lang='lat' dir='ltr'><strong>pacis</strong></span> <span class='ocrx_word' id='word_1_4' title='bbox 512 614 838 685; x_wconf 83' lang='lat' dir='ltr'><strong>militibus</strong></span> <span class='ocrx_word' id='word_1_5' title='bbox 861 612 1120 684; x_wconf 85' lang='lat' dir='ltr'><strong>eductis</strong></span> <span class='ocrx_word' id='word_1_6' title='bbox 1141 668 1158 699; x_wconf 88' lang='lat'><strong>,</strong></span> <span class='ocrx_word' id='word_1_7' title='bbox 1184 640 1266 684; x_wconf 87' lang='lat' dir='ltr'><strong>ex</strong></span> <span class='ocrx_word' id='word_1_8' title='bbox 1288 618 1657 709; x_wconf 87' lang='lat' dir='ltr'><strong>improviso</strong></span> <span class='ocrx_word' id='word_1_9' title='bbox 1676 669 1695 697; x_wconf 88' lang='lat'><strong>,</strong></span> <span class='ocrx_word' id='word_1_10' title='bbox 1725 632 1929 711; x_wconf 83' lang='lat' dir='ltr'><strong>atque</strong></span> <span class='ocrx_word' id='word_1_11' title='bbox 1962 620 2032 685; x_wconf 89' lang='lat' dir='ltr'><strong>in</strong></span> <span class='ocrx_word' id='word_1_12' title='bbox 2064 622 2209 711; x_wconf 88' lang='lat' dir='ltr'><strong>ipsa</strong></span> <span class='ocrx_word' id='word_1_13' title='bbox 2236 643 2389 687; x_wconf 89' lang='lat' dir='ltr'><strong>con-</strong></span> 
     </span>
     <span class='ocr_line' id='line_1_4' title="bbox 295 724 2391 810; baseline 0 -13"><span class='ocrx_word' id='word_1_14' title='bbox 295 726 698 797; x_wconf 77' lang='lat' dir='ltr'><strong>salutatione</strong></span> <span class='ocrx_word' id='word_1_15' title='bbox 726 779 743 810; x_wconf 91' lang='lat'><strong>,</strong></span> <span class='ocrx_word' id='word_1_16' title='bbox 795 724 1256 794; x_wconf 85' lang='lat' dir='ltr'><strong>dimicandum</strong></span> <span class='ocrx_word' id='word_1_17' title='bbox 1297 726 1538 796; x_wconf 85' lang='lat' dir='ltr'><strong>fuisset</strong></span> <span class='ocrx_word' id='word_1_18' title='bbox 1552 726 1601 793; x_wconf 79' lang='lat'><strong>⁸.</strong></span> <span class='ocrx_word' id='word_1_19' title='bbox 1650 733 1746 795; x_wconf 89' lang='lat' dir='ltr'><strong>Ac</strong></span> <span class='ocrx_word' id='word_1_20' title='bbox 1792 731 2017 795; x_wconf 88' lang='lat' dir='ltr'><strong>statim</strong></span> <span class='ocrx_word' id='word_1_21' title='bbox 2058 730 2391 797; x_wconf 89' lang='lat' dir='ltr'><strong>moriendi</strong></span> 
     </span>
     <span class='ocr_line' id='line_1_5' title="bbox 294 835 2391 931; baseline 0.002 -26"><span class='ocrx_word' id='word_1_22' title='bbox 294 840 628 931; x_wconf 87' lang='lat' dir='ltr'><strong>impetum</strong></span> <span class='ocrx_word' id='word_1_23' title='bbox 661 838 877 930; x_wconf 87' lang='lat' dir='ltr'><strong>cepit:</strong></span> <span class='ocrx_word' id='word_1_24' title='bbox 917 852 996 903; x_wconf 88' lang='lat' dir='ltr'><strong>ut</strong></span> <span class='ocrx_word' id='word_1_25' title='bbox 1031 835 1264 919; x_wconf 88' lang='lat' dir='ltr'><strong>multi,</strong></span> <span class='ocrx_word' id='word_1_26' title='bbox 1290 862 1415 906; x_wconf 88' lang='lat' dir='ltr'><strong>nec</strong></span> <span class='ocrx_word' id='word_1_27' title='bbox 1437 838 1689 905; x_wconf 82' lang='lat' dir='ltr'><strong>frustra</strong></span> <span class='ocrx_word' id='word_1_28' title='bbox 1706 890 1723 921; x_wconf 92' lang='lat'><strong>,</strong></span> <span class='ocrx_word' id='word_1_29' title='bbox 1750 840 2117 931; x_wconf 85' lang='lat' dir='ltr'><strong>opinantur</strong></span> <span class='ocrx_word' id='word_1_30' title='bbox 2134 893 2151 922; x_wconf 91' lang='lat'><strong>,</strong></span> <span class='ocrx_word' id='word_1_31' title='bbox 2177 844 2391 931; x_wconf 79' lang='lat' dir='ltr'><strong>magis</strong></span> 
     </span>
     <span class='ocr_line' id='line_1_6' title="bbox 296 943 2396 1039; baseline 0.001 -26"><span class='ocrx_word' id='word_1_32' title='bbox 296 946 595 1039; x_wconf 88' lang='lat' dir='ltr'><strong>pudore,</strong></span> <span class='ocrx_word' id='word_1_33' title='bbox 637 970 723 1013; x_wconf 90' lang='lat' dir='ltr'><strong>ne</strong></span> <span class='ocrx_word' id='word_1_34' title='bbox 760 960 951 1013; x_wconf 89' lang='lat' dir='ltr'><strong>tanto</strong></span> <span class='ocrx_word' id='word_1_35' title='bbox 988 968 1216 1013; x_wconf 89' lang='lat' dir='ltr'><strong>rerum</strong></span> <span class='ocrx_word' id='word_1_36' title='bbox 1239 943 1735 1039; x_wconf 88' lang='lat' dir='ltr'><strong>hominumque</strong></span> <span class='ocrx_word' id='word_1_37' title='bbox 1772 945 2073 1038; x_wconf 90' lang='lat' dir='ltr'><strong>periculo</strong></span> <span class='ocrx_word' id='word_1_38' title='bbox 2094 946 2396 1017; x_wconf 90' lang='lat' dir='ltr'><strong>domina·</strong></span> 
     </span>
     <span class='ocr_line' id='line_1_7' title="bbox 297 1053 2396 1150; baseline 0.003 -29"><span class='ocrx_word' id='word_1_39' title='bbox 297 1057 553 1123; x_wconf 88' lang='lat' dir='ltr'><strong>tionem</strong></span> <span class='ocrx_word' id='word_1_40' title='bbox 591 1053 716 1121; x_wconf 88' lang='lat' dir='ltr'><strong>sibi</strong></span> <span class='ocrx_word' id='word_1_41' title='bbox 757 1077 1054 1121; x_wconf 81' lang='lat' dir='ltr'><strong>asserere</strong></span> <span class='ocrx_word' id='word_1_42' title='bbox 1093 1069 1642 1147; x_wconf 69' lang='lat' dir='ltr'><strong>perseverat-ew,</strong></span> <span class='ocrx_word' id='word_1_43' title='bbox 1682 1080 1889 1149; x_wconf 85' lang='lat' dir='ltr'><strong>quam</strong></span> <span class='ocrx_word' id='word_1_44' title='bbox 1926 1056 2396 1150; x_wconf 84' lang='lat' dir='ltr'><strong>desperatione</strong></span> 
     </span>
     <span class='ocr_line' id='line_1_8' title="bbox 293 1163 2395 1259; baseline 0.002 -27"><span class='ocrx_word' id='word_1_45' title='bbox 293 1163 469 1246; x_wconf 87' lang='lat' dir='ltr'><strong>ulla,</strong></span> <span class='ocrx_word' id='word_1_46' title='bbox 503 1182 624 1232; x_wconf 85' lang='lat' dir='ltr'><strong>aut</strong></span> <span class='ocrx_word' id='word_1_47' title='bbox 659 1164 1033 1233; x_wconf 87' lang='lat' dir='ltr'><strong>diffidentia</strong></span> <span class='ocrx_word' id='word_1_48' title='bbox 1073 1168 1419 1258; x_wconf 87' lang='lat' dir='ltr'><strong>copiarum</strong></span> <span class='ocrx_word' id='word_1_49' title='bbox 1444 1176 1527 1232; x_wconf 86' lang='lat'><strong>¹⁰:</strong></span> <span class='ocrx_word' id='word_1_50' title='bbox 1576 1169 1827 1259; x_wconf 89' lang='lat' dir='ltr'><strong>quippe</strong></span> <span class='ocrx_word' id='word_1_51' title='bbox 1869 1165 2155 1235; x_wconf 83' lang='lat' dir='ltr'><strong>residuis</strong></span> <span class='ocrx_word' id='word_1_52' title='bbox 2177 1219 2194 1250; x_wconf 92' lang='lat'><strong>,</strong></span> <span class='ocrx_word' id='word_1_53' title='bbox 2234 1170 2395 1236; x_wconf 88' lang='lat' dir='ltr'><strong>inte-</strong></span> 
     </span>
     <span class='ocr_line' id='line_1_9' title="bbox 297 1274 2399 1371; baseline 0.002 -30"><span class='ocrx_word' id='word_1_54' title='bbox 297 1278 570 1369; x_wconf 71' lang='lat' dir='ltr'><strong>grisque</strong></span> <span class='ocrx_word' id='word_1_55' title='bbox 594 1277 793 1343; x_wconf 90' lang='lat' dir='ltr'><strong>etiam</strong></span> <span class='ocrx_word' id='word_1_56' title='bbox 817 1298 1035 1357; x_wconf 91' lang='lat' dir='ltr'><strong>nunc,</strong></span> <span class='ocrx_word' id='word_1_57' title='bbox 1063 1298 1231 1371; x_wconf 88' lang='lat' dir='ltr'><strong>quas</strong></span> <span class='ocrx_word' id='word_1_58' title='bbox 1257 1298 1488 1344; x_wconf 88' lang='lat' dir='ltr'><strong>secum</strong></span> <span class='ocrx_word' id='word_1_59' title='bbox 1521 1274 1607 1343; x_wconf 89' lang='lat' dir='ltr'><strong>ad</strong></span> <span class='ocrx_word' id='word_1_60' title='bbox 1634 1276 1968 1344; x_wconf 89' lang='lat' dir='ltr'><strong>secundos</strong></span> <span class='ocrx_word' id='word_1_61' title='bbox 2008 1299 2204 1344; x_wconf 87' lang='lat' dir='ltr'><strong>casus</strong></span> <span class='ocrx_word' id='word_1_62' title='bbox 2236 1276 2399 1346; x_wconf 86' lang='lat' dir='ltr'><strong>deti·</strong></span> 
     </span>
    </p>
   </div>
   <div class='ocr_carea' id='block_1_4' title="bbox 293 1564 1305 3068">
    <p class='ocr_par' dir='ltr' id='par_1_4' title="bbox 293 1564 1305 2350">
     <span class='ocr_line' id='line_1_10' title="bbox 295 1564 1304 1638; baseline 0 -18"><span class='ocrx_word' id='word_1_63' title='bbox 295 1564 455 1638; x_wconf 80' lang='lat' dir='ltr'><strong>Apud</strong></span> <span class='ocrx_word' id='word_1_64' title='bbox 472 1564 694 1637; x_wconf 86' lang='lat' dir='ltr'><strong>Joseph.</strong></span> <span class='ocrx_word' id='word_1_65' title='bbox 725 1565 851 1618; x_wconf 88' lang='lat' dir='ltr'><strong>Bell.</strong></span> <span class='ocrx_word' id='word_1_66' title='bbox 876 1566 997 1619; x_wconf 86' lang='lat' dir='ltr'><strong>Jud.</strong></span> <span class='ocrx_word' id='word_1_67' title='bbox 1024 1568 1122 1633; x_wconf 82' lang='lat' dir='ltr'><strong>IV,</strong></span> <span class='ocrx_word' id='word_1_68' title='bbox 1149 1586 1182 1637; x_wconf 89' lang='lat'><strong>9</strong></span> <span class='ocrx_word' id='word_1_69' title='bbox 1198 1604 1216 1635; x_wconf 91' lang='lat'><strong>,</strong></span> <span class='ocrx_word' id='word_1_70' title='bbox 1239 1584 1304 1637; x_wconf 86' lang='lat'><strong>9,</strong></span> 
     </span>
     <span class='ocr_line' id='line_1_11' title="bbox 297 1642 1302 1719; baseline 0.002 -23"><span class='ocrx_word' id='word_1_71' title='bbox 297 1642 589 1714; x_wconf 64' lang='grc' dir='ltr'><strong>Φρηδκιιόν</strong></span> <span class='ocrx_word' id='word_1_72' title='bbox 601 1646 680 1701; x_wconf 59' lang='lat' dir='ltr'><strong>‘tiit-</strong></span> <span class='ocrx_word' id='word_1_73' title='bbox 693 1654 946 1708; x_wconf 74' lang='grc' dir='ltr'><strong>Γοιλιιτίιις,</strong></span> <span class='ocrx_word' id='word_1_74' title='bbox 965 1647 1110 1719; x_wconf 85' lang='lat' dir='ltr'><strong>quod</strong></span> <span class='ocrx_word' id='word_1_75' title='bbox 1127 1661 1302 1699; x_wconf 85' lang='lat' dir='ltr'><strong>tamen</strong></span> 
     </span>
     <span class='ocr_line' id='line_1_12' title="bbox 293 1718 1305 1798; baseline 0 -19"><span class='ocrx_word' id='word_1_76' title='bbox 293 1726 538 1779; x_wconf 75' lang='lat' dir='ltr'><strong>Rudson.</strong></span> <span class='ocrx_word' id='word_1_77' title='bbox 581 1738 636 1778; x_wconf 89' lang='lat' dir='ltr'><strong>et</strong></span> <span class='ocrx_word' id='word_1_78' title='bbox 679 1718 1025 1798; x_wconf 79' lang='lat' dir='ltr'><strong>Havcrcamp.</strong></span> <span class='ocrx_word' id='word_1_79' title='bbox 1070 1739 1305 1779; x_wconf 81' lang='lat' dir='ltr'><strong>mutave-</strong></span> 
     </span>
     <span class='ocr_line' id='line_1_13' title="bbox 296 1802 1303 1875; baseline -0.003 -15"><span class='ocrx_word' id='word_1_80' title='bbox 296 1817 419 1860; x_wconf 84' lang='lat' dir='ltr'><strong>runt</strong></span> <span class='ocrx_word' id='word_1_81' title='bbox 444 1807 500 1857; x_wconf 90' lang='lat' dir='ltr'><strong>in</strong></span> <span class='ocrx_word' id='word_1_82' title='bbox 525 1802 790 1875; x_wconf 57' lang='grc' dir='ltr'><strong>Βιθμιιιὸν.</strong></span> <span class='ocrx_word' id='word_1_83' title='bbox 816 1804 1074 1857; x_wconf 87' lang='lat' dir='ltr'><strong>Scribitur</strong></span> <span class='ocrx_word' id='word_1_84' title='bbox 1091 1807 1247 1858; x_wconf 88' lang='lat' dir='ltr'><strong>etiam</strong></span> <span class='ocrx_word' id='word_1_85' title='bbox 1272 1824 1303 1857; x_wconf 86' lang='lat' dir='ltr'><strong>a</strong></span> 
     </span>
     <span class='ocr_line' id='line_1_14' title="bbox 295 1883 1302 1949; baseline 0.002 -14"><span class='ocrx_word' id='word_1_86' title='bbox 295 1883 474 1935; x_wconf 81' lang='lat' dir='ltr'><strong>multis</strong></span> <span class='ocrx_word' id='word_1_87' title='bbox 504 1883 808 1936; x_wconf 77' lang='lat' dir='ltr'><strong>Bebriacum</strong></span> <span class='ocrx_word' id='word_1_88' title='bbox 833 1884 954 1936; x_wconf 92' lang='lat' dir='ltr'><strong>loco</strong></span> <span class='ocrx_word' id='word_1_89' title='bbox 979 1897 1163 1937; x_wconf 82' lang='lat' dir='ltr'><strong>nostro</strong></span> <span class='ocrx_word' id='word_1_90' title='bbox 1184 1901 1202 1949; x_wconf 61' lang='grc' dir='ltr'>ς</span> <span class='ocrx_word' id='word_1_91' title='bbox 1230 1886 1302 1937; x_wconf 85' lang='lat' dir='ltr'><strong>ita</strong></span> 
     </span>
     <span class='ocr_line' id='line_1_15' title="bbox 296 1963 1300 2033; baseline 0.001 -19"><span class='ocrx_word' id='word_1_92' title='bbox 296 1964 452 2015; x_wconf 86' lang='lat' dir='ltr'><strong>etiam</strong></span> <span class='ocrx_word' id='word_1_93' title='bbox 477 1964 701 2033; x_wconf 81' lang='lat' dir='ltr'><strong>Eutrop.</strong></span> <span class='ocrx_word' id='word_1_94' title='bbox 722 1963 815 2014; x_wconf 81' lang='lat' dir='ltr'><strong>vn</strong></span> <span class='ocrx_word' id='word_1_95' title='bbox 831 2000 848 2029; x_wconf 88' lang='lat'><strong>,</strong></span> <span class='ocrx_word' id='word_1_96' title='bbox 880 1978 898 2014; x_wconf 85' lang='lat'>1</span> <span class='ocrx_word' id='word_1_97' title='bbox 916 1979 935 2014; x_wconf 87' lang='grc'><strong>1</strong></span> <span class='ocrx_word' id='word_1_98' title='bbox 957 2000 974 2029; x_wconf 94' lang='lat'><strong>,</strong></span> <span class='ocrx_word' id='word_1_99' title='bbox 1012 1976 1063 2016; x_wconf 87' lang='lat' dir='ltr'><strong>et</strong></span> <span class='ocrx_word' id='word_1_100' title='bbox 1082 1964 1238 2016; x_wconf 87' lang='lat' dir='ltr'><strong>Oros.</strong></span> <span class='ocrx_word' id='word_1_101' title='bbox 1264 1964 1300 2015; x_wconf 88' lang='lat' dir='ltr'><strong>l.</strong></span> 
     </span>
     <span class='ocr_line' id='line_1_16' title="bbox 298 2041 1302 2114; baseline 0.002 -21"><span class='ocrx_word' id='word_1_102' title='bbox 298 2059 342 2093; x_wconf 85' lang='lat' dir='ltr'><strong>c.</strong></span> <span class='ocrx_word' id='word_1_103' title='bbox 359 2041 564 2114; x_wconf 87' lang='lat' dir='ltr'><strong>Xiphil.</strong></span> <span class='ocrx_word' id='word_1_104' title='bbox 582 2043 760 2108; x_wconf 84' lang='lat' dir='ltr'><strong>LXIV,</strong></span> <span class='ocrx_word' id='word_1_105' title='bbox 787 2058 868 2107; x_wconf 83' lang='lat'><strong>10,</strong></span> <span class='ocrx_word' id='word_1_106' title='bbox 889 2043 1178 2114; x_wconf 77' lang='lat' dir='ltr'><strong>regionem,</strong></span> <span class='ocrx_word' id='word_1_107' title='bbox 1193 2062 1302 2095; x_wconf 90' lang='lat' dir='ltr'><strong>non</strong></span> 
     </span>
     <span class='ocr_line' id='line_1_17' title="bbox 299 2120 1302 2193; baseline 0.002 -21"><span class='ocrx_word' id='word_1_108' title='bbox 299 2122 557 2193; x_wconf 87' lang='lat' dir='ltr'><strong>oppidum</strong></span> <span class='ocrx_word' id='word_1_109' title='bbox 589 2120 806 2173; x_wconf 89' lang='lat' dir='ltr'><strong>indicat.</strong></span> <span class='ocrx_word' id='word_1_110' title='bbox 859 2120 936 2173; x_wconf 90' lang='lat' dir='ltr'><strong>De</strong></span> <span class='ocrx_word' id='word_1_111' title='bbox 973 2120 1154 2193; x_wconf 72' lang='lat' dir='ltr'><strong>prtelio</strong></span> <span class='ocrx_word' id='word_1_112' title='bbox 1183 2124 1302 2193; x_wconf 87' lang='lat' dir='ltr'><strong>ipso</strong></span> 
     </span>
     <span class='ocr_line' id='line_1_18' title="bbox 295 2198 1298 2272; baseline 0.002 -21"><span class='ocrx_word' id='word_1_113' title='bbox 295 2199 413 2253; x_wconf 83' lang='lat' dir='ltr'><strong>vide</strong></span> <span class='ocrx_word' id='word_1_114' title='bbox 427 2202 596 2253; x_wconf 89' lang='lat' dir='ltr'><strong>Tacit.</strong></span> <span class='ocrx_word' id='word_1_115' title='bbox 613 2218 731 2272; x_wconf 87' lang='lat' dir='ltr'><strong>cap.</strong></span> <span class='ocrx_word' id='word_1_116' title='bbox 749 2200 819 2267; x_wconf 70' lang='lat'><strong>40</strong></span> <span class='ocrx_word' id='word_1_117' title='bbox 832 2230 905 2239; x_wconf 93' lang='lat'>—</span> <span class='ocrx_word' id='word_1_118' title='bbox 918 2202 1016 2269; x_wconf 73' lang='lat'><strong>443</strong></span> <span class='ocrx_word' id='word_1_119' title='bbox 1032 2198 1298 2254; x_wconf 83' lang='lat' dir='ltr'><strong>Plutarch.</strong></span> 
     </span>
     <span class='ocr_line' id='line_1_19' title="bbox 303 2296 506 2350; baseline 0.01 -19"><span class='ocrx_word' id='word_1_120' title='bbox 303 2296 322 2331; x_wconf 92' lang='grc'><strong>1</strong></span> <span class='ocrx_word' id='word_1_121' title='bbox 337 2297 356 2331; x_wconf 93' lang='grc'><strong>1</strong></span> <span class='ocrx_word' id='word_1_122' title='bbox 391 2298 506 2350; x_wconf 83' lang='lat' dir='ltr'><strong>seq.</strong></span> 
     </span>
    </p>

    <p class='ocr_par' dir='ltr' id='par_1_5' title="bbox 295 2359 1303 3068">
     <span class='ocr_line' id='line_1_20' title="bbox 366 2359 1298 2433; baseline -0.002 -20"><span class='ocrx_word' id='word_1_123' title='bbox 366 2360 416 2413; x_wconf 86' lang='lat'><strong>8.</strong></span> <span class='ocrx_word' id='word_1_124' title='bbox 462 2362 689 2433; x_wconf 80' lang='lat' dir='ltr'><strong>Quum...</strong></span> <span class='ocrx_word' id='word_1_125' title='bbox 718 2359 1074 2412; x_wconf 74' lang='lat' dir='ltr'><strong>dimicandum</strong></span> <span class='ocrx_word' id='word_1_126' title='bbox 1093 2360 1298 2432; x_wconf 68' lang='lat' dir='ltr'><strong>fuisset.</strong></span> 
     </span>
     <span class='ocr_line' id='line_1_21' title="bbox 297 2436 1299 2511; baseline 0 -22"><span class='ocrx_word' id='word_1_127' title='bbox 297 2436 465 2490; x_wconf 79' lang='lat' dir='ltr'><strong>Tacit.</strong></span> <span class='ocrx_word' id='word_1_128' title='bbox 496 2457 614 2511; x_wconf 88' lang='lat' dir='ltr'><strong>cap.</strong></span> <span class='ocrx_word' id='word_1_129' title='bbox 641 2438 706 2507; x_wconf 66' lang='lat'><strong>42</strong></span> <span class='ocrx_word' id='word_1_130' title='bbox 731 2460 745 2490; x_wconf 72' lang='grc' dir='ltr'>ε</span> <span class='ocrx_word' id='word_1_131' title='bbox 789 2438 1093 2491; x_wconf 77' lang='lat' dir='ltr'><strong>«Attonitas</strong></span> <span class='ocrx_word' id='word_1_132' title='bbox 1123 2438 1299 2491; x_wconf 86' lang='lat' dir='ltr'><strong>subito</strong></span> 
     </span>
     <span class='ocr_line' id='line_1_22' title="bbox 297 2518 1301 2589; baseline 0.003 -21"><span class='ocrx_word' id='word_1_133' title='bbox 297 2529 494 2572; x_wconf 85' lang='lat' dir='ltr'><strong>terrore</strong></span> <span class='ocrx_word' id='word_1_134' title='bbox 519 2532 723 2572; x_wconf 78' lang='lat' dir='ltr'><strong>mentes</strong></span> <span class='ocrx_word' id='word_1_135' title='bbox 749 2518 942 2572; x_wconf 80' lang='lat' dir='ltr'><strong>falsum</strong></span> <span class='ocrx_word' id='word_1_136' title='bbox 969 2519 1222 2589; x_wconf 80' lang='lat' dir='ltr'><strong>gaudium</strong></span> <span class='ocrx_word' id='word_1_137' title='bbox 1245 2521 1301 2571; x_wconf 91' lang='lat' dir='ltr'><strong>in</strong></span> 
     </span>
     <span class='ocr_line' id='line_1_23' title="bbox 297 2595 1300 2671; baseline 0.002 -23"><span class='ocrx_word' id='word_1_138' title='bbox 297 2595 607 2669; x_wconf 77' lang='lat' dir='ltr'><strong>languorem</strong></span> <span class='ocrx_word' id='word_1_139' title='bbox 655 2602 834 2664; x_wconf 81' lang='lat' dir='ltr'><strong>vertit,</strong></span> <span class='ocrx_word' id='word_1_140' title='bbox 881 2601 1130 2670; x_wconf 75' lang='lat' dir='ltr'><strong>repertis,</strong></span> <span class='ocrx_word' id='word_1_141' title='bbox 1175 2601 1268 2671; x_wconf 88' lang='lat' dir='ltr'><strong>qui</strong></span> <span class='ocrx_word' id='word_1_142' title='bbox 1283 2637 1300 2667; x_wconf 88' lang='lat'><strong>,</strong></span> 
     </span>
     <span class='ocr_line' id='line_1_24' title="bbox 298 2675 1297 2744; baseline 0.001 -15"><span class='ocrx_word' id='word_1_143' title='bbox 298 2675 552 2731; x_wconf 57' lang='lat' dir='ltr'><strong>descivisse</strong></span> <span class='ocrx_word' id='word_1_144' title='bbox 571 2697 606 2728; x_wconf 83' lang='lat' dir='ltr'><strong>a</strong></span> <span class='ocrx_word' id='word_1_145' title='bbox 633 2677 876 2744; x_wconf 73' lang='lat' dir='ltr'><strong>Vitellio,</strong></span> <span class='ocrx_word' id='word_1_146' title='bbox 899 2679 1297 2730; x_wconf 85' lang='lat' dir='ltr'><strong>ementirentur.</strong></span> 
     </span>
     <span class='ocr_line' id='line_1_25' title="bbox 297 2753 1303 2828; baseline 0.002 -22"><span class='ocrx_word' id='word_1_147' title='bbox 297 2755 346 2806; x_wconf 83' lang='lat' dir='ltr'><strong>Is</strong></span> <span class='ocrx_word' id='word_1_148' title='bbox 369 2773 576 2823; x_wconf 86' lang='lat' dir='ltr'><strong>rumor,</strong></span> <span class='ocrx_word' id='word_1_149' title='bbox 603 2753 670 2808; x_wconf 87' lang='lat' dir='ltr'><strong>ab</strong></span> <span class='ocrx_word' id='word_1_150' title='bbox 697 2755 1120 2828; x_wconf 79' lang='lat' dir='ltr'><strong>exploratoribus</strong></span> <span class='ocrx_word' id='word_1_151' title='bbox 1143 2753 1303 2808; x_wconf 87' lang='lat' dir='ltr'><strong>Vitel-</strong></span> 
     </span>
     <span class='ocr_line' id='line_1_26' title="bbox 295 2833 1301 2909; baseline 0.004 -23"><span class='ocrx_word' id='word_1_152' title='bbox 295 2833 352 2889; x_wconf 88' lang='lat' dir='ltr'><strong>lii</strong></span> <span class='ocrx_word' id='word_1_153' title='bbox 392 2835 686 2909; x_wconf 77' lang='lat' dir='ltr'><strong>dispersus,</strong></span> <span class='ocrx_word' id='word_1_154' title='bbox 730 2855 798 2890; x_wconf 89' lang='lat' dir='ltr'><strong>an</strong></span> <span class='ocrx_word' id='word_1_155' title='bbox 832 2837 888 2889; x_wconf 88' lang='lat' dir='ltr'><strong>in</strong></span> <span class='ocrx_word' id='word_1_156' title='bbox 924 2837 1042 2909; x_wconf 86' lang='lat' dir='ltr'><strong>ipsa</strong></span> <span class='ocrx_word' id='word_1_157' title='bbox 1070 2837 1301 2890; x_wconf 84' lang='lat' dir='ltr'><strong>Othonis</strong></span> 
     </span>
     <span class='ocr_line' id='line_1_27' title="bbox 296 2914 1300 2986; baseline 0 -19"><span class='ocrx_word' id='word_1_158' title='bbox 296 2927 465 2986; x_wconf 85' lang='lat' dir='ltr'><strong>parte,</strong></span> <span class='ocrx_word' id='word_1_159' title='bbox 477 2934 564 2967; x_wconf 74' lang='lat' dir='ltr'><strong>seu</strong></span> <span class='ocrx_word' id='word_1_160' title='bbox 581 2915 724 2982; x_wconf 84' lang='lat' dir='ltr'><strong>dolo,</strong></span> <span class='ocrx_word' id='word_1_161' title='bbox 743 2914 981 2986; x_wconf 73' lang='lat' dir='ltr'><strong>seusun-te</strong></span> <span class='ocrx_word' id='word_1_162' title='bbox 993 2917 1300 2985; x_wconf 78' lang='lat' dir='ltr'><strong>sun-exerit,</strong></span> 
     </span>
     <span class='ocr_line' id='line_1_28' title="bbox 295 2994 1299 3068; baseline 0.001 -21"><span class='ocrx_word' id='word_1_163' title='bbox 295 3012 484 3065; x_wconf 79' lang='lat' dir='ltr'><strong>parum</strong></span> <span class='ocrx_word' id='word_1_164' title='bbox 500 3008 850 3067; x_wconf 88' lang='lat' dir='ltr'><strong>compertum.</strong></span> <span class='ocrx_word' id='word_1_165' title='bbox 877 2994 1087 3048; x_wconf 83' lang='lat' dir='ltr'><strong>Omisso</strong></span> <span class='ocrx_word' id='word_1_166' title='bbox 1105 3014 1299 3068; x_wconf 58' lang='lat' dir='ltr'><strong>pugnas</strong></span> 
     </span>
    </p>
   </div>
   <div class='ocr_carea' id='block_1_5' title="bbox 297 3073 1308 3142">
    <p class='ocr_par' dir='ltr' id='par_1_6' title="bbox 297 3073 1308 3142">
     <span class='ocr_line' id='line_1_29' title="bbox 297 3073 1308 3142; baseline 0.002 -17"><span class='ocrx_word' id='word_1_167' title='bbox 297 3073 505 3138; x_wconf 80' lang='lat' dir='ltr'><strong>ardore,</strong></span> <span class='ocrx_word' id='word_1_168' title='bbox 518 3073 810 3126; x_wconf 81' lang='lat' dir='ltr'><strong>Othoniani</strong></span> <span class='ocrx_word' id='word_1_169' title='bbox 827 3073 965 3125; x_wconf 90' lang='lat' dir='ltr'><strong>ultro</strong></span> <span class='ocrx_word' id='word_1_170' title='bbox 987 3075 1308 3142; x_wconf 76' lang='lat' dir='ltr'><strong>salutavere,</strong></span> 
     </span>
    </p>
   </div>
   <div class='ocr_carea' id='block_1_6' title="bbox 289 3151 1300 4256">
    <p class='ocr_par' dir='ltr' id='par_1_7' title="bbox 289 3151 1300 4157">
     <span class='ocr_line' id='line_1_30' title="bbox 297 3151 1298 3224; baseline 0.002 -21"><span class='ocrx_word' id='word_1_171' title='bbox 297 3163 347 3203; x_wconf 83' lang='lat' dir='ltr'><strong>ct</strong></span> <span class='ocrx_word' id='word_1_172' title='bbox 365 3151 548 3204; x_wconf 86' lang='lat' dir='ltr'><strong>hostili</strong></span> <span class='ocrx_word' id='word_1_173' title='bbox 571 3170 839 3203; x_wconf 89' lang='lat' dir='ltr'><strong>murmure</strong></span> <span class='ocrx_word' id='word_1_174' title='bbox 859 3154 1090 3223; x_wconf 82' lang='lat' dir='ltr'><strong>excepti,</strong></span> <span class='ocrx_word' id='word_1_175' title='bbox 1113 3151 1298 3224; x_wconf 82' lang='lat' dir='ltr'><strong>pleris-</strong></span> 
     </span>
     <span class='ocr_line' id='line_1_31' title="bbox 297 3231 1298 3302; baseline 0 -20"><span class='ocrx_word' id='word_1_176' title='bbox 297 3247 398 3300; x_wconf 86' lang='lat' dir='ltr'><strong>que</strong></span> <span class='ocrx_word' id='word_1_177' title='bbox 419 3247 635 3282; x_wconf 81' lang='lat' dir='ltr'><strong>suorum</strong></span> <span class='ocrx_word' id='word_1_178' title='bbox 657 3231 850 3302; x_wconf 71' lang='lat' dir='ltr'><strong>ignaris</strong></span> <span class='ocrx_word' id='word_1_179' title='bbox 867 3269 884 3296; x_wconf 90' lang='lat'><strong>,</strong></span> <span class='ocrx_word' id='word_1_180' title='bbox 905 3247 1018 3302; x_wconf 80' lang='lat' dir='ltr'><strong>quae</strong></span> <span class='ocrx_word' id='word_1_181' title='bbox 1038 3247 1197 3282; x_wconf 81' lang='lat' dir='ltr'><strong>causa</strong></span> <span class='ocrx_word' id='word_1_182' title='bbox 1216 3249 1298 3282; x_wconf 88' lang='lat' dir='ltr'><strong>sa·</strong></span> 
     </span>
     <span class='ocr_line' id='line_1_32' title="bbox 293 3307 1293 3380; baseline 0.002 -20"><span class='ocrx_word' id='word_1_183' title='bbox 293 3307 531 3375; x_wconf 83' lang='lat' dir='ltr'><strong>lutandi,</strong></span> <span class='ocrx_word' id='word_1_184' title='bbox 558 3322 757 3361; x_wconf 88' lang='lat' dir='ltr'><strong>metum</strong></span> <span class='ocrx_word' id='word_1_185' title='bbox 771 3308 1088 3380; x_wconf 81' lang='lat' dir='ltr'><strong>proditionis</strong></span> <span class='ocrx_word' id='word_1_186' title='bbox 1105 3311 1293 3362; x_wconf 86' lang='lat' dir='ltr'><strong>fecere.</strong></span> 
     </span>
     <span class='ocr_line' id='line_1_33' title="bbox 291 3387 1297 3458; baseline 0 -17"><span class='ocrx_word' id='word_1_187' title='bbox 291 3389 430 3442; x_wconf 84' lang='lat' dir='ltr'><strong>Tum</strong></span> <span class='ocrx_word' id='word_1_188' title='bbox 454 3390 698 3442; x_wconf 86' lang='lat' dir='ltr'><strong>incubuit</strong></span> <span class='ocrx_word' id='word_1_189' title='bbox 717 3387 948 3442; x_wconf 86' lang='lat' dir='ltr'><strong>hostium</strong></span> <span class='ocrx_word' id='word_1_190' title='bbox 969 3390 1136 3458; x_wconf 80' lang='lat' dir='ltr'><strong>acies,</strong></span> <span class='ocrx_word' id='word_1_191' title='bbox 1159 3392 1297 3442; x_wconf 86' lang='lat' dir='ltr'><strong>inte-</strong></span> 
     </span>
     <span class='ocr_line' id='line_1_34' title="bbox 291 3469 1296 3542; baseline -0.001 -19"><span class='ocrx_word' id='word_1_192' title='bbox 291 3470 400 3542; x_wconf 75' lang='lat' dir='ltr'><strong>gris</strong></span> <span class='ocrx_word' id='word_1_193' title='bbox 425 3469 731 3534; x_wconf 80' lang='lat' dir='ltr'><strong>ordinibus,</strong></span> <span class='ocrx_word' id='word_1_194' title='bbox 765 3469 957 3522; x_wconf 69' lang='lat' dir='ltr'><strong>robore</strong></span> <span class='ocrx_word' id='word_1_195' title='bbox 996 3483 1048 3522; x_wconf 92' lang='lat' dir='ltr'><strong>et</strong></span> <span class='ocrx_word' id='word_1_196' title='bbox 1073 3489 1296 3522; x_wconf 87' lang='lat' dir='ltr'><strong>numero</strong></span> 
     </span>
     <span class='ocr_line' id='line_1_35' title="bbox 289 3547 1294 3620; baseline -0.001 -18"><span class='ocrx_word' id='word_1_197' title='bbox 289 3551 657 3620; x_wconf 81' lang='lat' dir='ltr'><strong>praestantior,</strong></span> <span class='ocrx_word' id='word_1_198' title='bbox 677 3562 778 3601; x_wconf 87' lang='lat' dir='ltr'><strong>etc.</strong></span> <span class='ocrx_word' id='word_1_199' title='bbox 799 3573 822 3596; x_wconf 70' lang='lat' dir='ltr'>n</span> <span class='ocrx_word' id='word_1_200' title='bbox 855 3549 1010 3602; x_wconf 83' lang='lat' dir='ltr'><strong>conf.</strong></span> <span class='ocrx_word' id='word_1_201' title='bbox 1032 3547 1294 3601; x_wconf 83' lang='lat' dir='ltr'><strong>Plutarch.</strong></span> 
     </span>
     <span class='ocr_line' id='line_1_36' title="bbox 291 3623 1300 3700; baseline -0.001 -20"><span class='ocrx_word' id='word_1_202' title='bbox 291 3645 412 3700; x_wconf 84' lang='lat' dir='ltr'><strong>cap.</strong></span> <span class='ocrx_word' id='word_1_203' title='bbox 443 3645 464 3680; x_wconf 90' lang='grc'><strong>1</strong></span> <span class='ocrx_word' id='word_1_204' title='bbox 479 3646 527 3680; x_wconf 85' lang='lat'><strong>2.</strong></span> <span class='ocrx_word' id='word_1_205' title='bbox 557 3629 655 3678; x_wconf 86' lang='lat' dir='ltr'><strong>Pro</strong></span> <span class='ocrx_word' id='word_1_206' title='bbox 683 3627 1095 3680; x_wconf 76' lang='lat' dir='ltr'><strong>consalutatione</strong></span> <span class='ocrx_word' id='word_1_207' title='bbox 1115 3623 1135 3697; x_wconf 91' lang='lat'><strong>(</strong></span> <span class='ocrx_word' id='word_1_208' title='bbox 1152 3626 1300 3698; x_wconf 86' lang='lat' dir='ltr'><strong>quod</strong></span> 
     </span>
     <span class='ocr_line' id='line_1_37' title="bbox 289 3705 1296 3760; baseline -0.001 0"><span class='ocrx_word' id='word_1_209' title='bbox 289 3707 481 3760; x_wconf 76' lang='lat' dir='ltr'><strong>vocab.</strong></span> <span class='ocrx_word' id='word_1_210' title='bbox 503 3705 570 3758; x_wconf 83' lang='lat' dir='ltr'><strong>de</strong></span> <span class='ocrx_word' id='word_1_211' title='bbox 593 3705 777 3758; x_wconf 82' lang='lat' dir='ltr'><strong>eadem</strong></span> <span class='ocrx_word' id='word_1_212' title='bbox 800 3725 858 3758; x_wconf 88' lang='lat' dir='ltr'><strong>re</strong></span> <span class='ocrx_word' id='word_1_213' title='bbox 883 3707 1109 3758; x_wconf 88' lang='lat' dir='ltr'><strong>occurrit</strong></span> <span class='ocrx_word' id='word_1_214' title='bbox 1129 3707 1296 3760; x_wconf 86' lang='lat' dir='ltr'><strong>Tacit.</strong></span> 
     </span>
     <span class='ocr_line' id='line_1_38' title="bbox 289 3783 1299 3856; baseline -0.001 -17"><span class='ocrx_word' id='word_1_215' title='bbox 289 3783 484 3839; x_wconf 76' lang='lat' dir='ltr'><strong>Annal.</strong></span> <span class='ocrx_word' id='word_1_216' title='bbox 518 3785 642 3852; x_wconf 80' lang='lat' dir='ltr'><strong>XV,</strong></span> <span class='ocrx_word' id='word_1_217' title='bbox 673 3785 766 3851; x_wconf 88' lang='grc'><strong>16,</strong></span> <span class='ocrx_word' id='word_1_218' title='bbox 789 3800 842 3837; x_wconf 88' lang='lat' dir='ltr'><strong>et</strong></span> <span class='ocrx_word' id='word_1_219' title='bbox 868 3786 1000 3838; x_wconf 83' lang='lat' dir='ltr'><strong>Hist.</strong></span> <span class='ocrx_word' id='word_1_220' title='bbox 1026 3785 1125 3853; x_wconf 85' lang='lat' dir='ltr'><strong>IV,</strong></span> <span class='ocrx_word' id='word_1_221' title='bbox 1163 3784 1299 3856; x_wconf 85' lang='lat'><strong>72),</strong></span> 
     </span>
     <span class='ocr_line' id='line_1_39' title="bbox 289 3863 1299 3936; baseline 0.002 -20"><span class='ocrx_word' id='word_1_222' title='bbox 289 3865 508 3918; x_wconf 77' lang='lat' dir='ltr'><strong>Memm.</strong></span> <span class='ocrx_word' id='word_1_223' title='bbox 535 3865 732 3936; x_wconf 84' lang='lat' dir='ltr'><strong>aliique</strong></span> <span class='ocrx_word' id='word_1_224' title='bbox 759 3865 946 3918; x_wconf 79' lang='lat' dir='ltr'><strong>vitiose</strong></span> <span class='ocrx_word' id='word_1_225' title='bbox 968 3863 1299 3918; x_wconf 76' lang='lat' dir='ltr'><strong>consultatio-</strong></span> 
     </span>
     <span class='ocr_line' id='line_1_40' title="bbox 291 3943 1298 4018; baseline 0.001 -22"><span class='ocrx_word' id='word_1_226' title='bbox 291 3963 378 4012; x_wconf 81' lang='lat' dir='ltr'><strong>ne,</strong></span> <span class='ocrx_word' id='word_1_227' title='bbox 413 3944 558 4018; x_wconf 83' lang='lat' dir='ltr'><strong>quod</strong></span> <span class='ocrx_word' id='word_1_228' title='bbox 587 3943 830 4016; x_wconf 82' lang='lat' dir='ltr'><strong>placebat</strong></span> <span class='ocrx_word' id='word_1_229' title='bbox 849 3945 1067 3998; x_wconf 81' lang='lat' dir='ltr'><strong>Graevio.</strong></span> <span class='ocrx_word' id='word_1_230' title='bbox 1100 3947 1160 3998; x_wconf 88' lang='lat' dir='ltr'><strong>In</strong></span> <span class='ocrx_word' id='word_1_231' title='bbox 1187 3945 1298 3997; x_wconf 89' lang='lat' dir='ltr'><strong>edi-</strong></span> 
     </span>
     <span class='ocr_line' id='line_1_41' title="bbox 293 4022 1298 4095; baseline 0.002 -21"><span class='ocrx_word' id='word_1_232' title='bbox 293 4025 438 4075; x_wconf 81' lang='lat' dir='ltr'><strong>tione</strong></span> <span class='ocrx_word' id='word_1_233' title='bbox 493 4022 860 4095; x_wconf 85' lang='lat' dir='ltr'><strong>Ondendorpii</strong></span> <span class='ocrx_word' id='word_1_234' title='bbox 911 4023 1061 4078; x_wconf 70' lang='lat' dir='ltr'><strong>hesit</strong></span> <span class='ocrx_word' id='word_1_235' title='bbox 1112 4023 1298 4076; x_wconf 82' lang='lat' dir='ltr'><strong>vitium</strong></span> 
     </span>
     <span class='ocr_line' id='line_1_42' title="bbox 295 4103 666 4157; baseline -0.003 -2"><span class='ocrx_word' id='word_1_236' title='bbox 295 4103 666 4157; x_wconf 67' lang='lat' dir='ltr'><strong>consolatione.</strong></span> 
     </span>
    </p>

    <p class='ocr_par' dir='ltr' id='par_1_8' title="bbox 365 4183 1300 4256">
     <span class='ocr_line' id='line_1_43' title="bbox 365 4183 1300 4256; baseline 0.002 -22"><span class='ocrx_word' id='word_1_237' title='bbox 365 4197 416 4252; x_wconf 87' lang='lat'><strong>9.</strong></span> <span class='ocrx_word' id='word_1_238' title='bbox 454 4183 628 4256; x_wconf 66' lang='lat' dir='ltr'><strong>Magis</strong></span> <span class='ocrx_word' id='word_1_239' title='bbox 654 4183 880 4256; x_wconf 78' lang='lat' dir='ltr'><strong>pudore,</strong></span> <span class='ocrx_word' id='word_1_240' title='bbox 917 4201 1042 4236; x_wconf 78' lang='lat' dir='ltr'><strong>ne...</strong></span> <span class='ocrx_word' id='word_1_241' title='bbox 1071 4201 1300 4255; x_wconf 69' lang='lat' dir='ltr'><strong>perseve-</strong></span> 
     </span>
    </p>
   </div>
   <div class='ocr_carea' id='block_1_7' title="bbox 1372 1567 2471 3459">
    <p class='ocr_par' dir='ltr' id='par_1_9' title="bbox 1388 1567 2471 2568">
     <span class='ocr_line' id='line_1_44' title="bbox 1395 1567 2401 1639; baseline 0.007 -21"><span class='ocrx_word' id='word_1_242' title='bbox 1395 1578 1544 1619; x_wconf 81' lang='lat' dir='ltr'><strong>raret.</strong></span> <span class='ocrx_word' id='word_1_243' title='bbox 1572 1567 1708 1620; x_wconf 85' lang='lat' dir='ltr'><strong>Vide</strong></span> <span class='ocrx_word' id='word_1_244' title='bbox 1731 1570 1996 1639; x_wconf 74' lang='lat' dir='ltr'><strong>egregiam</strong></span> <span class='ocrx_word' id='word_1_245' title='bbox 2019 1568 2249 1623; x_wconf 87' lang='lat' dir='ltr'><strong>Othonis</strong></span> <span class='ocrx_word' id='word_1_246' title='bbox 2274 1591 2401 1625; x_wconf 85' lang='lat' dir='ltr'><strong>ora-</strong></span> 
     </span>
     <span class='ocr_line' id='line_1_45' title="bbox 1393 1647 2404 1719; baseline 0.006 -22"><span class='ocrx_word' id='word_1_247' title='bbox 1393 1647 1594 1697; x_wconf 87' lang='lat' dir='ltr'><strong>tionem</strong></span> <span class='ocrx_word' id='word_1_248' title='bbox 1627 1647 1773 1719; x_wconf 86' lang='lat' dir='ltr'><strong>apud</strong></span> <span class='ocrx_word' id='word_1_249' title='bbox 1794 1647 1962 1700; x_wconf 84' lang='lat' dir='ltr'><strong>Tacit.</strong></span> <span class='ocrx_word' id='word_1_250' title='bbox 1993 1666 2110 1719; x_wconf 88' lang='lat' dir='ltr'><strong>cap.</strong></span> <span class='ocrx_word' id='word_1_251' title='bbox 2143 1648 2241 1719; x_wconf 73' lang='lat'><strong>473</strong></span> <span class='ocrx_word' id='word_1_252' title='bbox 2279 1650 2404 1703; x_wconf 86' lang='lat' dir='ltr'><strong>Plu·</strong></span> 
     </span>
     <span class='ocr_line' id='line_1_46' title="bbox 1391 1723 2399 1801; baseline 0.007 -25"><span class='ocrx_word' id='word_1_253' title='bbox 1391 1723 1561 1779; x_wconf 83' lang='lat' dir='ltr'><strong>tarch.</strong></span> <span class='ocrx_word' id='word_1_254' title='bbox 1601 1744 1720 1797; x_wconf 84' lang='lat' dir='ltr'><strong>cap.</strong></span> <span class='ocrx_word' id='word_1_255' title='bbox 1768 1726 1829 1779; x_wconf 81' lang='lat'><strong>15</strong></span> <span class='ocrx_word' id='word_1_256' title='bbox 1852 1746 1867 1789; x_wconf 72' lang='grc' dir='ltr'><strong>ς</strong></span> <span class='ocrx_word' id='word_1_257' title='bbox 1909 1726 2113 1799; x_wconf 76' lang='lat' dir='ltr'><strong>Xiphil.</strong></span> <span class='ocrx_word' id='word_1_258' title='bbox 2146 1747 2268 1801; x_wconf 82' lang='lat' dir='ltr'><strong>cap.</strong></span> <span class='ocrx_word' id='word_1_259' title='bbox 2316 1732 2399 1785; x_wconf 83' lang='grc'><strong>13.</strong></span> 
     </span>
     <span class='ocr_line' id='line_1_47' title="bbox 1391 1803 2471 1876; baseline 0.002 -21"><span class='ocrx_word' id='word_1_260' title='bbox 1391 1803 1738 1876; x_wconf 83' lang='lat' dir='ltr'><strong>Eutrop.V11,</strong></span> <span class='ocrx_word' id='word_1_261' title='bbox 1762 1822 1781 1857; x_wconf 90' lang='lat'>1</span> <span class='ocrx_word' id='word_1_262' title='bbox 1798 1822 1845 1871; x_wconf 87' lang='lat'><strong>1,</strong></span> <span class='ocrx_word' id='word_1_263' title='bbox 1863 1822 2057 1876; x_wconf 70' lang='lat' dir='ltr'><strong>«quum</strong></span> <span class='ocrx_word' id='word_1_264' title='bbox 2076 1807 2205 1858; x_wconf 88' lang='lat' dir='ltr'><strong>tanti</strong></span> <span class='ocrx_word' id='word_1_265' title='bbox 2218 1826 2275 1860; x_wconf 80' lang='lat' dir='ltr'><strong>se</strong></span> <span class='ocrx_word' id='word_1_266' title='bbox 2290 1826 2403 1862; x_wconf 89' lang='lat' dir='ltr'><strong>non</strong></span> <span class='ocrx_word' id='word_1_267' title='bbox 2456 1845 2471 1857; x_wconf 79' lang='lat'><strong>.</strong></span> 
     </span>
     <span class='ocr_line' id='line_1_48' title="bbox 1393 1882 2401 1956; baseline 0.005 -21"><span class='ocrx_word' id='word_1_268' title='bbox 1393 1902 1507 1936; x_wconf 88' lang='lat' dir='ltr'><strong>esse</strong></span> <span class='ocrx_word' id='word_1_269' title='bbox 1524 1882 1769 1950; x_wconf 81' lang='lat' dir='ltr'><strong>dixisset,</strong></span> <span class='ocrx_word' id='word_1_270' title='bbox 1793 1896 1854 1935; x_wconf 87' lang='lat' dir='ltr'><strong>ut</strong></span> <span class='ocrx_word' id='word_1_271' title='bbox 1872 1896 2092 1956; x_wconf 89' lang='lat' dir='ltr'><strong>propter</strong></span> <span class='ocrx_word' id='word_1_272' title='bbox 2106 1903 2227 1936; x_wconf 89' lang='lat' dir='ltr'><strong>eum</strong></span> <span class='ocrx_word' id='word_1_273' title='bbox 2248 1886 2401 1940; x_wconf 82' lang='lat' dir='ltr'><strong>civile</strong></span> 
     </span>
     <span class='ocr_line' id='line_1_49' title="bbox 1389 1960 2405 2019; baseline 0.003 -4"><span class='ocrx_word' id='word_1_274' title='bbox 1389 1960 1591 2015; x_wconf 87' lang='lat' dir='ltr'><strong>bellum</strong></span> <span class='ocrx_word' id='word_1_275' title='bbox 1612 1976 2082 2016; x_wconf 55' lang='lat' dir='ltr'><strong>commoneremus·</strong></span> <span class='ocrx_word' id='word_1_276' title='bbox 2119 1964 2314 2019; x_wconf 82' lang='lat' dir='ltr'><strong>lisdem</strong></span> <span class='ocrx_word' id='word_1_277' title='bbox 2328 1967 2405 2018; x_wconf 85' lang='lat' dir='ltr'><strong>fe-</strong></span> 
     </span>
     <span class='ocr_line' id='line_1_50' title="bbox 1391 2042 2404 2117; baseline 0.007 -24"><span class='ocrx_word' id='word_1_278' title='bbox 1391 2060 1450 2095; x_wconf 86' lang='lat' dir='ltr'><strong>re</strong></span> <span class='ocrx_word' id='word_1_279' title='bbox 1463 2042 1638 2095; x_wconf 78' lang='lat' dir='ltr'><strong>verbis</strong></span> <span class='ocrx_word' id='word_1_280' title='bbox 1655 2042 1933 2113; x_wconf 74' lang='grc' dir='ltr'><em>Ναροὶέοη</em></span> <span class='ocrx_word' id='word_1_281' title='bbox 1948 2082 1966 2110; x_wconf 86' lang='grc'><strong><em>,</em></strong></span> <span class='ocrx_word' id='word_1_282' title='bbox 1986 2043 2145 2097; x_wconf 87' lang='lat' dir='ltr'><strong>rebus</strong></span> <span class='ocrx_word' id='word_1_283' title='bbox 2159 2044 2404 2117; x_wconf 79' lang='lat' dir='ltr'><strong>despera-</strong></span> 
     </span>
     <span class='ocr_line' id='line_1_51' title="bbox 1391 2122 2407 2198; baseline 0.005 -23"><span class='ocrx_word' id='word_1_284' title='bbox 1391 2122 1462 2175; x_wconf 84' lang='lat' dir='ltr'><strong>tis</strong></span> <span class='ocrx_word' id='word_1_285' title='bbox 1479 2122 1627 2193; x_wconf 89' lang='lat' dir='ltr'><strong>(ann.</strong></span> <span class='ocrx_word' id='word_1_286' title='bbox 1653 2122 1835 2194; x_wconf 75' lang='grc'><strong>1814),</strong></span> <span class='ocrx_word' id='word_1_287' title='bbox 1865 2124 2037 2193; x_wconf 80' lang='lat' dir='ltr'><strong>Quum</strong></span> <span class='ocrx_word' id='word_1_288' title='bbox 2046 2124 2223 2196; x_wconf 79' lang='lat' dir='ltr'><strong>facile</strong></span> <span class='ocrx_word' id='word_1_289' title='bbox 2235 2140 2407 2198; x_wconf 77' lang='lat' dir='ltr'><strong>posset</strong></span> 
     </span>
     <span class='ocr_line' id='line_1_52' title="bbox 1390 2196 2405 2275; baseline 0.005 -22"><span class='ocrx_word' id='word_1_290' title='bbox 1390 2200 1548 2253; x_wconf 73' lang='lat' dir='ltr'><strong>civile</strong></span> <span class='ocrx_word' id='word_1_291' title='bbox 1591 2196 1783 2252; x_wconf 77' lang='lat' dir='ltr'><strong>bellum</strong></span> <span class='ocrx_word' id='word_1_292' title='bbox 1825 2220 2057 2267; x_wconf 83' lang='lat' dir='ltr'><strong>movere,</strong></span> <span class='ocrx_word' id='word_1_293' title='bbox 2098 2203 2317 2275; x_wconf 79' lang='lat' dir='ltr'><strong>publico</strong></span> <span class='ocrx_word' id='word_1_294' title='bbox 2352 2222 2405 2257; x_wconf 78' lang='lat' dir='ltr'><strong>se</strong></span> 
     </span>
     <span class='ocr_line' id='line_1_53' title="bbox 1391 2277 2403 2353; baseline 0.005 -22"><span class='ocrx_word' id='word_1_295' title='bbox 1391 2281 1524 2333; x_wconf 80' lang='lat' dir='ltr'><strong>bono</strong></span> <span class='ocrx_word' id='word_1_296' title='bbox 1549 2277 1814 2332; x_wconf 74' lang='lat' dir='ltr'><strong>consulere</strong></span> <span class='ocrx_word' id='word_1_297' title='bbox 1834 2279 1997 2332; x_wconf 85' lang='lat' dir='ltr'><strong>malle</strong></span> <span class='ocrx_word' id='word_1_298' title='bbox 2018 2282 2119 2347; x_wconf 90' lang='lat' dir='ltr'><strong>ait,</strong></span> <span class='ocrx_word' id='word_1_299' title='bbox 2154 2294 2207 2334; x_wconf 90' lang='lat' dir='ltr'><strong>et</strong></span> <span class='ocrx_word' id='word_1_300' title='bbox 2228 2284 2403 2353; x_wconf 84' lang='lat' dir='ltr'><strong>impe-</strong></span> 
     </span>
     <span class='ocr_line' id='line_1_54' title="bbox 1389 2357 2403 2431; baseline 0.006 -22"><span class='ocrx_word' id='word_1_301' title='bbox 1389 2359 1528 2410; x_wconf 87' lang='lat' dir='ltr'><strong>rium</strong></span> <span class='ocrx_word' id='word_1_302' title='bbox 1558 2357 1795 2419; x_wconf 77' lang='lat' dir='ltr'><strong>abdicat3</strong></span> <span class='ocrx_word' id='word_1_303' title='bbox 1827 2358 1971 2430; x_wconf 89' lang='lat' dir='ltr'><strong>qnod</strong></span> <span class='ocrx_word' id='word_1_304' title='bbox 1996 2360 2091 2409; x_wconf 87' lang='lat' dir='ltr'><strong>otii</strong></span> <span class='ocrx_word' id='word_1_305' title='bbox 2116 2374 2403 2431; x_wconf 64' lang='lat' dir='ltr'><strong>pertaesus,</strong></span> 
     </span>
     <span class='ocr_line' id='line_1_55' title="bbox 1391 2440 2405 2508; baseline 0.009 -22"><span class='ocrx_word' id='word_1_306' title='bbox 1391 2453 1514 2488; x_wconf 87' lang='lat' dir='ltr'><strong>mox</strong></span> <span class='ocrx_word' id='word_1_307' title='bbox 1548 2448 1921 2508; x_wconf 85' lang='lat' dir='ltr'><strong>recuperatum</strong></span> <span class='ocrx_word' id='word_1_308' title='bbox 1958 2454 2168 2490; x_wconf 83' lang='lat' dir='ltr'><strong>servare</strong></span> <span class='ocrx_word' id='word_1_309' title='bbox 2205 2440 2405 2495; x_wconf 81' lang='lat' dir='ltr'><strong>frustra</strong></span> 
     </span>
     <span class='ocr_line' id='line_1_56' title="bbox 1388 2513 1577 2568; baseline -0.005 0"><span class='ocrx_word' id='word_1_310' title='bbox 1388 2513 1577 2568; x_wconf 76' lang='lat' dir='ltr'><strong>voluit.</strong></span> 
     </span>
    </p>

    <p class='ocr_par' dir='ltr' id='par_1_10' title="bbox 1372 2594 2403 3459">
     <span class='ocr_line' id='line_1_57' title="bbox 1467 2594 2403 2672; baseline 0.005 -26"><span class='ocrx_word' id='word_1_311' title='bbox 1467 2611 1486 2646; x_wconf 90' lang='grc'><strong>1</strong></span> <span class='ocrx_word' id='word_1_312' title='bbox 1497 2610 1548 2645; x_wconf 91' lang='grc' dir='ltr'><strong>ο.</strong></span> <span class='ocrx_word' id='word_1_313' title='bbox 1575 2594 1743 2664; x_wconf 82' lang='lat' dir='ltr'><strong>Quam</strong></span> <span class='ocrx_word' id='word_1_314' title='bbox 1760 2594 2169 2671; x_wconf 68' lang='lat' dir='ltr'><strong>desperatione...</strong></span> <span class='ocrx_word' id='word_1_315' title='bbox 2186 2610 2283 2650; x_wconf 83' lang='lat' dir='ltr'><strong>aut</strong></span> <span class='ocrx_word' id='word_1_316' title='bbox 2295 2599 2403 2672; x_wconf 59' lang='lat' dir='ltr'><strong>dess-</strong></span> 
     </span>
     <span class='ocr_line' id='line_1_58' title="bbox 1372 2669 2398 2748; baseline 0.008 -26"><span class='ocrx_word' id='word_1_317' title='bbox 1372 2669 1607 2744; x_wconf 78' lang='lat' dir='ltr'><strong>fidentia</strong></span> <span class='ocrx_word' id='word_1_318' title='bbox 1624 2673 1921 2744; x_wconf 75' lang='lat' dir='ltr'><strong>copiarum,</strong></span> <span class='ocrx_word' id='word_1_319' title='bbox 1947 2684 2047 2724; x_wconf 87' lang='lat' dir='ltr'><strong>etc.</strong></span> <span class='ocrx_word' id='word_1_320' title='bbox 2077 2674 2247 2726; x_wconf 87' lang='lat' dir='ltr'><strong>Tacit.</strong></span> <span class='ocrx_word' id='word_1_321' title='bbox 2274 2695 2398 2748; x_wconf 88' lang='lat' dir='ltr'><strong>cap.</strong></span> 
     </span>
     <span class='ocr_line' id='line_1_59' title="bbox 1387 2751 2398 2820; baseline 0.013 -22"><span class='ocrx_word' id='word_1_322' title='bbox 1387 2751 1485 2819; x_wconf 69' lang='grc'><strong>44,</strong></span> <span class='ocrx_word' id='word_1_323' title='bbox 1520 2753 1907 2805; x_wconf 68' lang='lat' dir='ltr'><strong>..Praetor-ianus</strong></span> <span class='ocrx_word' id='word_1_324' title='bbox 1936 2752 2118 2820; x_wconf 85' lang='lat' dir='ltr'><strong>miles,</strong></span> <span class='ocrx_word' id='word_1_325' title='bbox 2152 2773 2263 2808; x_wconf 88' lang='lat' dir='ltr'><strong>nou</strong></span> <span class='ocrx_word' id='word_1_326' title='bbox 2291 2760 2398 2810; x_wconf 83' lang='lat' dir='ltr'><strong>vir-</strong></span> 
     </span>
     <span class='ocr_line' id='line_1_60' title="bbox 1389 2831 2397 2909; baseline 0.007 -25"><span class='ocrx_word' id='word_1_327' title='bbox 1389 2844 1502 2884; x_wconf 85' lang='lat' dir='ltr'><strong>tute</strong></span> <span class='ocrx_word' id='word_1_328' title='bbox 1545 2851 1599 2885; x_wconf 88' lang='lat' dir='ltr'><strong>se</strong></span> <span class='ocrx_word' id='word_1_329' title='bbox 1616 2869 1633 2899; x_wconf 88' lang='lat'><strong>,</strong></span> <span class='ocrx_word' id='word_1_330' title='bbox 1680 2831 1774 2884; x_wconf 84' lang='lat' dir='ltr'><strong>sed</strong></span> <span class='ocrx_word' id='word_1_331' title='bbox 1817 2832 2124 2904; x_wconf 86' lang='lat' dir='ltr'><strong>proditione</strong></span> <span class='ocrx_word' id='word_1_332' title='bbox 2162 2839 2362 2890; x_wconf 78' lang='lat' dir='ltr'><strong>victum</strong></span> <span class='ocrx_word' id='word_1_333' title='bbox 2378 2880 2397 2909; x_wconf 87' lang='lat'><strong>.,</strong></span> 
     </span>
     <span class='ocr_line' id='line_1_61' title="bbox 1386 2912 2397 2987; baseline 0.01 -24"><span class='ocrx_word' id='word_1_334' title='bbox 1386 2912 1662 2965; x_wconf 86' lang='lat' dir='ltr'><strong>fremebat.</strong></span> <span class='ocrx_word' id='word_1_335' title='bbox 1679 2914 1761 2966; x_wconf 87' lang='lat' dir='ltr'><strong>Ne</strong></span> <span class='ocrx_word' id='word_1_336' title='bbox 1775 2912 2069 2967; x_wconf 80' lang='lat' dir='ltr'><strong>Vitellianis</strong></span> <span class='ocrx_word' id='word_1_337' title='bbox 2085 2917 2301 2987; x_wconf 86' lang='lat' dir='ltr'><strong>quidem</strong></span> <span class='ocrx_word' id='word_1_338' title='bbox 2315 2920 2397 2973; x_wconf 91' lang='lat' dir='ltr'><strong>iu-</strong></span> 
     </span>
     <span class='ocr_line' id='line_1_62' title="bbox 1389 2993 2395 3070; baseline 0.009 -26"><span class='ocrx_word' id='word_1_339' title='bbox 1389 3007 1665 3045; x_wconf 85' lang='lat' dir='ltr'><strong>cruentam</strong></span> <span class='ocrx_word' id='word_1_340' title='bbox 1702 2993 1867 3046; x_wconf 83' lang='lat' dir='ltr'><strong>fuisse</strong></span> <span class='ocrx_word' id='word_1_341' title='bbox 1898 2997 2205 3064; x_wconf 75' lang='lat' dir='ltr'><strong>victoriam,</strong></span> <span class='ocrx_word' id='word_1_342' title='bbox 2241 3000 2395 3070; x_wconf 83' lang='lat' dir='ltr'><strong>pulso</strong></span> 
     </span>
     <span class='ocr_line' id='line_1_63' title="bbox 1389 3071 2398 3152; baseline 0.01 -29"><span class='ocrx_word' id='word_1_343' title='bbox 1389 3073 1595 3143; x_wconf 88' lang='lat' dir='ltr'><strong>equite,</strong></span> <span class='ocrx_word' id='word_1_344' title='bbox 1612 3085 1765 3148; x_wconf 83' lang='lat' dir='ltr'><strong>rapta</strong></span> <span class='ocrx_word' id='word_1_345' title='bbox 1778 3071 2003 3144; x_wconf 80' lang='lat' dir='ltr'><strong>legionis</strong></span> <span class='ocrx_word' id='word_1_346' title='bbox 2019 3075 2221 3148; x_wconf 60' lang='lat' dir='ltr'><strong>aquilin</strong></span> <span class='ocrx_word' id='word_1_347' title='bbox 2244 3096 2398 3152; x_wconf 86' lang='lat' dir='ltr'><strong>supe-</strong></span> 
     </span>
     <span class='ocr_line' id='line_1_64' title="bbox 1385 3153 2395 3224; baseline 0.01 -21"><span class='ocrx_word' id='word_1_348' title='bbox 1385 3169 1531 3204; x_wconf 86' lang='lat' dir='ltr'><strong>resse</strong></span> <span class='ocrx_word' id='word_1_349' title='bbox 1564 3171 1687 3205; x_wconf 87' lang='lat' dir='ltr'><strong>cum</strong></span> <span class='ocrx_word' id='word_1_350' title='bbox 1724 3154 1841 3224; x_wconf 76' lang='lat' dir='ltr'><strong>ipso</strong></span> <span class='ocrx_word' id='word_1_351' title='bbox 1878 3153 2128 3222; x_wconf 85' lang='lat' dir='ltr'><strong>Othone,</strong></span> <span class='ocrx_word' id='word_1_352' title='bbox 2166 3156 2395 3213; x_wconf 87' lang='lat' dir='ltr'><strong>militum</strong></span> 
     </span>
     <span class='ocr_line' id='line_1_65' title="bbox 1388 3229 2395 3300; baseline 0.01 -20"><span class='ocrx_word' id='word_1_353' title='bbox 1388 3229 1536 3300; x_wconf 83' lang='lat' dir='ltr'><strong>quod</strong></span> <span class='ocrx_word' id='word_1_354' title='bbox 1573 3243 1714 3282; x_wconf 80' lang='lat' dir='ltr'><strong>trans</strong></span> <span class='ocrx_word' id='word_1_355' title='bbox 1742 3229 1941 3282; x_wconf 85' lang='lat' dir='ltr'><strong>Padurn</strong></span> <span class='ocrx_word' id='word_1_356' title='bbox 1976 3233 2168 3297; x_wconf 86' lang='lat' dir='ltr'><strong>fuerit;</strong></span> <span class='ocrx_word' id='word_1_357' title='bbox 2213 3241 2395 3291; x_wconf 84' lang='lat' dir='ltr'><strong>venire</strong></span> 
     </span>
     <span class='ocr_line' id='line_1_66' title="bbox 1385 3309 2396 3382; baseline 0.008 -22"><span class='ocrx_word' id='word_1_358' title='bbox 1385 3309 1633 3362; x_wconf 79' lang='lat' dir='ltr'><strong>Moesicas</strong></span> <span class='ocrx_word' id='word_1_359' title='bbox 1670 3310 1934 3379; x_wconf 78' lang='lat' dir='ltr'><strong>legiones;</strong></span> <span class='ocrx_word' id='word_1_360' title='bbox 1967 3329 2212 3382; x_wconf 77' lang='lat' dir='ltr'><strong>magnam</strong></span> <span class='ocrx_word' id='word_1_361' title='bbox 2248 3333 2396 3368; x_wconf 79' lang='lat' dir='ltr'><strong>exer-</strong></span> 
     </span>
     <span class='ocr_line' id='line_1_67' title="bbox 1387 3387 2397 3459; baseline 0.007 -21"><span class='ocrx_word' id='word_1_362' title='bbox 1387 3388 1523 3440; x_wconf 84' lang='lat' dir='ltr'><strong>citus</strong></span> <span class='ocrx_word' id='word_1_363' title='bbox 1548 3400 1757 3459; x_wconf 85' lang='lat' dir='ltr'><strong>partem</strong></span> <span class='ocrx_word' id='word_1_364' title='bbox 1790 3387 2023 3439; x_wconf 84' lang='lat' dir='ltr'><strong>Bedriaci</strong></span> <span class='ocrx_word' id='word_1_365' title='bbox 2048 3394 2397 3457; x_wconf 85' lang='lat' dir='ltr'><strong>remansisse;</strong></span> 
     </span>
    </p>
   </div>
   <div class='ocr_carea' id='block_1_8' title="bbox 1384 3464 2493 3536">
    <p class='ocr_par' dir='ltr' id='par_1_11' title="bbox 1384 3464 2493 3536">
     <span class='ocr_line' id='line_1_68' title="bbox 1384 3464 2493 3536; baseline 0.007 -19"><span class='ocrx_word' id='word_1_366' title='bbox 1384 3464 1487 3519; x_wconf 88' lang='lat' dir='ltr'><strong>hos</strong></span> <span class='ocrx_word' id='word_1_367' title='bbox 1509 3480 1651 3519; x_wconf 89' lang='lat' dir='ltr'><strong>certe</strong></span> <span class='ocrx_word' id='word_1_368' title='bbox 1670 3465 1908 3518; x_wconf 88' lang='lat' dir='ltr'><strong>nondum</strong></span> <span class='ocrx_word' id='word_1_369' title='bbox 1926 3469 2124 3530; x_wconf 81' lang='lat' dir='ltr'><strong>victos;</strong></span> <span class='ocrx_word' id='word_1_370' title='bbox 2148 3483 2199 3521; x_wconf 90' lang='lat' dir='ltr'><strong>et</strong></span> <span class='ocrx_word' id='word_1_371' title='bbox 2214 3508 2231 3536; x_wconf 89' lang='lat'><strong>,</strong></span> <span class='ocrx_word' id='word_1_372' title='bbox 2254 3474 2298 3524; x_wconf 83' lang='lat' dir='ltr'><strong>si</strong></span> <span class='ocrx_word' id='word_1_373' title='bbox 2320 3473 2397 3524; x_wconf 82' lang='lat' dir='ltr'><strong>ita</strong></span> <span class='ocrx_word' id='word_1_374' title='bbox 2488 3485 2493 3492; x_wconf 82' lang='lat'>&#39;</span> 
     </span>
    </p>
   </div>
   <div class='ocr_carea' id='block_1_9' title="bbox 1385 3544 2397 4238">
    <p class='ocr_par' dir='ltr' id='par_1_12' title="bbox 1385 3544 2397 4238">
     <span class='ocr_line' id='line_1_69' title="bbox 1387 3544 2388 3618; baseline 0.001 -20"><span class='ocrx_word' id='word_1_375' title='bbox 1387 3547 1568 3613; x_wconf 75' lang='lat' dir='ltr'><strong>ferret,</strong></span> <span class='ocrx_word' id='word_1_376' title='bbox 1586 3545 1860 3597; x_wconf 84' lang='lat' dir='ltr'><strong>honestius</strong></span> <span class='ocrx_word' id='word_1_377' title='bbox 1874 3544 1929 3596; x_wconf 89' lang='lat' dir='ltr'><strong>in</strong></span> <span class='ocrx_word' id='word_1_378' title='bbox 1947 3547 2059 3597; x_wconf 85' lang='lat' dir='ltr'><strong>acie</strong></span> <span class='ocrx_word' id='word_1_379' title='bbox 2074 3551 2388 3618; x_wconf 71' lang='lat' dir='ltr'><strong>perituros.»</strong></span> 
     </span>
     <span class='ocr_line' id='line_1_70' title="bbox 1387 3623 2394 3697; baseline 0.006 -23"><span class='ocrx_word' id='word_1_380' title='bbox 1387 3623 1455 3675; x_wconf 84' lang='lat' dir='ltr'><strong>Et</strong></span> <span class='ocrx_word' id='word_1_381' title='bbox 1486 3624 1587 3690; x_wconf 74' lang='lat'><strong>46,</strong></span> <span class='ocrx_word' id='word_1_382' title='bbox 1632 3645 1653 3668; x_wconf 73' lang='grc' dir='ltr'><strong><em>α</em></strong></span> <span class='ocrx_word' id='word_1_383' title='bbox 1674 3624 1793 3673; x_wconf 76' lang='lat' dir='ltr'><strong>Nec</strong></span> <span class='ocrx_word' id='word_1_384' title='bbox 1822 3624 2123 3674; x_wconf 71' lang='lat' dir='ltr'><strong>praetoriani</strong></span> <span class='ocrx_word' id='word_1_385' title='bbox 2158 3637 2394 3697; x_wconf 84' lang='lat' dir='ltr'><strong>tantum,</strong></span> 
     </span>
     <span class='ocr_line' id='line_1_71' title="bbox 1387 3699 2392 3777; baseline -0.002 -25"><span class='ocrx_word' id='word_1_386' title='bbox 1387 3703 1640 3774; x_wconf 84' lang='lat' dir='ltr'><strong>proprius</strong></span> <span class='ocrx_word' id='word_1_387' title='bbox 1664 3699 1892 3753; x_wconf 87' lang='lat' dir='ltr'><strong>Othonis</strong></span> <span class='ocrx_word' id='word_1_388' title='bbox 1918 3701 2100 3771; x_wconf 79' lang='lat' dir='ltr'><strong>miles,</strong></span> <span class='ocrx_word' id='word_1_389' title='bbox 2130 3704 2221 3756; x_wconf 87' lang='lat' dir='ltr'><strong>sed</strong></span> <span class='ocrx_word' id='word_1_390' title='bbox 2255 3725 2392 3777; x_wconf 56' lang='grc' dir='ltr'><strong>Ρη-</strong></span> 
     </span>
     <span class='ocr_line' id='line_1_72' title="bbox 1388 3779 2397 3845; baseline 0.007 -14"><span class='ocrx_word' id='word_1_391' title='bbox 1388 3781 1536 3833; x_wconf 82' lang='lat' dir='ltr'><strong>missi</strong></span> <span class='ocrx_word' id='word_1_392' title='bbox 1569 3799 1598 3832; x_wconf 89' lang='lat' dir='ltr'><strong>e</strong></span> <span class='ocrx_word' id='word_1_393' title='bbox 1634 3781 1854 3845; x_wconf 79' lang='lat' dir='ltr'><strong>Moesia,</strong></span> <span class='ocrx_word' id='word_1_394' title='bbox 1892 3779 2129 3832; x_wconf 81' lang='lat' dir='ltr'><strong>eamdem</strong></span> <span class='ocrx_word' id='word_1_395' title='bbox 2160 3783 2397 3838; x_wconf 85' lang='lat' dir='ltr'><strong>obstina-</strong></span> 
     </span>
     <span class='ocr_line' id='line_1_73' title="bbox 1387 3859 2395 3924; baseline -0.002 -12"><span class='ocrx_word' id='word_1_396' title='bbox 1387 3862 1587 3912; x_wconf 87' lang='lat' dir='ltr'><strong>tionem</strong></span> <span class='ocrx_word' id='word_1_397' title='bbox 1626 3859 1959 3912; x_wconf 82' lang='lat' dir='ltr'><strong>udventantis</strong></span> <span class='ocrx_word' id='word_1_398' title='bbox 1992 3864 2277 3924; x_wconf 79' lang='lat' dir='ltr'><strong>exercitus,</strong></span> <span class='ocrx_word' id='word_1_399' title='bbox 2310 3865 2395 3918; x_wconf 82' lang='lat' dir='ltr'><strong>le-</strong></span> 
     </span>
     <span class='ocr_line' id='line_1_74' title="bbox 1385 3937 2397 4012; baseline -0.001 -22"><span class='ocrx_word' id='word_1_400' title='bbox 1385 3940 1570 4012; x_wconf 71' lang='lat' dir='ltr'><strong>giones</strong></span> <span class='ocrx_word' id='word_1_401' title='bbox 1601 3937 1899 4009; x_wconf 80' lang='lat' dir='ltr'><strong>Aquileiam</strong></span> <span class='ocrx_word' id='word_1_402' title='bbox 1930 3940 2218 4008; x_wconf 76' lang='lat' dir='ltr'><strong>ingressas,</strong></span> <span class='ocrx_word' id='word_1_403' title='bbox 2255 3961 2397 3996; x_wconf 81' lang='lat' dir='ltr'><strong>nun-</strong></span> 
     </span>
     <span class='ocr_line' id='line_1_75' title="bbox 1387 4021 2396 4098; baseline 0.008 -22"><span class='ocrx_word' id='word_1_404' title='bbox 1387 4023 1625 4076; x_wconf 86' lang='lat' dir='ltr'><strong>ciabant=</strong></span> <span class='ocrx_word' id='word_1_405' title='bbox 1648 4038 1707 4076; x_wconf 90' lang='lat' dir='ltr'><strong>ut</strong></span> <span class='ocrx_word' id='word_1_406' title='bbox 1727 4041 1880 4076; x_wconf 84' lang='lat' dir='ltr'><strong>nemo</strong></span> <span class='ocrx_word' id='word_1_407' title='bbox 1900 4021 2132 4090; x_wconf 88' lang='lat' dir='ltr'><strong>dubitet,</strong></span> <span class='ocrx_word' id='word_1_408' title='bbox 2155 4031 2396 4098; x_wconf 83' lang='lat' dir='ltr'><strong>potuisse</strong></span> 
     </span>
     <span class='ocr_line' id='line_1_76' title="bbox 1385 4101 2394 4179; baseline 0 -24"><span class='ocrx_word' id='word_1_409' title='bbox 1385 4102 1633 4155; x_wconf 82' lang='lat' dir='ltr'><strong>renovari</strong></span> <span class='ocrx_word' id='word_1_410' title='bbox 1674 4101 1875 4154; x_wconf 87' lang='lat' dir='ltr'><strong>bellum</strong></span> <span class='ocrx_word' id='word_1_411' title='bbox 1912 4116 2093 4167; x_wconf 84' lang='lat' dir='ltr'><strong>atrox,</strong></span> <span class='ocrx_word' id='word_1_412' title='bbox 2136 4103 2394 4179; x_wconf 69' lang='lat' dir='ltr'><strong>lugubre,</strong></span> 
     </span>
     <span class='ocr_line' id='line_1_77' title="bbox 1389 4181 2285 4238; baseline 0.003 -4"><span class='ocrx_word' id='word_1_413' title='bbox 1389 4185 1649 4235; x_wconf 85' lang='lat' dir='ltr'><strong>incertum</strong></span> <span class='ocrx_word' id='word_1_414' title='bbox 1677 4183 1828 4234; x_wconf 81' lang='lat' dir='ltr'><strong>victis</strong></span> <span class='ocrx_word' id='word_1_415' title='bbox 1856 4195 1909 4234; x_wconf 87' lang='lat' dir='ltr'><strong>et</strong></span> <span class='ocrx_word' id='word_1_416' title='bbox 1938 4181 2285 4238; x_wconf 74' lang='lat' dir='ltr'><strong>victoribus.»</strong></span> 
     </span>
    </p>
   </div>
   <div class='ocr_carea' id='block_1_10' title="bbox 2008 4291 2107 4356">
    <p class='ocr_par' dir='ltr' id='par_1_13' title="bbox 2008 4291 2107 4356">
     <span class='ocr_line' id='line_1_78' title="bbox 2008 4291 2107 4356; baseline 0 -21"><span class='ocrx_word' id='word_1_417' title='bbox 2008 4291 2107 4356; x_wconf 84' lang='lat'><strong>¹9·</strong></span> 
     </span>
    </p>
   </div>
  </div>
 </body>
</html>
