3050 5004
673 522 805 606 406
1415 520 1489 584 c.
1543 516 2009 584 snE‘roNn

671 653 979 745 simoque
1012 644 1293 715 oonsilio
1311 697 1329 728 ,
1373 624 1824 739 inspiceretur
1859 646 2356 736 nonagenarius
2393 668 2603 714 senex
2622 698 2642 729 ,
2683 670 2772 715 an

669 762 1152 826 circumsectus
1178 771 1375 823 esset.
1398 756 1499 822 Ab
1515 752 1802 849 juventa
1823 758 2102 822 minime
2121 754 2336 823 civilis
2351 758 2596 839 animi,
2619 780 2776 825 oon·

670 869 885 938 fidens
932 873 1134 938 etiam
1154 921 1171 951 ,
1224 884 1293 935 et
1331 892 1548 963 quum
1591 867 1816 937 verbis
1837 919 1854 951 ,
1905 884 2066 934 tum·
2094 865 2297 935 rebus
2342 866 2769 937 immodicus.

669 983 991 1066 CaenidiG,
1025 984 1235 1076 patris
1265 979 1696 1065 concubinae,
1731 1006 1814 1049 ex
1844 983 2038 1049 {stria
2070 1004 2360 1049 reversae
2380 1033 2397 1065 ,
2430 980 2776 1051 osculum-

669 1116 833 1188 que,
873 1109 951 1161 ut
989 1109 1326 1175 assuerat,
1374 1091 1686 1159 offerenti
1703 1144 1720 1174 ‚
1757 1115 2038 1159 manum
2074 1090 2383 1185 praebuit.
2429 1095 2776 1163 Generum

670 1202 893 1269 fratris
908 1212 958 1284 ⁷,
996 1200 1273 1293 indigne
1312 1201 1573 1284 ferens,
1609 1199 1870 1268 albatos
1909 1217 1978 1269 et
2011 1204 2240 1293 ipsum
2273 1204 2620 1271 ministros
2661 1202 2775 1271 ha-

668 1308 829 1378 bere
848 1363 866 1394 ,
895 1311 1369 1404 proclamavit:
1398 1328 1507 1383 οὐκ
1533 1326 1732 1403 ἀγαθὸν
1757 1328 2146 1405 πολυκοιρανίη.

762 1444 944 1510 xm.
998 1444 1458 1535 principatum
1487 1465 1651 1510 vero
1683 1439 2005 1534 adeptuS,
2039 1465 2262 1538 neque
2299 1444 2370 1509 in
2397 1446 2646 1512 Senatu
2671 1440 2776 1536 ja-

668 1568 851 1621 ctare
880 1551 1242 1634 dubitavit,
1288 1584 1315 1615 a
1339 1569 1421 1621 et-
1438 1556 1616 1647 patri
1650 1577 1724 1622 se
1756 1570 1824 1621 et
1853 1554 2042 1622 fratri
2073 1557 2436 1648 imperium
2464 1552 2770 1637 dedisse3

668 1662 821 1732 illos
866 1661 1443 1733 sibi‘reddidisse:
1474 1697 1501 1727 »ι
1553 1688 1775 1761 neque
1820 1667 1890 1733 in
1934 1663 2318 1733 reducenda
2356 1682 2512 1758 post
2551 1664 2778 1734 divor-

668 1776 838 1841 tium
865 1799 1075 1843 uxore
1104 1773 1399 1859 edicere,
1439 1807 1466 1838 a
1488 1792 1800 1845 vocatam
1828 1800 1978 1845 eam
2007 1780 2076 1843 in
2101 1776 2418 1869 pulvinar
2447 1786 2708 1844 suum¹.
2735 1808 2766 1837 ι

670 1882 1039 1951 Acclamari
1069 1888 1273 1953 etiam
1298 1887 1369 1952 in
1400 1884 1914 1979 Amphitheatro
1943 1884 2126 1979 epuli
2159 1883 2268 1953 die
2285 1895 2308 1923 ²
2341 1885 2630 1955 libenter
2653 1911 2778 1955 au-

669 1992 829 2061 diit·:
862 2025 913 2058 ,κ
938 1998 1227 2061 Domino
1264 2010 1334 2063 et
1371 2000 1678 2066 Dominae
1713 1996 2018 2066 feliciter.
2049 1980 2254 2067 {Sed
2291 2015 2359 2066 et
2393 1998 2776 2092 Capitolino

670 2106 1079 2172 certamine-⁹·
1110 2122 1393 2175 cunctos
1428 2110 1686 2199 ingenti
1715 2132 2050 2176 consensu
2088 2124 2473 2201 precanteS,
2513 2124 2592 2178 ut
2625 2108 2779 2177 Pal-

666 2214 922 2283 furium
953 2218 1193 2284 Suram
1223 2220 1636 2302 restitueret,
1673 2218 1950 2313 pulsum
1987 2220 2149 2287 olim
2186 2224 2464 2303 Senatu,
2499 2244 2578 2288 ac
2610 2237 2776 2289 tunc

669 2321 755 2391 de
793 2324 1175 2397 oratoribus
1218 2346 1646 2413 coronatum,
1687 2329 1879 2398 nullo
1919 2354 2248 2423 responso
2285 2331 2634 2423 dignatuS,
2679 2344 2776 2397 ta-

670 2462 800 2505 oere
828 2438 1303 2509 tantummodo
1324 2438 1562 2535 jussit,
1599 2464 1760 2510 voce
1792 2442 2144 2535 praeconia.
2178 2443 2770 2534 Pari-arrogantia,

670 2576 885 2646 quum
921 2570 1441 2646 procuratorum
1478 2577 1760 2623 suorum
1796 2557 2070 2622 nomine
2101 2552 2454 2622 formalem
2489 2552 2776 2622 dictaret

740 2791 794 2844 6.
836 2783 1033 2844 Caenidi
1043 2830 1063 2859 ,
1090 2807 1192 2846 etc.
1212 2791 1348 2847 Vide
1364 2792 1434 2845 ad
1452 2795 1674 2866 Vespas.
1767 2792 1818 2858 4.
1840 2821 1914 2836 --
1937 2793 2020 2845 De
2043 2793 2269 2845 Domini
2296 2790 2658 2865 appellatione
2691 2791 2772 2844 di-

669 2869 735 2934 3;
759 2869 959 2942 xiphil.
980 2872 1167 2940 LXVI,
1196 2873 1276 2940 14.

744 2966 793 3019 7.
854 2952 1113 3003 Generum
1155 2951 1344 3023 fratris
1360 2975 1381 3015 ,-
1438 2951 1678 3004 Flavium

668 3025 941 3081 Sabinum.
984 3027 1142 3080 Conf.
1180 3028 1251 3081 ad
1299 3049 1423 3103 cap.
1475 3047 1558 3084 ιο.
1597 3033 1678 3083 De

668 3107 855 3160 albatis
880 3109 1247 3162 ministrorum
1272 3111 1568 3164 aulicorum
1595 3129 1680 3162 ve·

669 3186 853 3254 stibus,
888 3185 1011 3240 vide
1044 3187 1264 3242 Salmas.
1306 3189 1376 3243 ad
1408 3189 1672 3264 Lamprid.

671 3266 843 3322 Smer.
868 3265 957 3339 67.

738 3348 875 3402 xm.
908 3363 954 3401 1.
989 3350 1059 3402 In
1077 3348 1331 3420 pulvinar
1345 3368 1513 3403 suum.
1545 3347 1678 3403 Pul-

669 3431 826 3482 νίκαι-
848 3441 962 3482 erat
988 3429 1239 3483 Deorum.
1264 3429 1397 3483 Vide
1424 3431 1556 3483 Coes.
1588 3431 1676 3501 76.
1692 3485 1704 3497 ,

668 3505 833 3576 Quod
853 3521 1029 3560 autem
1055 3527 1155 3580 pro
1180 3521 1415 3562 vocatam
1442 3507 1596 3562 multi
1615 3529 1680 3562 ex

672 3589 912 3643 salmasii
936 3593 1241 3661 conjectura
1264 3605 1586 3664 receperunt
1603 3611 1682 3645 re-

672 3681 942 3738 vocatam,
978 3669 1036 3723 id
1064 3669 1214 3724 nullo
1248 3670 1413 3724 modo'
1440 3673 1680 3744 proban·

673 3749 819 3804 dum.
840 3753 966 3804 Non
984 3753 1123 3805 enim
1142 3751 1476 3806 referendum
1502 3765 1580 3804 est
1599 3751 1679 3804 di-

672 3844 816 3884 ctum
838 3831 1127 3885 Domitiani
1148 3830 1218 3883 ad
1243 3833 1576 3884 occasionem
1598 3849 1680 3883 re·

672 3912 839 3964 dueta
862 3911 1066 3975 uxoris,
1092 3908 1186 3962 ubi
1208 3908 1341 3961 inud
1366 3908 1556 3973 edidit,
1583 3909 1678 3961 sed

674 3991 828 4042 unice
891 3986 1281 4042 consideranda
1338 3989 1642 4058 arrogantia
1661 4025 1678 4052 ‚

674 4086 791 4140 qua
826 4083 905 4122 est
936 4072 991 4121 in
1019 4067 1284 4121 vocabulo
1308 4066 1580 4142 pulvinar,
1610 4063 1678 4118 de

672 4147 813 4199 ieoto
842 4167 941 4201 suo
970 4163 1248 4220 usurpato.

750 4245 797 4280 2.
836 4227 1001 4300 Epuh‘
1024 4229 1139 4288 die,-
1167 4228 1233 4280 de
1262 4245 1369 4298 quo
1394 4225 1510 4279 vide
1537 4225 1604 4278 ad
1629 4245 1675 4277 c.

1765 2877 1938 2929 ximus
1971 2873 2039 2926 ad
2069 2876 2293 2946 August.
2333 2894 2452 2947 cap.
2492 2875 2580 2929 53.
2619 2875 2772 2928 Plura

1767 2953 1834 3008 de
1861 2972 1963 3007 usu
1997 2955 2270 3006 nominum
2303 2955 2523 3009 Domini
2551 2969 2605 3008 et
2639 2955 2769 3022 Dei,

1769 3053 1800 3086 a
1852 3035 2156 3086 Domitiano
2205 3035 2438 3106 primum
2492 3047 2772 3108 arrogante,

1769 3132 1935 3185 quum
1955 3113 2318 3186 superioribus
2332 3114 2664 3184 Principibus
2677 3131 2772 3185 per

1765 3191 2124 3245 adulationem
2181 3206 2388 3246 tantum
2441 3192 2648 3260 indita,
2707 3192 2772 3244 ab

1763 3271 1894 3343 ipsis
1937 3283 2182 3324 recusata
2221 3269 2314 3323 illa
2359 3271 2587 3324 fuissent
2609 3308 2627 3337 ,
2677 3287 2775 3322 au-

1765 3353 1966 3403 notavit
1993 3353 2269 3404 Reimarus
2305 3349 2374 3403 ad
2407 3346 2776 3421 xiphilinun,

1765 3429 1983 3495 LXVII,
2015 3429 2095 3482 13.

1840 3507 1890 3560 3.
1932 3508 2232 3581 Capitolino
2267 3508 2570 3559 certamine.
2601 3503 2773 3558 Intell.

1767 3587 2163 3662 quinquennale
2183 3627 2202 3654 ‚
2259 3585 2408 3660 quod
2461 3588 2776 3639 memoravit

1768 3687 1886 3740 cap.
1909 3668 1970 3734 4.,
1993 3666 2296 3738 Cepitolino
2317 3669 2434 3719 Jovi
2453 3668 2773 3719 institutum.

1767 3747 1829 3800 ld
1859 3745 1983 3798 inde
2015 3747 2173 3800 etiam
2201 3757 2379 3817 patet,
2415 3742 2566 3815 quod
2599 3743 2776 3797 Palfu-

1767 3829 1877 3880 rius
1897 3840 2185 3879 coronatus
2203 3825 2398 3878 dicitur
2415 3827 2478 3878 de
2491 3825 2778 3878 oratoribus

1767 3907 1820 3960 h.
1857 3927 1902 3960 e.
1937 3925 2000 3959 ex
2033 3907 2320 3959 oratoribus
2342 3907 2450 3958 sive
2477 3915 2536 3956 ut
2555 3923 2691 3958 unus
2715 3905 2776 3956 de

1766 3986 2070 4051 emtoribus,
2093 3984 2410 4057 quibuscum
2423 3984 2682 4037 certabat.
2697 3983 2774 4035 De

1765 4063 2017 4137 Palfurio
2051 4061 2174 4114 vide
2205 4061 2386 4116 Schol.
2425 4061 2496 4116 ad
2531 4060 2772 4115 Juvenal.

1767 4143 1872 4196 Sat.
1910 4146 1999 4210 lv,
2036 4143 2135 4204 53;
2173 4141 2399 4214 interpr.
2437 4141 2508 4194 ad
2539 4139 2772 4195 Martini.

1767 4225 1944 4296 Epissr.
1967 4227 2065 4291 VI,
2095 4223 2194 4293 44,
2225 4223 2306 4277 13.
