3050 5004
1052 491 1563 560 CLAUDIUS.
2229 492 2352 579 ¹37

264 629 495 695 minaci
538 639 611 692 et
661 624 1047 691 contumaci
1096 620 1383 714 epistola
1432 618 1673 688 cedere
1719 621 2002 711 imperio
2041 615 2318 711 juberet
2339 670 2356 698 ‚

264 739 593 829 vitamque
616 735 905 802 otiosam
920 734 995 799 in
1014 734 1281 825 privata
1300 754 1375 797 re
1403 752 1638 821 agere3
1662 728 2020 814 dubitavit,
2045 728 2358 798 adhibitis

260 846 679 941 principibus
700 848 867 915 viris
882 896 901 927 ,
922 868 1015 912 an
1038 842 1557 936 obtemperaret.
1711 931 1720 948 ι

344 964 645 1028 XXXVI.
698 956 1043 1045 Quasdam
1079 954 1353 1025 insidias
1390 971 1646 1023 temere
1684 953 1940 1023 delatas
1967 952 2138 1021 adeo
2169 976 2360 1047 expa-

260 1074 347 1139 vit
360 1122 381 1151 ‚
409 1086 489 1140 ut
509 1068 855 1163 deponere
877 1070 1241 1161 imperium
1268 1068 1648 1135 tentaverit.
1676 1065 1986 1155 Quodam
2001 1118 2020 1149 ‚
2047 1081 2128 1133 ut
2153 1090 2358 1159 supra

260 1181 485 1265 retuli,
520 1206 677 1251 cum
708 1182 893 1251 ferro
920 1184 1099 1249 circa
1126 1180 1617 1251 sacrificantem
1653 1204 1728 1249 se
1763 1180 2187 1274 deprehenso
2207 1232 2226 1264 ,
2255 1185 2359 1251 Se·

259 1310 493 1361 natum
524 1316 651 1387 per
671 1314 1023 1386 praecones
1050 1316 1343 1386 propere
1369 1295 1766 1385 convocayit
1781 1344 1798 1374 ‚
1836 1292 2263 1386 lacrimisque
2290 1308 2358 1359 et

258 1394 733 1473 vociferatione
758 1406 1117 1473 miseratus
1150 1420 1255 1473 est
1290 1404 1746 1473 conditionem
1773 1426 1966 1471 suam
1984 1456 2003 1487 ‚
2041 1406 2151 1471 cui
2190 1401 2360 1470 nihil

262 1516 381 1583 tuti
419 1537 715 1610 usquam
750 1531 963 1599 esset3
1006 1536 1087 1583 ac
1124 1512 1245 1581 diu
1284 1513 1561 1609 publico
1587 1514 1930 1582 abstinuit.
1974 1512 2359 1581 Messalinoe
2437 1500 2448 1507 ’

258 1648 531 1719 quoqne
564 1648 873 1693 amorem
910 1624 1511 1717 flagrantissimum
1530 1677 1549 1708 ,
1590 1648 1734 1693 non
1775 1640 1918 1691 tem
1963 1621 2360 1715 indignitate

258 1736 817 1805 contumeliarum
841 1788 860 1819 ‚
913 1761 1120 1832 quam
1171 1736 1451 1829 periculi
1494 1746 1714 1805 metu·
1741 1787 1758 1818 ,
1811 1732 2055 1829 abjecit
2071 1788 2088 1818 ‚
2147 1758 2360 1829 quum

256 1846 565 1916 adultero
586 1846 743 1917 Silio
766 1850 1021 1942 acquiri
1045 1851 1405 1941 imperium
1429 1846 1858 1915 credidisset:
1891 1870 2026 1942 quo
2054 1862 2359 1939 tempore

256 1956 513 2027 fundum
538 1960 609 2025 in
634 1956 916 2027 modum
944 1956 1252 2052 trepidus
1280 1956 1368 2027 ad
1402 1974 1621 2026 castra
1647 1958 1980 2051 confugit,
2013 1956 2184 2025 nihil
2219 1972 2358 2025 tota

256 2070 361 2137 via
376 2120 399 2151 ,
427 2092 639 2165 quam
654 2121 673 2152 ‚
702 2086 969 2138 essetne
996 2070 1124 2138 sibi
1148 2070 1413 2139 salvum
1440 2072 1801 2164 imperium
1819 2122 1838 2152 ‚
1868 2072 2262 2164 requirens.‘

342 2184 595 2249 XXXV
594 2186 681 2249 11.
732 2180 934 2248 Nulla
956 2180 1129 2250 adeo
1158 2182 1481 2275 suspicio,
1512 2181 1741 2249 nullus
1767 2197 2001 2249 auctor
2021 2197 2162 2247 tam
2189 2180 2357 2247 levis

259 2294 539 2375 exstitit,
568 2316 611 2359 a
632 2316 771 2388 quo
796 2316 965 2377 non,
1000 2294 1322 2362 mediocri
1351 2294 1670 2387 scrupulo
1703 2290 1981 2386 injecto,
2007 2291 2097 2359 ad
2123 2314 2359 2359 caven-

256 2402 419 2471 dum
452 2402 1055 2501 ulciscendumque
1091 2404 1630 2499 compelleretur.
1671 2410 1868 2473 Unus
1905 2428 1989 2471 ex
2015 2384 2360 2496 ‘litigatori-

258 2514 381 2584 bus
406 2514 689 2584 seducto
720 2519 791 2584 in
816 2516 1213 2586 salutatione
1232 2517 1596 2586 affirmavit
1611 2569 1630 2599 ‚
1652 2515 1899 2585 vidisse
1929 2539 2002 2584 se
2029 2537 2154 2608 per
2176 2516 2358 2608 quie·-

256 2645 387 2697 tem
406 2681 427 2710 ‚
456 2628 675 2697 occidi
716 2654 873 2697 eum
902 2655 943 2696 a
974 2627 1311 2725 quodam:
1346 2628 1503 2698 dein
1534 2629 1738 2722 paulo
1776 2644 1959 2721 post,
1989 2628 2182 2722 quasi
2210 2649 2357 2719 per-

256 2763 603 2808 cussorem
645 2756 1043 2833 agnosceret
1064 2792 1081 2821 ,
1128 2739 1434 2808 libellum
1474 2738 1852 2808 tradentem
1897 2735 2358 2806 adversarium

258 2873 455 2918 suum
484 2848 1002 2934 demonstravit3
1029 2851 1515 2948 confestimque
1543 2856 1600 2920 is
1630 2875 1756 2946 pro
1785 2849 2210 2943 deprehenso
2223 2858 2238 2887 ¹
2267 2848 2356 2916 ad

258 2985 525 3054 poenam
558 2977 792 3055 raptus
823 2978 943 3030 est.
981 2965 1131 3030 Pari
1157 2962 1361 3031 modo
1385 2987 1788 3057 oppressum
1811 2963 2039 3031 ferunt
2063 2961 2357 3054 Appium

259 3071 555 3142 Silanum
574 3079 633 3140 ²:
670 3096 873 3167 quem
895 3098 1111 3168 quum
1133 3073 1497 3142 Messalina
1518 3092 1587 3143 et
1613 3076 1963 3142 Narcissus
1985 3074 2360 3164 conspiras-

322 3333 565 3384 XXXVI.
602 3349 648 3384 ι.
678 3333 802 3385 Non
836 3345 963 3386 tam.
982 3373 995 3384 .
1016 3373 1030 3385 .
1048 3372 1061 3385 .
1102 3353 1263 3406 quam
1350 3337 1624 3409 praetorias
1639 3333 1913 3398 cohortes,
1929 3327 2199 3384 securitati
2213 3341 2358 3395 ante,

253 3411 478 3483 periculi
504 3423 672 3464 metu.
694 3411 855 3481 Apud
874 3413 1043 3464 Tacit.
1068 3410 1263 3465 Annal.
1354 3435 1513 3489 qnam
1561 3414 1806 3468 vindictae
1849 3409 2173 3465 consuleret.
2221 3407 2360 3460 Satis

258 3491 363 3556 xl,
398 3491 461 3544 31
478 3527 497 3556 ‚
526 3493 669 3542 inter
702 3489 805 3543 alia
832 3492 1112 3544 Narcissus
1140 3510 1263 3544 eum
1351 3507 1597 3558 constat,
1627 3511 1691 3544 eo
1715 3509 1914 3561 pavore
1937 3489 2172 3540 offusum
2199 3485 2360 3540 Clau-

256 3583 471 3622 monetz
512 3570 629 3622 «Ni
668 3587 899 3642 propere
936 3571 1079 3639 agis,
1119 3583 1267 3623 tenet
1352 3570 1532 3638 dium,
1565 3585 1626 3622 ut
1653 3567 1942 3622 identidem
1975 3568 2358 3636 interrogaret,

256 3645 453 3702 Urbem
494 3649 737 3701 maritus.
778 3650 915 3700 Tum
951 3648 1053 3718 (ita
1092 3651 1269 3720 pergit
1352 3669 1422 3701 an
1462 3652 1570 3721 ipse
1609 3647 1815 3719 imperii
1851 3658 2065 3718 potens,
2099 3665 2173 3698 an
2197 3643 2362 3698 Silius

256 3727 509 3800 scriptor)
518 3729 857 3800 potissimum
866 3745 1131 3800 quemque
1144 3731 1269 3780 ami-
1346 3731 1584 3802 privatus
1607 3738 1748 3780 esset.
1769 3751 1793 3775 ι

257 3827 439 3860 corum
465 3820 659 3870 voca13
684 3809 1023 3881 primumque
1042 3811 1123 3860 rei
1148 3810 1265 3862 ἰηι-
1422 3809 1682 3860 XXXVII.
1703 3808 1866 3859 1.Pro
1875 3805 2360 3878 deprehensonam·

256 3891 527 3942 munia
546 3889 889 3960 prefectum,
912 3889 1232 3941 Turranium
1248 3927 1267 3956 ‚
1356 3905 1515 3959 quam
1541 3886 1906 3958 deprehensus
1931 3898 1982 3936 et
2003 3901 2144 3936 reus.

256 3981 381 4038 post
412 3969 635 4021 Iasium
670 3967 861 4020 Getam
876 4004 894 4032 ,
934 3969 1265 4040 prator-ienis
1429 3984 1477 4019 2.
1502 3967 1744 4040 Appium
1765 3966 2026 4020 Silanum.
2049 3963 2183 4018 Vide
2201 3981 2250 4014 c.
2273 3980 2356 4032 29·

256 4047 600 4118 impositum,
632 4057 1029 4118 percunctatur.
1054 4045 1267 4115 Quibus
1353 4047 1650 4100 Messalinae
1677 4061 1728 4098 et
1755 4045 2018 4111 Narcissi,
2049 4062 2208 4116 quem
2242 4042 2360 4114 Ap-

258 4125 580 4194 fateutibus‚
599 4127 843 4179 certatim
866 4127 1029 4179 ceteri
1046 4127 1269 4178 circum·
1352 4127 1530 4198 pianoe
1557 4124 1712 4178 coedt's
1741 4123 2034 4178 molitorem
2068 4134 2224 4174 vocat
2249 4122 2358 4173 Ta-

260 4219 530 4279 mpium,
568 4208 674 4259 iret
708 4208 764 4260 in
802 4219 1003 4272 castra,
1040 4206 1269 4260 firmaret
1357 4207 1445 4257 cit.
1476 4203 1670 4256 Annal.
1697 4205 1802 4268 XI,
1833 4220 1934 4272 29,
1960 4201 2232 4254 machinas
2261 4199 2359 4252 de-
