3050 5004
1239 453 1518 518 NERO.
2290 454 2421 523 215

425 581 726 647 XXXIX.
777 581 1222 645 Accesserant
1243 578 1446 643 tantis
1475 596 1557 643 ex
1582 579 1889 669 Principe
1914 577 2107 645 malis
2138 580 2429 671 probris-

337 713 466 784 que
496 686 809 785 quaedam
828 704 895 755 et
917 688 1223 756 fortuita:
1251 685 1633 783 pestilentia
1652 705 1669 734 ¹
1698 691 1900 779 unius
1922 692 2263 773 autumni,
2288 715 2426 785 quo

335 802 606 891 triginta
637 798 957 867 funerum
987 796 1197 865 millia
1241 799 1311 865 in
1348 800 1677 865 rationem
1714 794 2027 865 Libitinae
2053 815 2388 868 venerunt
2404 826 2433 889 ⁴:-

333 909 555 979 clades
595 912 1016 978 Britannica²
1034 960 1051 990 ,
1113 933 1246 1004 qua
1280 907 1418 976 duo
1460 910 1802 1003 praecipua
1851 906 2101 1000 oppida
2120 960 2137 991 ,
2180 933 2428 1001 magna

331 1028 578 1093 civium
619 1020 1089 1117 sociorumque
1129 1018 1336 1104 caede,
1384 1016 1648 1114 direpta
1694 1038 1887 1090 sunt:
1931 1021 2297 1113 ignominia
2332 1020 2417 1091 ad

329 1131 746 1217 Orientem-³,
795 1132 1170 1227 legionibus
1221 1135 1290 1199 in
1341 1135 1658 1200 Armenia
1703 1132 1830 1199 sub
1869 1128 2113 1224 jugum
2163 1136 2385 1200 missis
2403 1185 2420 1214 ,

328 1268 644 1340 aegreque
673 1246 858 1338 Syria
883 1242 1164 1311 retenta.
1201 1245 1476 1325 Mirum,
1509 1259 1578 1311 et
1603 1240 1711 1309 vel
1752 1245 2093 1335 proecipue
2129 1241 2425 1309 notabile

327 1359 502 1425 inter
525 1356 675 1424 haec
701 1354 972 1437 fuerit4,
1005 1354 1174 1422 nihil
1209 1376 1366 1421 eum
1391 1356 1779 1447 patientius,
1820 1378 2027 1447 quam
2069 1352 2425 1421 maledicta

328 1483 394 1534 et
422 1467 730 1535 convicia
758 1464 1136 1547 hominum,
1171 1463 1442 1547 tulisse;
1484 1488 1709 1559 neque
1742 1466 1813 1531 in
1849 1464 2027 1531 ullos
2056 1463 2381 1544 leniorem
2402 1518 2420 1546 ,

327 1600 532 1671 quam
551 1579 670 1671 qui
694 1600 768 1644 se
791 1575 984 1643 dictis
997 1592 1116 1643 aut
1135 1574 1547 1645 carminibus
1571 1574 2029 1656 lacessissent,
2064 1576 2416 1643 exstitisse.

327 1686 544 1755 Multa
570 1692 804 1756 Groece
829 1688 1206 1782 Latineque
1227 1688 1604 1779 proscripta
1625 1738 1643 1768 ,
1674 1703 1791 1754 aut
1814 1684 2087 1776 vulgata
2119 1702 2309 1766 sunt3
2336 1688 2421 1753 si-

327 1813 440 1865 cut
467 1795 618 1866 illa:

683 1937 852 2013 Νέρων
867 1974 886 2009 ,
909 1923 1167 2013 ὁρίσας,
1187 1921 1456 2013 Α’λκμαίων
1471 1976 1490 2009 ,
1513 1936 1867 2015 (impendum.

325 2178 450 2211 uum
475 2156 803 2228 exhauserit,
833 2159 1146 2212 collationes
1179 2172 1326 2213 extra

327 2238 566 2291 ordinem
595 2252 835 2306 exactas,
875 2238 958 2291 his
999 2238 1172 2291 verbis
1213 2239 1326 2291 No-

327 2332 489 2371 strum
525 2317 726 2371 addere
759 2332 940 2391 putat,
973 2320 1323 2389 interpretans

327 2417 457 2469 que,
481 2397 632 2470 quod
645 2397 791 2450 deest
805 2400 859 2449 in
881 2398 1180 2464 nonnullis,
1189 2416 1325 2469 proe-

329 2489 490 2546 terea,
525 2494 718 2550 porro,
765 2476 996 2551 ideoque
1036 2495 1156 2530 cum
1207 2474 1328 2531 aliis

324 2570 456 2628 post,
495 2559 781 2610 maximam
841 2559 1325 2629 interpunctionem

323 2638 518 2707 pergit,
546 2633 1020 2708 collationibusque
1033 2675 1056 2704 ,
1069 2648 1170 2689 etc.
1189 2637 1328 2690 Satis

326 2715 374 2768 ei
393 2715 784 2788 responderunt
805 2713 1054 2770 Oudeud.
1084 2727 1138 2768 et
1167 2713 1330 2768 wol-

327 2795 442 2850 fius.
457 2796 667 2850 Orosius
679 2796 776 2850 Le.
790 2813 854 2850 ex
867 2797 1072 2848 incerto
1087 2807 1326 2851 anctore.

329 2876 580 2930 *Centies
601 2889 824 2929 centena
839 2872 1002 2928 millia
1021 2875 1322 2928 Sestertium

326 2971 498 3008 annua
530 2955 602 3008 ad
637 2971 892 3026 expensas
927 2971 959 3004 a
990 2953 1184 3006 Senatu
1225 2953 1324 3006 sibi

321 3035 553 3086 conferri
577 3035 920 3105 imperavit,-
897 3030 1034 3082 nubi
1048 3049 1198 3103 seque
1213 3051 1324 3085 ver-

323 3113 390 3166 ba
403 3115 474 3166 ad
485 3131 732 3188 expensas
744 3126 866 3166 sunt
878 3111 1184 3166 collationes
1195 3114 1324 3166 Sue-

325 3195 482 3260 tenti,
507 3195 778 3266 impetum
801 3188 880 3244 &ri
897 3190 960 3259 αξ
983 3177 1222 3260 orph-‘cm
1239 3209 1323 3243 σου

323 3269 628 3339 ὅμπμομοῦ,
646 3284 709 3323 ut
729 3273 802 3322 ait
823 3268 1025 3341 xiphil.

393 3349 634 3400 XXXIX.
657 3365 675 3400 ι
689 3387 702 3398 .
715 3343 1048 3408 Ρσεείίεηείας
1063 3365 1186 3399 ann.
1198 3348 1320 3416 819.

322 3431 486 3481 Tacit.
509 3427 702 3480 Annal.
730 3429 878 3492 XVI,
909 3425 969 3478 13
983 3465 1000 3492 ,
1025 3429 1166 3480 ·'l'ot
1188 3427 1322 3480 faci-

321 3508 544 3562 noribus
581 3507 784 3560 foedum
817 3523 1016 3558 aunum
1047 3507 1206 3557 etiam
1237 3506 1322 3557 Dii

323 3587 724 3658 tempestatibus
747 3598 798 3639 et
819 3588 1018 3640 morbis
1043 3588 1323 3657 insignive-

323 3685 394 3719 re.
419 3668 634 3718 vastata
652 3667 944 3737 Campania
975 3667 1184 3718 turbine
1207 3685 1326 3717 ven-

325 3759 528 3812 torum,
549 3749 648 3818 qui
667 3745 848 3810 villas,
876 3746 1120 3811 arbusta,
1146 3746 1322 3816 fruges

319 3828 516 3896 passim
535 3825 772 3895 disjecit,
795 3825 1116 3897 pertulitque
1135 3823 1326 3878 violen-

319 3905 446 3958 tian
469 3903 540 3958 ad
561 3906 736 3956 vicina
757 3905 918 3967 Uibu
951 3907 1006 3958 iu
1029 3924 1136 3976 qua
1167 3923 1324 3959 omne

321 3987 624 4040 mortalium
638 4005 808 4056 genus
819 3988 896 4040 vis
911 3986 1220 4058 pestilentia
1235 3986 1324 4040 de-

321 4064 720 4136 populabatur,
745 4063 892 4118 nulla
923 4064 1034 4116 caeli
1065 4068 1324 4136 intempe-

320 4148 426 4212 rie,
455 4165 572 4218 quoe
591 4159 892 4198 occurreret
917 4145 1085 4198 orulis
1099 4185 1115 4210 ,
1135 4161 1234 4198 etc.
1255 4169 1276 4192 n

1495 2178 1544 2213 2.
1588 2160 1767 2214 Clades
1788 2159 2123 2219 Britannica5
2147 2174 2271 2235 spu.
2298 2158 2421 2211 815.

1419 2241 1577 2294 Conf.
1610 2242 1783 2293 Tacit.
1810 2240 2002 2293 Annal.
2032 2240 2169 2304 XIV,
2210 2256 2277 2309 ²9
2305 2256 2416 2309 seq.

1417 2320 1615 2391 xiphil.
1654 2320 1825 2385 LXII,
1866 2338 1885 2372 t
1928 2338 2037 2389 seq.
2070 2318 2191 2369 Duo
2228 2318 2419 2387 oppida

1413 2395 2418 2460 dicitCamulodunumetVerulamium,

1415 2482 1607 2534 omissa
1634 2477 1877 2533 Londinii
1900 2476 2197 2542 mentione,
2216 2473 2307 2526 ubi
2328 2476 2419 2526 mi-

1413 2578 1514 2612 nor
1537 2558 1743 2624 clades,
1772 2559 1893 2629 quia
1922 2557 2149 2608 maxima
2182 2555 2418 2623 negotia-

1411 2649 1589 2690 torum
1617 2656 1740 2710 pars
1766 2638 2129 2706 emigraverat.
2150 2631 2285 2685 Vide
2312 2635 2417 2684 Ta-

1413 2718 1503 2770 eit.
1530 2735 1650 2788 cap.
1680 2715 1747 2768 32
1780 2727 1835 2766 et
1856 2715 1943 2768 33.

1483 2795 1536 2849 3.
1562 2795 1867 2868 Ignominia
1882 2793 1955 2846 ad
1972 2793 2239 2846 orientem
2252 2812 2271 2851 ‚·
2292 2809 2414 2841 ann.

1414 2875 1537 2929 816.
1561 2875 1680 2928 Dux
1703 2875 2061 2926 Ramnetum
2088 2885 2200 2924 erat
2222 2871 2419 2922 Caesen-

1411 2957 1537 3010 nius
1557 2956 1743 3007 Paetus.
1777 2955 1859 3006 cf.
1882 2955 2049 3004 Tacit.
2082 2949 2273 3003 Annal.
2295 2950 2419 3014 XV,

1414 3035 1450 3088 6
1484 3052 1598 3106 seq·
1629 3035 1734 3088 Sub
1754 3036 1947 3108 ιιἰιφιπι
1986 3032 2159 3085 missas
2196 3029 2422 3102 legiones

1411 3111 1584 3180 idem,
1610 3131 1729 3184 cap.
1761 3113 1849 3172 15,
1864 3127 2075 3166 rumore
2096 3122 2303 3161 tantum
2319 3121 2421 3159 tra-

1411 3191 1583 3244 ditum
1615 3190 1769 3255 dicit,
1802 3191 2085 3244 Suetonius
2117 3179 2329 3251 autem,
2360 3200 2417 3237 ut

1411 3272 1577 3339 solet,
1600 3291 1701 3344 pro
1725 3285 1869 3324 certo
1894 3281 2091 3324 narrat
2112 3270 2193 3320 Cf.
2216 3265 2419 3338 xiphil.

1411 3354 1579 3419 an,
1611 3370 1696 3404 21.

1483 3433 1534 3498 4.
1575 3433 1777 3484 Mirum
1782 3465 1877 3481 .....
1892 3429 2080 3499 fuerit.
2112 3427 2261 3496 Vulg.
2281 3423 2417 3495 fuit

1411 3513 1565 3566 Conf.
1587 3512 1719 3564 Caes.
1735 3509 1825 3573 63,
1842 3509 1983 3562 cubi
1998 3519 2143 3570 not
2128 3503 2315 3559 ·.Galb
2335 3504 2420 3557 28.

1411 3594 1567 3658 Mox,
1586 3610 1689 3663 ·pro
1726 3589 2015 3660 proscripta
2051 3597 2144 3639 aut
2178 3583 2423 3658 vulqata,

1411 3673 1548 3724 liber
1570 3671 1883 3724 Torrentii«
1859 3667 2185 3740 «perscripta
2211 3683 2274 3716 ac
2300 3662 2421 3714 vul-

1411 3765 1600 3821 gata.
1577 3749 1804 3802 »Illud
1784 3766 1906 3818 Jure
1931 3745 2179 3816 repudiat
2198 3746 2426 3796 Torren-

1413 3833 1548 3894 tius,
1588 3828 1683 3882 sed
1718 3826 1855 3880 male
1896 3825 2089 3898 probat
2127 3843 2217 3890 ac,-
2256 3841 2419 3893 quum

1413 3908 1524 3960 duo
1547 3907 1709 3959 verba
1737 3905 1953 3958 diversis
1982 3901 2157 3955 modis
2184 3901 2421 3952 carmina

1413 3986 1504 4040 illa
1530 3986 1827 4038 innotuisse
1850 3983 2055 4048 dicant,
2080 3978 2163 4032 vel
2192 3977 2419 4051 publicis

1415 4064 1831 4134 locis-inscripta
1862 4063 1969 4114 sive
2000 4059 2187 4125 affixa,
2214 4057 2296 4110 vcl
2327 4077 2421 4108 oro

1419 4157 1625 4196 tantum
1656 4143 1873 4200 tradita,
1902 4155 2061 4211 atquc
2096 4142 2167 4190 ita
2194 4137 2420 4205 vulgata-
