3050 5004
623 467 756 550 264
1375 464 1448 529 e.
1499 464 1967 531 SUETONH

613 591 901 676 Monile,
935 595 1309 685 margaritis
1334 594 1749 686 gemmisque
1782 604 2197 671 consertum,
2220 586 2308 657 ad
2328 589 2707 660 ornandam

617 710 989 773 Fortunam
1019 728 1210 771 suam
1232 702 1693 771 Tusculanam
1708 719 1735 751 ²
1751 755 1768 786 ,
1792 726 1875 769 ex
1896 704 2080 768 omni
2106 724 2269 793 gaza
2291 720 2705 771 secreverat:

617 814 988 907 idrepente
1003 866 1018 895 ‚
1037 816 1232 909 quasi
1255 816 1639 905 augustiore
1666 811 1933 904 dignius
1955 811 2109 880 loco
2134 864 2151 894 ‚
2176 814 2571 905 Capitolinae
2592 818 2712 881 Ve—

583 944 592 953 ·
617 927 764 993 neri
789 923 1158 993 dedicavit:
1191 948 1272 992 ac
1295 928 1601 1017 proxima
1628 940 1829 992 nocte
1864 926 2221 990 somniavit
2248 926 2539 1016 speciem
2562 930 2713 992 For·

617 1054 804 1104 tunae
831 1038 1170 1130 querentis
1189 1090 1206 1121 ,
1236 1036 1615 1104 fraudatam
1653 1060 1725 1103 se
1754 1035 1935 1104 dono
1974 1031 2336 1116 destinato,
2376 1038 2713 1104 minantis-

621 1170 782 1241 que,
816 1164 1197 1273 erepturam
1221 1162 1288 1215 et
1317 1148 1530 1240 ipsam
1552 1196 1567 1226 ,
1592 1170 1746 1240 quae
1769 1143 2083 1213 dedisset.
2107 1149 2473 1240 Quumque
2506 1162 2713 1213 exter·

617 1260 818 1339 rituS,
866 1257 1016 1325 luce
1051 1260 1270 1349 prima
1309 1256 1396 1324 ad
1437 1253 1845 1348 expiandum
1892 1257 2268 1336 somnium,
2310 1256 2707 1346 praemissiS,

621 1371 738 1463 qui
775 1394 919 1438 rem
953 1366 1251 1437 divinam
1287 1383 1721 1475 appararent,
1770 1365 2145 1433 Tusculum
2186 1368 2709 1450 excucurrisset,

615 1478 830 1546 nihil
812 1482 1067 1547 invenit
1093 1494 1344 1604 praeter
1371 1478 1713 1571 tepidam
1696 1502 1767 1543 m
1790 1500 1906 1542 ara
1928 1472 2259 1557 favillam,
2284 1490 2711 1569 atratumque

611 1584 808 1679 juxta
831 1613 1062 1657 senem
1089 1592 1160 1657 in
1199 1592 1420 1657 catino
1451 1592 1662 1655 vitreo
1699 1588 1857 1654 thus
1894 1602 2272 1668 tenentem,
2308 1602 2373 1653 et
2406 1588 2478 1652 in
2508 1586 2713 1655 calice

615 1700 804 1768 fictili
815 1725 1110 1769 Umerum
1139 1692 1590 1768 Observatum
1620 1701 1820 1765 etiam
1849 1714 1987 1779 est,
2024 1695 2343 1803 Kalendis
2378 1700 2714 1779 Januariis

620 1812 1022 1880 sacrificanti
1045 1835 1362 1879 coronam
1389 1811 1474 1879 de
1498 1813 1713 1902 capite
1743 1808 2143 1889 excidisse-⁹⁹,
2176 1810 2550 1900 auspicanti
2575 1808 2719 1902 pul·

620 1920 722 1988 los
767 1921 1150 1989 avolasse.
1089 1920 1150 1973 4·
1192 1920 1574 2011 adoptionis
1626 1918 1765 2001 die,
1808 1941 2033 2012 neque
2064 1918 2304 1985 milites
2339 1916 2715 1987 allocuturo

622 2046 1034 2097 castrensem
1059 2028 1294 2099 sellam
1325 2030 1410 2098 de
1433 2053 1620 2097 more
1650 2032 1941 2122 positam
1965 2052 2090 2122 pro
2120 2028 2469 2110 tribunali,
2494 2027 2717 2096 oblitis

621 2142 976 2222 ministris,
1021 2156 1089 2208 et
1109 2132 1178 2206 in
1205 2142 1454 2211 Senatu
1485 2137 1787 2223 curulem
1820 2162 2135 2231 perverse
2158 2136 2574 2206 collocatam.

715 2256 892 2318 XIX.
943 2254 1136 2317 Prius
1161 2275 1348 2331 vero,
1375 2242 1579 2345 qflam
1604 2249 2022 2318 occideretur
2037 2300 2057 2331 ,
2079 2249 2565 2317 sacrificantem
2588 2272 2723 2315 ma-

623 2384 711 2428 ne
733 2361 1076 2456 haruspex
1099 2360 1466 2429 identidem
1497 2363 1763 2428 monuit
1780 2370 1823 2446 ¹,
1852 2376 2117 2427 caveret
2139 2358 2552 2453 periculum:
2578 2382 2717 2426 non

701 2585 749 2619 2.
783 2569 1064 2620 Fortunam
1087 2588 1232 2620 suum
1255 2569 1625 2622 Tusculanam.

625 2645 764 2698 Vide
796 2665 956 2716 supra
979 2683 995 2710 ,
1038 2665 1158 2717 cap.
1189 2648 1240 2713 4.
1285 2648 1412 2698 Mox
1439 2645 1625 2699 vocab.

625 2739 836 2796 repente
849 2725 1072 2778 dubium
1091 2725 1370 2778 videbatur
1385 2725 1631 2790 Muliero‘,

628 2805 963 2874 conjicienti,
992 2807 1065 2858 rei
1087 2807 1342 2878 poenitens
1367 2807 1449 2858 vel
1476 2825 1531 2858 re
1554 2824 1631 2858 re·

626 2893 832 2955 putata.

701 2967 752 3017 3.
773 2963 1102 3036 Sacrificanti
1119 2983 1400 3032 coronam,
1415 2979 1516 3018 etc.
1542 2967 1634 3016 Ca-

629 3045 820 3098 ducum
833 3045 1124 3118 auspicium
1137 3046 1337 3098 dictum
1346 3048 1629 3100 veteribus.

627 3129 706 3178 Ita
733 3124 802 3180 de
822 3143 944 3196 rege
965 3124 1204 3198 Syphace
1229 3125 1320 3179 Sil.
1343 3125 1459 3178 Ital.
1487 3127 1630 3192 XVI,

634 3205 771 3258 268:

629 3290 850 3390 vittaquu,
874 3288 1366 3346 majorumdeoonmem
1389 3290 1569 3332 frontes
1584 3303 1635 3332 ιιο

768 3363 854 3390 uo

629 3411 801 3468 Delapsa
814 3419 966 3452 attactu
979 3444 990 3464 ,
1008 3411 1176 3454 nudavit
1190 3423 1372 3468 tempora
1388 3413 1505 3467 regis.

630 3473 744 3514 'ralia
759 3471 939 3514 caelicola
951 3487 1092 3514 casuro
1107 3472 1237 3522 tristia
1251 3485 1376 3526 regno

631 3531 906 3632 εἰςιιιέὶιιῑιιιι
881 3540 950 3582 ιιι,
969 3547 1046 3574 sev
1047 3531 1139 3588 lque
1156 3529 1306 3574 sandeta
1281 3541 1482 3586 nvmtgra
1443 3533 1456 3574 i
1457 3535 1634 3576 aomina

809 3600 852 3632 ιι.

704 3671 754 3736 4.
771 3670 1231 3742 Avolassepu11055
1251 3673 1537 3763 aufugisse.
1556 3675 1635 3724 lta

631 3749 846 3799 Memm.
879 3761 930 3799 et
955 3752 1187 3819 optimus
1217 3753 1442 3821 quisque
1471 3751 1635 3802 Codi-

630 3847 771 3880 cum.
800 3827 885 3878 Al.
899 3828 1152 3893 evolasse,
1173 3831 1316 3900 quod
1335 3844 1527 3882 temere
1542 3831 1635 3881 de-

629 3905 799 3957 fendit
825 3909 1104 3959 Burmann.
1141 3909 1192 3959 E
1197 3909 1370 3960 volare
1393 3913 1531 3960 enim
1556 3923 1637 3962 est

630 3985 686 4034 in
723 3985 894 4036 altum
941 3986 1140 4050 volare,
1183 3989 1235 4038 in
1281 4006 1386 4059 quo
1426 3987 1635 4040 nullum

633 4063 951 4136 prodigium.
993 4095 1064 4106 —
1105 4069 1183 4119 De
1219 4067 1512 4138 adoptionis
1550 4067 1637 4120 ‹lt’e

629 4143 801 4193 Tacit.
819 4161 938 4214 cap.
969 4145 1054 4195 18:
1085 4147 1386 4212 «Quartum
1405 4145 1531 4200 Idus
1547 4149 1635 4200 Ja-

1717 2583 1867 2618 naar.
1896 2564 2093 2618 foedum
2114 2563 2371 2619 imbribus
2386 2565 2554 2631 diem,
2578 2567 2723 2617 toni-

1719 2660 1839 2698 trua
1872 2659 1925 2698 et
1964 2647 2185 2717 fulgura
2222 2661 2275 2698 et
2306 2645 2537 2700 caelestes
2566 2647 2721 2698 minae

1720 2724 1856 2776 ultra
1887 2725 2099 2776 solitum
2128 2724 2489 2778 turbaverant.
2522 2725 2725 2778 Obser-

1721 2815 1897 2855 vatum
1928 2802 1983 2852 id
2012 2805 2307 2874 antiquitus
2344 2803 2570 2854 comitiis
2598 2802 2725 2855 diri·

1720 2884 1927 2936 mendis
1964 2903 2073 2935 non
2104 2886 2290 2938 terruit
2322 2883 2575 2948 Galbam,
2614 2901 2721 2954 quo

1722 2965 1897 3016 minus
1914 2967 1969 3014 iu
1994 2977 2165 3016 castra
2190 2977 2458 3035 pergeret,
2486 2979 2726 3015 contem·-

1723 3057 1891 3095 torem
1910 3043 2096 3094 talium
2110 3081 2127 3109 ,
2142 3056 2203 3094 ut
2219 3042 2587 3107 fortuitorum,
2609 3059 2723 3109 seu,

1725 3141 1841 3194 quae
1872 3123 1983 3174 fato
2012 3134 2252 3184 manent,
2297 3124 2535 3194 quamvis
2561 3123 2727 3190 signi-

1724 3201 1909 3264 ficata,
1946 3221 2053 3253 non
2082 3203 2331 3253 vitantur.
2352 3223 2373 3248 n
2417 3200 2573 3253 Conf.
2606 3199 2728 3250 Plu-

1722 3281 1892 3332 tarch.
1916 3299 2037 3352 cap.
2062 3281 2147 3332 ²3.

1796 3360 1935 3410 XIX.
1980 3375 2022 3410 1.
2060 3355 2529 3430 Sacrficanoem....
2566 3357 2727 3408 haru-

1721 3455 1901 3510 spex...
1922 3438 2155 3502 monuit,
2180 3449 2279 3486 etc.
2299 3437 2469 3488 Tacit.
2486 3453 2607 3508 cap.
2630 3451 2693 3504 27
2708 3453 2724 3486 ι

1729 3518 1936 3568 «xvul
1972 3517 2089 3568 Kal.
2128 3515 2377 3567 Februar.
2409 3515 2728 3568 sacrificanti

1723 3614 1823 3666 pro
1842 3595 1955 3646 aede
1976 3593 2237 3667 Apollinis
2260 3593 2439 3646 Galbae
2460 3592 2727 3666 haruspex

1722 3674 2024 3726 Umbricius
2058 3674 2219 3726 tristia
2250 3683 2367 3725 exta
2398 3685 2453 3725 et
2482 3676 2729 3728 instantes

1724 3752 1937 3805 insidias
1954 3772 2017 3804 ac
2034 3753 2361 3805 domesticum
2382 3753 2575 3805 hostem
2596 3771 2729 3824 prte-

1722 3829 1876 3892 dicim
1897 3829 2143 3882 audiente
2158 3828 2371 3881 Otho-ne
2390 3830 2533 3900 (nam
2552 3833 2727 3900 proxi-

1724 3927 1841 3960 mus
1866 3908 2197 3979 adstiterat),
2222 3909 2383 3980 idque
2412 3923 2469 3960 ιιι
2498 3910 2670 3961 laetum
2698 3929 2727 3963 e

1726 3988 1993 4038 contrario
2014 4026 2029 4051 ‚
2076 4001 2127 4038 et
2147 3988 2279 4038 ‘suis
2316 3987 2727 4058 cogitationibus

1723 4084 2036 4138 prosperum
2054 4069 2486 4138 interpretante.»
2506 4068 2587 4120 Cf.
2606 4067 2729 4120 Plu-

1728 4145 1893 4200 tarch.
1926 4165 2045 4218 cap.
2074 4147 2165 4214 243
2192 4147 2329 4200 infra
2350 4146 2476 4201 oth.
2498 4146 2551 4199 6.
