3050 5004
1173 500 1446 566 NERO.

269 626 629 693 affirmavit
651 676 669 707 ,
725 624 926 692 simul
985 648 1068 692 ac
1118 627 1414 717 primum
1435 622 1466 674 4
1519 626 1937 716 provinciam
1986 626 2311 715 attigisset
2340 678 2357 705 ‚

269 739 596 805 inermem
623 758 696 803 se
730 737 798 802 in
831 750 1270 827 conspectum
1293 736 1714 803 exercituum
1740 734 2165 826 proditurum
2182 758 2361 817 ,.nec

268 849 632 941 quicquam
677 844 863 913 aliud
899 870 1108 940 quam
1138 844 1496 927 fleturum3
1536 847 1999 938 revocatisque
2036 844 2123 911 ad
2150 848 2361 937 poeni-

267 962 546 1025 tentiam
569 956 1044 1041 defectoribus,
1069 959 1376 1051 sequenti
1399 954 1506 1023 die
1536 954 1769 1023 laetum
1790 956 1967 1021 inter
1990 955 2180 1023 laetos
2208 980 2361 1023 can-

268 1084 567 1136 taturum
593 1068 908 1160 epinicia,
945 1064 1258 1161 quaejam
1289 1088 1474 1133 nunc
1503 1063 1628 1132 sibi
1654 1067 1967 1158 componi
1994 1082 2357 1158 oporteret.

355 1182 594 1247 XLIV.
648 1183 726 1245 ln
753 1176 1198 1271 praeparanda
1225 1174 1646 1269 expeditione
1670 1177 1961 1267 primam
1988 1200 2221 1244 curam
2248 1176 2360 1243 ha·

269 1286 414 1355 buit
435 1285 776 1378 deligendi
795 1283 1104 1353 vehicula
1120 1284 1470 1378 portandis
1494 1286 1777 1353 scenicis
1800 1288 2100 1376 organiS‚
2128 1310 2363 1355 concu-

270 1397 602 1492 binasque
619 1451 638 1481 ‚
665 1421 834 1492 quas
859 1420 1088 1465 secum
1115 1395 1462 1477 educeret,
1490 1392 1812 1463 tondendi
1834 1394 1921 1463 ad
1946 1395 2207 1464 virilem
2229 1422 2367 1464 mo·

270 1506 433 1575 dum
449 1562 468 1591 ,
499 1525 569 1575 et
593 1506 942 1575 securibus
965 1505 1300 1600 peltisque
1327 1507 1745 1574 Amazonicis
1773 1504 2173 1573 instruendi.
2201 1512 2363 1576 Mox

269 1618 486 1686 tribus
508 1616 840 1685 urbanas¹
873 1616 961 1683 ad
987 1631 1486 1683 sacramentum
1513 1617 1773 1699 citavit;
1798 1640 1879 1687 ac
1903 1615 2095 1683 nullo
2117 1615 2363 1685 idoneo

273 1727 748 1854 respondente,
767 1744 1027 1794 certum
1039 1723 1328 1794 dominis
1343 1750 1695 1793 servorum
1715 1748 2073 1793 numerum
2089 1726 2359 1809 indixit;

273 1862 428 1922 nec,
465 1839 595 1906 nisi
627 1862 708 1905 ex
741 1854 880 1905 tota
913 1835 1244 1931 cujusque
1281 1836 1534 1904 familia
1570 1828 2110 1929 probatissimos,
2144 1863 2230 1905 ne
2262 1836 2363 1905 di-

275 1947 818 2043 spensatoribus²
845 1946 1118 2042 quidem
1141 1964 1262 2015 aut
1283 1946 1807 2015 amanuensibus
1830 1951 2158 2041 excepti5‚
2184 1974 2365 2017 rece-

277 2064 392 2154 pit.
424 2066 692 2129 Partem
717 2063 917 2129 etiam
950 2084 1194 2129 census
1231 2084 1465 2127 omnes
1494 2060 1765 2128 ordines
1793 2060 2097 2127 conferre
2122 2057 2359 2154 jussit:

278 2190 344 2241 et
380 2175 662 2265 insuper
697 2171 1062 2267 inquilinos
1108 2175 1524 2265 privatarum
1572 2170 1821 2239 aedium
1868 2189 2073 2267 atque
2118 2172 2366 2241 insula-

279 2308 428 2351 rum
457 2286 856 2377 pensionem
885 2308 1184 2351 annuam
1215 2299 1700 2375 repraesentare
1734 2281 1974 2351 fisco-”1
2012 2285 2369 2379 exegitque

2225 521 2347 565 221

345 2535 396 2603 4.
433 2532 608 2588 Simul
627 2553 690 2586 ac
711 2534 964 2607 pn‘mum.
987 2533 1122 2586 Vide
1149 2536 1278 2586 Bur-

280 2633 456 2666 mann.
477 2627 530 2666 et
549 2613 895 2685 Oudendorp.
919 2612 988 2666 ad
1007 2613 1133 2666 Ces.
1157 2633 1276 2687 cap.

279 2693 376 2755 30,
360 2715 375 2729 ·
416 2691 684 2744 Drakenb.
725 2691 794 2744 ad
823 2692 1058 2756 Livium,
1091 2693 1160 2744 vl
1176 2730 1192 2758 ,
1233 2709 1275 2743 Ι.

277 2773 452 2826 Vana'
437 2773 600 2842 igitur
615 2785 694 2825 est
706 2773 1009 2842 conjectura
1027 2773 1279 2823 Burman-

279 2854 359 2917 ni,
375 2852 626 2923 primam.

1365 2534 1472 2586 tius
1503 2529 1645 2584 idem
1676 2531 1881 2605 judicat
1922 2532 1989 2584 ad
2024 2533 2193 2583 Tacit.
2232 2533 2364 2585 Hist.

1364 2613 1488 2740 md.
1495 2611 1989 2761 ⁵}ispensaeoribus.
2012 2689 2147 2742 Vide
2165 2688 2231 2741 ad
2252 2693 2369 2742 Au-

1365 2779 1504 2838 gust.
1530 2785 1577 2820 c.
1604 2767 1692 2838 67.

1437 2847 1490 2900 3.
1529 2848 1823 2918 Etmanper
1833 2846 2373 2924 nnqu11mos.mproe-

344 2931 737 2984 xuv.1.Mox
752 2929 909 2983 tribus
919 2930 1160 2996 urbanas,
1175 2941 1276 2982 etc.

281 3009 462 3062 Tribus
495 3027 562 3060 ex
599 3025 744 3059 more
774 3006 934 3077 hujus
973 3008 1138 3058 aetatis
1177 3024 1278 3076 pro

275 3088 426 3162 plebe
453 3087 562 3140 dici
588 3086 858 3149 videntum
883 3087 1042 3140 tribus
1069 3085 1280 3138 urbanoe

279 3171 438 3240 igitur
455 3180 580 3224 sunt
596 3167 743 3240 plebs
763 3167 962 3220 urbana
979 3205 996 3232 ,
1020 3185 1178 3238 quam
1197 3185 1284 3218 so·

279 3247 381 3301 lam
407 3250 576 3301 citare
599 3245 672 3298 ad
695 3260 1080 3298 sacramentum
1105 3245 1282 3297 adhuc

280 3342 516 3400 poterat,
531 3345 694 3400 quum
707 3325 1026 3378 honestioris
1041 3327 1200 3378 sortis
1214 3325 1284 3378 oi-

280 3426 366 3460 νος
383 3406 468 3460 vel
489 3405 722 3477 amplexi
735 3405 848 3475 jam
873 3417 1044 3456 essent
1067 3401 1283 3455 seditio·

281 3505 428 3552 nem,
447 3485 534 3538 vel
555 3483 910 3538 crederentur.
928 3481 1028 3536 Sed
1049 3501 1111 3534 ex
1127 3481 1282 3552 plebe

281 3568 468 3630 etiam,
501 3563 576 3616 ob
610 3562 754 3614 dona
784 3575 944 3633 atque
975 3558 1286 3631 spectacula

281 3657 516 3696 monstro
537 3643 694 3694 unice
719 3638 959 3702 addicta,
983 3636 1162 3692 nultus
1181 3637 1286 3688 ido-

283 3741 406 3776 neus
447 3720 740 3793 respondit,
777 3721 888 3772 sine
929 3717 1096 3770 dubio
1139 3715 1285 3789 quod

282 3819 388 3854 non
407 3811 692 3864 venerant,
719 3799 809 3869 qui
832 3815 977 3848 arma
999 3797 1136 3848 ferre
1160 3815 1285 3868 pos·-

283 3892 424 3947 oent,
445 3893 504 3932 et
519 3881 668 3932 citati
691 3895 746 3930 se
769 3874 1146 3929 subduxerant.
1173 3875 1285 3928 Ou-

281 3959 547 4030 dendorp.
577 3957 799 4010 urbanas
815 3957 1008 4008 mutari
1027 3953 1214 4008 suadet
1227 3956 1284 4007 in

283 4041 546 4092 universas
567 4059 588 4097 ,-
635 4036 900 4088 Ernesti-u
947 4034 1106 4088 etiam
1153 4051 1284 4105 spu-

283 4120 422 4170 rium
446 4127 634 4170 censet
656 4113 1004 4180 vocabulum,
1033 4111 1181 4185 quod
1209 4125 1290 4165 est

285 4215 410 4250 ense
431 4215 654 4270 prorsus
669 4195 858 4248 vulnus
877 4193 1132 4246 recidere.
1150 4191 1286 4244 Cau·

1365 2937 1567 2978 tentare
1584 2922 1749 2996 fisem-
1788 2924 1845 2977 h.
1880 2945 1927 2978 e.
1968 2945 2092 2991 eos,
2133 2931 2223 2998 qui
2260 2949 2369 2982 non

1365 3006 1611 3074 proprias
1632 3003 1767 3056 oedes
1794 3002 2049 3057 haberent
2074 3005 2146 3056 ob
2178 3027 2373 3060 census

1368 3083 1735 3154 exiguitatem,
1761 3085 2063 3154 pensionem
2093 3086 2201 3136 sive
2224 3085 2373 3138 habe·-

1371 3161 1619 3214 tatt‘onem
1651 3179 1887 3214 annuam
1908 3199 1927 3226 ,
1962 3161 2099 3215 Gall.
2138 3163 2191 3214 Ie
2226 3164 2377 3235 loyen·

1367 3239 1520 3310 (vide
1560 3239 1631 3292 ad
1664 3242 1792 3293 Caes.
1830 3239 1961 3312 38),
1998 3259 2109 3295 non
2145 3241 2373 3294 dominis

1371 3318 1561 3371 oedium
1581 3355 1599 3382 ,
1646 3318 1739 3372 sed
1792 3319 1919 3371 fiseo
1960 3318 2162 3371 solvere
2200 3323 2371 3391 jussit.

1371 3397 1599 3449 Privata·
1611 3398 1870 3449 oedesaunt
1882 3397 2021 3450 oedes
2030 3401 2375 3468 privatorum,

1373 3475 1629 3547 opposite
1652 3473 1901 3546 publicis,
1922 3493 2101 3546 eaeque
2120 3479 2373 3546 majores,

1371 3553 1466 3605 ubi
1499 3553 1901 3622 distinguuntur
1940 3553 2011 3604 ab
2050 3555 2250 3608 insulis.
2290 3556 2373 3607 Cf.

1371 3644 1486 3685 not.
1527 3630 1596 3682 ad
1628 3631 1753 3682 Coes.
1794 3630 1881 3696 41.
1916 3631 2181 3704 Inquilini
2214 3635 2377 3704 igitur

1366 3713 1691 3784 privatarum
1708 3711 1899 3765 oedium
1914 3723 2073 3786 atque
2085 3714 2375 3768 insulanam

1373 3793 1667 3859 sunt,'·les
1704 3793 1983 3846 locataires
2016 3793 2111 3846 des'
2146 3797 2377 3867 grandes

1375 3876 1607 3926 maisons
1648 3887 1701 3927 et
1737 3873 1831 3926 des
1870 3874 2195 3928 habitatione
2232 3876 2377 3930 oi-‹li-

1373 3955 1607 4006 naires.-
1643 3955 1721 4006 Ita
1753 3953 2037 4026 dupliciter
2074 3953 2375 4010 afflixitfli-

1371 4032 1537 4085 tiores
1550 4033 1695 4084 Nero
1706 4071 1723 4098 ,
1738 4031 1883 4104 quod
1896 4051 2117 4084 censum
2130 4035 2376 4086 conferre

1375 4112 1550 4183 coegit
1560 4149 1579 4177 ,
1599 4122 1654 4162 et
1673 4129 1739 4163 an
1746 4129 1853 4164 uua
1866 4111 2195 4167 habitatione
2206 4153 2223 4181 ,
2246 4115 2377 4186 ipsis

1377 4189 1589 4255 debita,
1616 4191 1856 4262 privavit.
