3050 5004
979 469 1652 541 VESPASIANUS.
2238 474 2364 545 352

268 614 397 683 rat,
422 621 565 666 non
580 612 737 665 ante
760 580 1407 693 sucoeusuit‚'quam
1428 598 1980 671 altercationibus
1995 603 2378 674 insolentis-

269 711 447 777 simis
468 732 663 803 paene
683 712 754 777 in
772 706 1081 777 ordinem
1100 706 1417 779 redacms
1430 709 1483 779 ⁵.
1508 714 1720 779 Htmc
1733 735 2008 809 qnoque
2021 764 2040 797 ,
2065 718 2378 811 quamvis

267 820 638 916 relegatum
668 825 929 917 primo,
944 818 1197 890 deinde
1222 841 1293 891 et
1318 821 1606 893 interfici
1619 820 1892 917 jussum
1907 878 1926 910 ,
1949 831 2176 921 magni
2199 832 2379 897 aesti·

264 936 471 1001 mavit
498 956 773 1003 servare
798 958 1077 1029 quoquo
1092 932 1345 1017 modo,
1372 936 1629 1019 missiS,
1659 934 1781 1031 qui
1814 961 2248 1030 percussores
2276 963 2380 1009 re-

266 1062 619 1130 vocarent3
651 1061 719 1114 et
742 1060 1080 1115 servasset
1096 1098 1115 1129 ,
1144 1046 1276 1113 nisi
1293 1097 1312 1129 ,
1334 1041 1481 1139 jam
1508 1048 1766 1139 perisse
1785 1098 1805 1130 ,
1831 1046 2004 1116 falso
2031 1052 2381 1118 renuncia-

265 1172 411 1223 tum
439 1173 637 1227 esset.
673 1160 987 1225 Ceterum
1016 1179 1240 1252 neque
1276 1154 1460 1223 caede
1497 1154 1904 1252 cujusquam
1931 1183 2236 1254 unquam
2263 1160 2382 1228 lae·

264 1281 441 1334 tatus
457 1318 476 1349 ‚
498 1261 701 1359 justis
730 1264 1079 1359 suppliciis
1105 1262 1534 1335 illacrimavit
1561 1270 1766 1336 etiam
1791 1284 1862 1336 et
1885 1272 2234 1361 ingemuit.

351 1379 531 1443 xvl.
583 1373 737 1445 Sola
764 1392 867 1445 est
884 1426 905 1459 ,
934 1378 1007 1443 in
1036 1400 1171 1471 qua
1202 1378 1446 1444 merito
1466 1376 1821 1470 culpetur,
1849 1382 2156 1473 pecuniae
2187 1383 2382 1475 cupi·

263 1482 459 1553 ditas.
498 1490 651 1553 Non
687 1488 871 1553 enim
906 1501 1296 1569 contentus,
1323 1490 1576 1557 omissa
1605 1487 1740 1557 sub
1775 1488 1992 1557 Galba
2025 1491 2381 1584 vectigalia

264 1620 615 1666 revocasse
632 1606 678 1682 ¹,
706 1619 883 1665 nova
908 1611 981 1665 et
1002 1598 1231 1688 gravia
1250 1592 1592 1693 addidisse
1609 1652 1628 1683 ,
1653 1601 1923 1669 auxisse
1947 1598 2202 1669 tributa
2223 1626 2382 1695 pro·

268 1711 499 1777 vinciis
520 1760 539 1792 ,
582 1705 929 1775 nonnullis
971 1723 1041 1774 et
1078 1703 1495 1799 duplicasse;
1537 1712 2025 1803 negotiationes
2068 1736 2340 1807 quoque
2357 1763 2378 1794 ,

266 1820 370 1889 vel
387 1823 657 1915 privato
674 1818 1031 1913 pudendas
1044 1871 1064 1903 ,
1078 1804 1434 1912 propalam
1454 1824 1790 1905 exercuit,
1805 1821 2178 1891 coemendo
2199 1847 2380 1919 quae·

264 1929 421 2001 dam
452 1948 719 2002 tantum
740 1982 759 2015 ‚
774 1946 871 2023 -ut
898 1928 1113 2024 pluris
1142 1944 1381 2024 postea
1410 1930 1834 2001 distraheret.
1867 1940 1969 2003 Ne
2005 1932 2380 2003 candidatis

264 2044 543 2139 quidem
570 2043 862 2111 honores
878 2094 897 2125 ,
918 2044 1137 2111 reisve
1155 2092 1175 2119 ,
1197 2056 1339 2109 tam
1360 2044 1685 2129 innoxiis,
1709 2068 1920 2140 quam
1943 2044 2378 2129 nocentibus,

264 2153 721 2224 absolutiones
740 2149 1086 2221 venditare
1104 2167 1458 2245 cunctatus
1477 2170 1583 2222 est
1597 2160 1644 2221 ².
1670 2150 1981 2222 Creditur
1999 2156 2197 2223 etiam
2219 2179 2378 2248 pro-

264 2281 656 2333 curatorum
684 2264 1196 2355 rapacissimum
1222 2284 1567 2358 quemque
1589 2260 1678 2331 ad
1697 2261 2030 2356 ampliora
2051 2262 2270 2331 officia
2297 2288 2381 2333 ex

264 2373 598 2443 industria
623 2371 860 2442 solitus
888 2392 1289 2465 promovere
1309 2423 1327 2455 ,
1358 2396 1496 2468 quo
1523 2369 2001 2465 locupletiores
2028 2396 2186 2441 mox
2218 2396 2381 2442 con-

264 2484 622 2556 demnaret
642 2510 659 2552 ι
680 2482 927 2581 quibus
948 2479 1225 2578 quidem
1240 2481 1449 2576 vulgo
1470 2514 1499 2544 α
1516 2508 1644 2577 pro
1662 2485 1962 2578 spongiis
1980 2515 2009 2546 υ
2033 2482 2382 2554 dicebatur

272 2599 450 2685 «uti,
471 2629 501 2661 n
548 2594 733 2694 quod
772 2597 961 2691 quasi
1001 2611 1069 2662 et
1104 2597 1316 2664 siccos
1352 2593 1840 2680 madefaceret,
1870 2611 1939 2664 et
1974 2599 2385 2690 exprimeret

263 2709 647 2778 humentes,
684 2703 979 2794 Quidam
1013 2720 1255 2772 natura
1291 2704 1806 2798 cupidissimum
1832 2703 2112 2774 tradunt
2128 2758 2147 2791 ,
2174 2703 2382 2801 idque

264 2819 755 2914 exprobratum
782 2819 847 2885 ei
872 2840 911 2884 a
942 2839 1105 2884 sene
1130 2815 1465 2900 bubulco,
1488 2819 1607 2912 qui
1626 2868 1646 2899 ,
1668 2832 1911 2910 neffita
1938 2814 2064 2884 sibi
2091 2818 2384 2911 gratuita

264 2931 574 3000 libertate
588 2928 640 3014 ³,
680 2951 886 3025 quam
928 2929 1288 3020 imperium
1320 2927 1650 3022 adeptum
1685 2927 2080 3023 suppliciter
2112 2927 2380 3013 orabat,

264 3043 817 3136 proclamaverit,
844 3067 871 3101 a·
881 3037 1177 3132 Vulpem
1188 3037 1408 3133 pilum
1424 3055 1690 3110 mutare
1704 3092 1723 3124 ,
1735 3064 1880 3110 non
1895 3065 2144 3110 mores.
2163 3071 2193 3104 ιι
2211 3045 2386 3112 Sunt

336 3283 388 3336 5.
441 3284 608 3335 Poene
648 3280 705 3332 in
741 3277 977 3330 ordinem
1020 3277 1285 3342 redactam·
1374 3291 1457 3333 ιω
1480 3287 1570 3333 est.
1599 3277 1796 3332 Canidi
1821 3277 2036 3352 pellici,
2059 3276 2130 3331 de
2159 3297 2268 3350 qua
2295 3276 2382 3331 di-

262 3364 484 3435 privatis
508 3361 579 3415 ab
602 3379 667 3415 eo
698 3355 1033 3413 assimilatus.
1372 3373 1519 3413 ctum
1539 3357 1609 3411 ad
1628 3378 1748 3431 cap.
1769 3360 1832 3426 3,
1847 3357 1956 3412 hoc
1977 3358 2164 3410 tribuit
2178 3357 2381 3431 xiphil.

332 3445 475 3497 XVI.
522 3459 570 3494 ι.
615 3442 871 3495 Omissa..
900 3435 1177 3510 vectigalia
1204 3453 1283 3488 re-
1370 3437 1535 3490 LXVI
1548 3476 1567 3506 ,
1601 3437 1684 3504 14.

264 3541 488 3578 vocasse.
509 3522 592 3574 cf.
611 3515 817 3591 xiphil.
832 3516 1023 3582 LXVI,
1042 3516 1094 3567 8.
1116 3513 1286 3566 Orm‘t-
1443 3517 1494 3570 3.
1523 3518 1644 3588 Qui,
1663 3525 1854 3588 negata
1871 3515 1966 3568 siba·
1977 3514 2212 3588 gratuita
2231 3513 2385 3568 libers

264 3613 367 3656 tere
382 3597 667 3674 vectiqalt'a
679 3597 809 3651 dicit
824 3596 981 3648 etiam
990 3595 1161 3647 Tacit.
1174 3596 1285 3647 Au·
1370 3609 1499 3665 tate,
1514 3611 1615 3650 etc.
1631 3599 1756 3650 Non
1770 3594 1980 3662 dubito,
1995 3613 2204 3648 servum
2217 3598 2384 3651 fuisse

262 3684 375 3738 nal.
397 3685 553 3750 XIII,
576 3683 645 3736 50
660 3717 677 3748 ,
701 3679 797 3733 ubi
816 3675 938 3730 vide
960 3675 1281 3740 Isin-uestium,
1371 3677 1704 3749 Vespasiani.
1715 3673 2012 3746 Flagitabat
2027 3673 2385 3730 islibertatem

258 3766 379 3833 jure
410 3758 923 3836 reprehendentem,
957 3757 1051 3829 qui
1080 3754 1175 3807 illo
1201 3751 1283 3807 vel
1372 3772 1467 3809 seu
1512 3755 1980 3808 manumissionem
2021 3753 2136 3806 sine
2177 3755 2383 3824 pretio,

262 3857 451 3896 nostro
482 3843 606 3895 loeo
632 3837 857 3892 verbum
879 3835 1135 3888 remittere
1157 3831 1285 3885 sub-
1374 3834 1522 3907 quod
1541 3853 1570 3886 e
1589 3830 1802 3906 peculio
1824 3831 2027 3886 solvere
2042 3850 2142 3903 pro
2164 3849 2225 3883 ea
2243 3830 2386 3886 aolo-

264 3925 487 3976 stituere
506 3919 810 3974 voluerunt.
832 3917 1052 3968 Prorsus
1068 3929 1288 3984 respon-
1372 3911 1523 3980 bant,
1537 3912 1822 3986 grannitum
1839 3907 1992 3963 adeo.
2005 3913 2084 3964 Ite
2094 3909 2264 3962 Tacit.
2280 3913 2387 3964 An-

264 3999 395 4055 dent
420 3998 684 4073 Xiphilini
702 3993 810 4050 rn'u
831 3989 1175 4062 ima-imita.
1202 3989 1284 4043 Cf.
1372 3991 1479 4046 nal.
1504 3993 1652 4060 xlv,
1677 3991 1775 4059 42,
1797 4001 1988 4065 negata
2015 3987 2278 4056 libertate,
2298 3987 2387 4042 eui

262 4079 468 4134 Duker.
495 4079 567 4134 ad
589 4079 767 4132 locum
791 4087 956 4129 nostr.
1368 4072 1603 4144 pretium
1628 4069 1928 4145 pepigerat,
1963 4065 2058 4120 ubi
2086 4067 2207 4120 vide
2237 4069 2383 4140 Lips.

340 4181 388 4214 2.
400 4163 493 4216 Ne
501 4155 1288 4232 candidatisquidem...cuncta-
1374 4151 1445 4201 cf.
1466 4149 1698 4204 Brittan.
1712 4146 1782 4202 de
1798 4147 1978 4200 Form.
1996 4147 2097 4216 vt,
2111 4163 2236 4220 pag.
2260 4145 2384 4219 559.
