3050 5004
624 499 756 576 204
1372 494 1443 557 c.
1498 490 1968 558 SUEToNu

620 619 999 699 confessus,
1031 618 1351 707 exagitari
1374 640 1449 683 se
1468 617 1521 664 ¹3
1557 632 1864 684 materna
1893 618 2150 709 specie,
2189 616 2722 714 verberibusque

622 734 975 799 Furiarum
1004 753 1083 796 ac
1116 726 1307 795 taedis
1339 728 1754 796 ardentibus,
1783 732 1960 815 Quin
1987 746 2086 813 et,
2117 730 2294 797 facto
2327 754 2450 823 per
2481 737 2720 823 Magos

622 868 813 911 sacro
834 896 850 925 ,
878 865 1157 911 evocare
1186 822 1418 909 manes
1445 857 1512 907 et
1535 865 1811 909 exorare
1841 844 2136 909 tentavit.
2175 846 2724 934 Peregrinatione

622 954 897 1049 quidem
940 955 1249 1035 Graeciae,
1298 952 1652 1019 Eleusiniis
1707 955 1913 1019 sacris
1937 1004 1956 1033 ,
2009 976 2302 1047 quorum
2348 956 2720 1021 initiatione

620 1066 808 1155 impii
847 1078 914 1129 et
952 1062 1254 1129 scelerati
1289 1086 1453 1129 voce
1486 1066 1818 1155 praeconis
1863 1080 2374 1131 summoventur
2399 1062 2480 1146 14,
2521 1067 2724 1131 inter-

621 1196 766 1241 esse
806 1198 943 1240 non
992 1197 1198 1239 ausus
1242 1190 1386 1239 est..
1412 1176 1784 1267 Junxitque
1825 1171 2184 1266 parricidio
2224 1176 2456 1241 matris
2497 1176 2721 1241 amitae

620 1309 857 1352 necem
878 1287 948 1351 ¹⁵.
976 1291 1197 1371 Quam
1222 1310 1433 1379 quum
1459 1310 1541 1351 ex
1565 1283 1810 1352 duritie
1834 1282 1968 1352 alvi
1995 1284 2360 1353 cubantem
2391 1287 2718 1368 visitaret,

622 1412 690 1463 et
716 1396 827 1462 illa
848 1449 865 1478 ,
896 1398 1191 1463 tractans
1220 1394 1612 1488 lanuginem
1647 1392 1794 1488 ejus
1813 1448 1830 1479 ,
1867 1413 1943 1462 ut
1973 1395 2253 1477 assolet,
2277 1393 2421 1488 jam
2448 1396 2724 1487 grandis

622 1524 785 1574 natu
801 1561 817 1591 ,
844 1532 964 1601 per
988 1507 1343 1575 blanditias
1371 1508 1544 1575 forte
1568 1508 1875 1589 dixisset,
1901 1540 1926 1567 ιι
1949 1506 2150 1573 simul
2170 1506 2346 1573 hanc
2371 1531 2722 1599 excepere,

622 1622 795 1685 mori
828 1619 983 1687 volo
1012 1646 1077 1685 :n
1114 1642 1483 1687 conversus
1518 1618 1606 1686 ad
1639 1621 1983 1711 proximos
2007 1672 2024 1701 ,
2061 1618 2414 1685 confestim
2443 1639 2513 1684 se
2552 1621 2724 1709 posi·

623 1746 853 1797 turum
868 1784 884 1814 ,
906 1727 1093 1797 velut
1116 1727 1402 1798 irridens
1421 1731 1546 1813 ait;
1571 1730 2026 1823 praecepitque
2047 1726 2321 1795 medicis
2339 1782 2355 1812 ,
2377 1744 2455 1795 ut
2471 1728 2721 1819 largius

622 1858 993 1931 purgarent
1023 1864 1294 1933 aegram.
1330 1840 1636 1908 Necdum
1670 1838 2007 1907 defunctae
2042 1840 2220 1907 bona
2256 1843 2532 1922 invasit,
2570 1863 2724 1932 sup-

622 1974 860 2044 presso
884 1966 1283 2017 testamento
1300 2003 1316 2032 ,
1342 1976 1429 2017 ne
1450 1948 1615 2044 quid
1639 1949 2051 2017 abscederet.

715 2064 978 2125 XXXV.
1032 2064 1289 2127 Uxores
1331 2079 1578 2152 praeter
1614 2062 1962 2128 Octaviam
1999 2059 2169 2126 duas
2207 2076 2442 2153 postea
2479 2057 2670 2125 duxit
2702 2086 2716 2125 :

624 2174 983 2263 Poppaeam
1018 2168 1332 2237 Sabinam
1358 2181 1411 2252 ¹,
1450 2173 1816 2265 quaestorio
1857 2184 2046 2261 patre
2093 2188 2353 2253 natam,
2392 2187 2460 2237 et
2499 2172 2722 2265 Equiti

624 2390 699 2431 Par
712 2387 859 2430 l‘ordre
872 2388 927 2431 du
941 2388 1055 2431 senat
1069 2404 1122 2431 on
1136 2404 1233 2446 para
1246 2404 1335 2432 mes
1349 2390 1498 2444 inunges
1508 2422 1519 2439 ,
1717 2392 1885 2433 Partout
1897 2423 1906 2441 ,
1927 2395 1950 2433 ἐι
1971 2400 2060 2433 tout
2081 2400 2266 2433 moment
2276 2421 2287 2439 ‚
2309 2388 2556 2432 tn'offriront
2574 2390 2724 2431 «levant

624 2454 677 2493 Et
690 2452 727 2493 la
741 2450 911 2506 religion
924 2484 934 2501 ,
950 2452 1185 2509 parfumant
1200 2468 1273 2493 son
1289 2452 1395 2494 autel
1408 2484 1419 2502 ,
1853 2454 1924 2495 toi.

622 2514 833 2556 Remmia
848 2513 905 2556 les
918 2512 1037 2554 dieux
1050 2513 1123 2556 cles
1138 2515 1296 2556 fot-faits
1310 2513 1405 2556 d'un
1420 2515 1583 2556 mor-tel.
1717 2517 1798 2558 Ten
1810 2517 1994 2559 remon-ds
2015 2527 2055 2558 te
2068 2518 2253 2558 snivi-ont
2265 2527 2426 2556 eoinme
2439 2523 2586 2556 nutant
2595 2513 2648 2557 de
2661 2513 2724 2554 fu-

702 2623 721 2656 1
734 2605 781 2657 3.
808 2605 956 2675 Soepe
974 2605 1231 2676 consessus
1244 2643 1261 2669 ,
1282 2605 1536 2680 exaqfftan·
1552 2623 1626 2670 se,
1853 2593 1956 2626 nes,
1973 2588 2050 2622 ete.

628 2697 726 2736 etc.
764 2684 899 2736 Vide
936 2683 1135 2755 Xiphil.
1176 2703 1294 2755 cap.
1344 2685 1422 2750 14.
1462 2685 1628 2735 Tacit.
1799 2668 1878 2734 ¹4·
1899 2667 2316 2719 Summ⁰⁰²nmr·
2333 2664 2544 2714 Dictum
2559 2680 2588 2713 θ
2605 2681 2725 2732 Per·

627 2781 746 2834 cap.
775 2779 862 2815 10:
890 2785 911 2808 α
931 2763 1071 2828 Quia
1092 2776 1269 2814 tamen
1292 2781 1432 2828 non,
1454 2775 1512 2813 ut
1535 2761 1633 2813 ho·

628 2845 826 2894 minum
858 2840 1060 2906 vultus,
1094 2833 1168 2893 ista
1202 2840 1442 2892 locorum
1474 2843 1632 2892 Facies

628 2931 913 2982 mutantur,
944 2919 1435 2991 obversabaturque
1472 2921 1630 2971 maris

626 2998 764 3050 illius
804 3011 855 3048 et
892 2996 1105 3049 litorum
1140 3001 1311 3069 gravis
1350 2998 1632 3070 adspectus

627 3076 709 3144 (et
744 3090 923 3143 erant,
958 3079 1050 3147 qui
1074 3076 1377 3143 crederent,
1401 3081 1634 3129 sonitum

628 3155 767 3208 tuboe
796 3155 1023 3210 collibus
1062 3160 1261 3210 circum
1296 3157 1448 3210 editis
1480 3157 1633 3230 plan-

630 3251 851 3308 ctusque
902 3235 1108 3289 tumulo
1162 3239 1341 3289 matris
1388 3237 1596 3306 audiri)
1616 3276 1633 3304 ,

632 3315 911 3388 Neapolim
957 3319 1234 3370 concessit.
1264 3343 1287 3366 n
1330 3317 1489 3389 Apud
1513 3313 1634 3369 ‘RA-

631 3412 776 3459 cum,
802 3409 902 3446 aet.
926 3399 990 3462 V,
1016 3416 1087 3450 sc.
1113 3397 1176 3463 6,
1199 3399 1491 3470 Agrippina
1517 3399 1635 3470 ipsa

632 3474 702 3527 ad
726 3476 1023 3527 Neronem:

632 3571 679 3612 Je
692 3569 851 3628 premis
864 3585 943 3626 que
962 3581 1022 3614 te·
1039 3585 1164 3628 coups
1180 3569 1399 3616 viendront
1414 3572 1573 3628 jusqu'ii
1594 3582 1632 3614 tn

634 3690 742 3731 Dans
760 3631 919 3760 xxj-d
944 3689 995 3732 de
1019 3701 1091 3734 ton
1108 3706 1217 3734 coeur
1236 3692 1278 3748 je
1299 3695 1377 3735 sais
1400 3707 1479 3749 que
1498 3701 1546 3734 tu
1568 3707 1635 3735 me

634 3809 697 3852 Tu
710 3750 883 3914 {ii-22
903 3811 1155 3854 t'arfranchir
1166 3813 1223 3856 du
1238 3813 1337 3870 jouss
1349 3812 1401 3854 de
1414 3827 1503 3857 mes
1520 3813 1637 3858 bien-

636 3935 738 3978 Mai.
752 3885 911 4010 je‘ssirzlx
926 3953 1007 3994 que
1024 3952 1091 3979 mn
1110 3947 1219 3980 mort
1238 3947 1279 3979 te
1298 3939 1376 3980 soit
1393 3942 1530 3981 meme
1551 3940 1637 3981 inu·

637 4059 695 4099 Nc
713 3999 906 4128 ‹ti-didam·
924 4061 1041 4118 qu'cn
1062 4069 1253 4102 mouraut
1269 4058 1311 4114 je
1331 4071 1372 4104 te
1392 4062 1509 4104 luisse
1530 4071 1638 4104 mn-

636 4119 933 4232 llomeffituceiel
946 4213 957 4232 ‚
972 4199 1017 4224 ce
1028 4183 1126 4238 jour
1138 4197 1217 4240 que
1232 4193 1277 4226 tn
1291 4197 1407 4240 reem
1419 4185 1469 4228 de
1485 4184 1591 4234 moi,

1723 2763 1858 2797 sona
1915 2745 2162 2796 auctoris.
2221 2742 2372 2812 Vulg.
2430 2759 2724 2794 summove-

1723 2835 1918 2876 rentur.

1801 2903 1879 2954 15.
1918 2904 2262 2974 Junxitque...
2303 2902 2478 2952 amitoe
2517 2917 2726 2960 necem,-

1721 2982 1979 3034 Domitim.
2005 2981 2088 3032 Cf.
2113 2983 2366 3030 insertum
2389 2977 2481 3045 (ex
2501 2977 2724 3028 Peiresc.

1723 3061 1966 3130 Excerpt.
2005 3077 2128 3132 pag.
2169 3057 2302 3127 686)
2337 3053 2610 3126 Xiphilino
2651 3055 2726 3106 lo-

1723 3157 1874 3203 cum,
1897 3140 2010 3190 Lxl
2025 3175 2044 3204 ,
2071 3155 2155 3208 27,
2173 3135 2267 3188 ubi
2289 3134 2356 3186 de
2375 3134 2475 3186 hae
2495 3133 2726 3186 Domitia

1723 3219 2012 3269 Reimarus.
2445 3217 2458 3226 '

1796 3298 2008 3350 XXXV.
2054 3313 2101 3348 1.
2141 3297 2422 3369 Poppoeam
2459 3295 2730 3348 Sabinam.

1725 3376 1891 3427 Tacit.
1921 3373 2112 3426 Annal.
2150 3377 2296 3440 xm,
2336 3375 2436 3440 45:
2474 3397 2495 3420 α
2515 3374 2642 3426 Erat
2673 3375 2728 3425 in

1725 3455 1936 3506 civitate
1972 3454 2166 3506 Sabina
2197 3455 2453 3525 Poppaea,
2489 3454 2550 3503 T.
2586 3451 2728 3505 Ouio

1723 3547 1878 3605 patre
1913 3535 2120 3604 genita,
2153 3532 2247 3585 sed
2279 3549 2474 3584 nomen
2505 3533 2586 3582 avi
2619 3549 2728 3582 ma-

1725 3617 1860 3667 terni
1905 3629 2200 3680 sumserat,
2241 3613 2430 3665 illustri
2475 3614 2731 3664 memoria

1725 3700 1940 3768 Poppaei
1959 3697 2164 3763 Sabini,
2189 3694 2456 3748 consulari
2476 3708 2528 3746 et
2551 3695 2734 3746 trium·

1724 3774 1871 3846 phali
1891 3774 2084 3827 decore
2097 3774 2471 3845 proefulgentis.
2489 3776 2624 3825 Nam
2637 3772 2730 3822 Ol-

1725 3854 1886 3919 lium,
1911 3854 2186 3906 honoribus
2207 3853 2436 3906 nondum
2451 3853 2730 3923 functum,

1729 3934 1960 3985 amicitia
1979 3931 2152 4002 Sejani
2171 3933 2438 4003 pervertit.
2467 3932 2600 3982 Huic
2621 3947 2730 3980 mu·

1725 4010 1842 4062 lieri
1866 4024 2056 4062 cuncta
2083 4009 2186 4060 alia
2214 4011 2390 4072 fuere,
2419 4021 2604 4079 praeter
2633 4006 2730 4057 ho-

1727 4104 1935 4142 nestum
1963 4091 2212 4142 animum.
2229 4126 2241 4139 .
2259 4125 2296 4139 ..
2327 4092 2582 4157 Agentein
2611 4107 2724 4138 eam

1729 4170 1784 4220 iu
1799 4165 2286 4238 matrimonioRufii
2303 4168 2523 4238 Crispini
2537 4205 2551 4230 ,
2567 4167 2728 4238 Equi-
