3050 5004
590 424 721 505 348
1340 422 1414 487 C.
1464 419 1938 487 SUETONII

676 554 801 618 XII
813 602 827 618 .
878 551 1131 618 Ceteris
1149 551 1216 616 in
1237 546 1441 616 rebus
1456 557 1472 585 ¹
1494 550 1718 615 statim
1729 546 1822 614 'ab
1837 548 2024 615 initio
2039 539 2457 638 principatus
2475 534 2692 640 usque

584 660 675 729 ad
698 663 949 729 exitum
973 658 1183 727 civilis
1208 674 1275 725 et
1296 656 1592 726 clemens
1609 710 1630 740 ‚
1652 656 2182 724 mediocritatem
2199 657 2554 747 pristinam
2573 680 2694 723 ne-

588 796 721 866 que
740 768 1187 839 dissimulavit
1198 793 1499 864 unquam
1517 823 1536 852 ,
1551 792 1632 835 ac
1651 768 2041 862 frequenter
2054 768 2252 833 etiam
2269 790 2409 859 prae
2429 791 2502 834 se
2515 766 2689 833 tulit.

586 884 767 968 Quin
790 896 859 947 et
880 884 1201 947 cona'ntes
1222 876 1553 975 quosdam
1572 882 1900 971 originem
1919 876 2126 944 Flavii
2146 880 2408 968 generis
2425 874 2512 943 ad
2531 901 2694 945 con-

587 991 835 1061 ditores
864 993 1181 1058 Reatinos
1216 990 1667 1083 comitemque
1700 985 2038 1068 Herculis,
2067 984 2174 1078 cuj
2186 1012 2262 1054 us
2291 1010 2695 1054 monumen-

588 1118 736 1169 tum
760 1116 975 1169 exstat
995 1103 1103 1167 via
1130 1099 1377 1169 Salaria
1393 1151 1412 1179 ,
1441 1098 1690 1166 referre
1721 1100 1924 1166 irrisit
1947 1096 2150 1164 ultro.
2182 1095 2498 1191 Adeoque
2527 1096 2692 1165 nihil

589 1227 1141 1277 ornamentorum
1170 1212 1586 1278 extrinsecus
1613 1208 1857 1299 cupide
1884 1209 2238 1301 appetivit,
2268 1224 2346 1274 ut
2367 1207 2694 1301 triumphi

586 1317 731 1403 die,
764 1319 1074 1411 fatigatus
1110 1319 1421 1387 tarditate
1458 1335 1528 1387 et
1561 1316 1762 1387 taedio
1799 1328 2103 1411 pompae,
2135 1342 2275 1385 non
2313 1320 2694 1403 reticuerit,

599 1460 626 1490 «ι
648 1432 888 1498 merito
906 1454 977 1499 se
998 1429 1230 1523 plecti,
1255 1433 1371 1525 qui
1396 1429 1823 1522 triumphum
1837 1482 1854 1511 ,
1879 1431 2075 1524 qnasi
2095 1445 2213 1495 aut
2229 1428 2532 1496 debitum
2551 1453 2696 1495 ma-

580 1536 847 1633 joribus
870 1542 1009 1607 suis
1023 1594 1040 1621 ‚
1061 1557 1182 1607 aut
1202 1556 1547 1632 speratum
1570 1562 1874 1634 unquam
1899 1538 2058 1620 sibi,
2078 1554 2219 1605 tam
2239 1541 2466 1631 inepte
2491 1564 2698 1609 senex

590 1652 1035 1741 concupisset.
1061 1680 1086 1709 υ
1131 1657 1225 1716 Ac
1260 1673 1347 1717 ne
1383 1649 1814 1717 tribuniciam
1851 1646 2128 1742 quidem
2169 1664 2564 1740 potestatem
2583 1703 2600 1731 ,
2631 1665 2700 1717 et

592 1759 801 1826 Patris
831 1763 1064 1851 patria?
1092 1758 1646 1851 appellationem,
1679 1759 1808 1825 nisi
1835 1781 1988 1825 sero
2023 1760 2296 1850 recepit.
2338 1763 2509 1825 Nam
2541 1783 2701 1827 con-

502 1900 520 1907 -
592 1868 1019 1937 suetudinem
1066 1868 1408 1938 scrutandi
1450 1869 1819 1937 salutantes
1841 1921 1858 1953 ‚
1900 1885 2217 1937 manente
2239 1867 2481 1940 ‘adhuc
2517 1871 2701 1940 bello

593 1979 798 2062 civili,
823 1982 1199 2074 omiseratff.

686 2094 871 2157 XlII.
923 2093 1309 2158 Amicorum
1334 2090 1746 2174 libertatem,
1772 2092 2262 2161 causidicorum
2287 2090 2535 2183 figuras
2554 2101 2601 2173 ¹,
2621 2118 2702 2161 ac

595 2198 1161 2293 philosophorum
1200 2202 1692 2268 contumaciam
1736 2200 2076 2270 lenissime
2093 2220 2116 2249 ²
2157 2200 2327 2269 tulit.
2370 2204 2703 2270 Licinium

596 2311 1028 2381 Mucianum³
1045 2366 1063 2397 ,
1108 2330 1287 2382 notae
1337 2312 1769 2408 impudicitiae
1785 2366 1804 2398 ,
1848 2314 1965 2383 sed
2013 2317 2410 2382 meritorum
2457 2314 2702 2384 fiducia

595 2426 818 2494 minus
848 2426 954 2526 sui
982 2442 1434 2510 reverentem,
1462 2449 1846 2522 nunquam,
1876 2428 2004 2494 nisi
2034 2425 2208 2494 clam
2225 2477 2242 2509 ,
2282 2442 2350 2494 et
2375 2424 2702 2495 hactenus

666 2614 779 2666 ΧΠ.
816 2614 1082 2668 1.'Ceteris
1103 2614 1159 2666 in
1188 2616 1365 2681 rebus,
1394 2627 1493 2667 etc.
1518 2614 1603 2667 Ab

596 2692 679 2746 bis
710 2691 912 2759 verbis,
947 2711 1060 2766 quae
1095 2713 1291 2746 novum
1319 2712 1606 2765 argumen-

596 2787 708 2826 tum
732 2775 1020 2844 incipiunt,
1053 2787 1214 2846 caput
1243 2791 1458 2826 exorsus
1485 2791 1602 2826 sum

596 2871 719 2905 cum
754 2855 966 2906 Pitisco.
997 2855 1055 2904 ln
1092 2853 1305 2924 reliquis
1330 2852 1479 2905 editt.
1514 2870 1607 2904 su-

598 2932 798 3004 periori
836 2944 1208 2984 annectuntur.
1248 2931 1495 2984 Ceterum
1531 2932 1602 2984 cf.

599 3009 802 3081 Xipbil.
822 3012 1019 3073 va1‚
1050 3028 1131 3063 ιο.

672 3108 720 3144 2.
750 3091 892 3141 Nam
918 3089 1397 3142 consuetudinum...
1423 3090 1606 3142 omise-

600 3182 695 3223 rat.
712 3168 847 3221 Vide
865 3167 1053 3221 Claud.
1074 3169 1142 3221 35
1157 3206 1174 3234 ,
1194 3181 1246 3220 et
1266 3186 1423 3239 quem
1442 3167 1517 3220 ibi
1537 3171 1610 3220 ci-

598 3251 852 3313 tavimus,
877 3249 1035 3300 Dion.
1060 3250 1179 3316 Lx,
1206 3248 1257 3300 3.
1284 3249 1366 3301 Cf.-
1386 3250 1606 3300 omnino

598 3326 803 3400 Xiphil.
827 3329 1016 3393 LXVI,
1050 3345 1130 3382 ιο.

670 3409 809 3460 xm.
858 3423 900 3459 ι.
952 3408 1339 3461 causidicorum
1369 3403 1606 3482 figuras,

600 3501 701 3540 etc.
722 3487 945 3559 Eun-op.
974 3487 1095 3554 vn,
1128 3487 1221 3554 13,
1255 3511 1277 3535 ιι
1302 3486 1550 3540 Convicia
1577 3505 1608 3540 a

600 3565 883 3620 causidicis
913 3583 963 3620 et
996 3566 1329 3638 philosophis
1352 3568 1408 3617 in
1442 3585 1497 3618 se
1529 3565 1612 3616 di-

600 3661 687 3698 cta
728 3645 920 3699 leniter
958 3646 1138 3699 tulia-
1184 3645 1366 3700 Aurel.
1409 3647 1611 3707 Victor,

598 3724 740 3798 Epit.
769 3743 831 3795 9,
861 3725 1254 3780 causidicorum
1282 3722 1493 3796 obliqua
1527 3725 1612 3776 di-

600 3818 685 3860 cta
720 3810 1117 3881 iuterpretatur.
1160 3807 1406 3880 Fiqunata
1444 3807 1613 3858 diem

602 3887 944 3959 Spartianus,
962 3889 1135 3940 Sever.
1160 3886 1241 3952 14.
1260 3883 1501 3936 Macrob.
1523 3885 1615 3938 Sa-

601 3981 743 4020 turn.
763 3969 887 4034 vll,
905 3969 938 4021 3
952 4007 968 4035 ,
992 3992 1015 4016 a
1035 3970 1277 4022 Scomma
1296 3985 1445 4039 poene
1464 3965 1614 4018 dixe·-

600 4049 701 4100 rim
727 4065 952 4102 morsum
964 4047 1259 4123 fiquratum
1272 4085 1292 4116 ,
1321 4047 1446 4118 quia
1474 4063 1614 4117 saepe

602 4126 793 4180 fraude
833 4128 910 4181 vel
954 4127 1255 4182 urbanitate
1292 4127 1513 4198 tegitur,
1555 4135 1615 4176 ut

1692 2614 1846 2667 aliud
1859 2625 2032 2682 sonet,
2050 2613 2204 2666 aliud
2221 2613 2500 2686 intelliqas.
2521 2636 2543 2660 n
2566 2613 2706 2667 vide

1693 2694 2009 2763 Quintilian.
2034 2697 2162 2747 Inst.
2191 2697 2291 2760 lx,
2319 2713 2375 2757 2,
2401 2693 2470 2746 65
2496 2713 2606 2765 seq.

1769 2791 1816 2826 2.
1857 2772 2153 2828 LenissIme.
2177 2775 2398 2844 Eutrop.
2428 2773 2461 2825 l.
2487 2793 2536 2825 c.
2563 2775 2706 2828 leni-

1695 2865 1774 2906 ter
1799 2853 1939 2906 tulit.
1971 2853 2054 2905 Al.
2075 2853 2198 2906 loco
2222 2867 2404 2906 nostro
2433 2853 2702 2908 levissime.

1695 2934 1776 2986 cf.
1805 2932 2005 3004 Xiphil.
2031 2933 2223 3000 LXVI,
2255 2949 2335 2998 ιι,
2361 2935 2452 3004 qui
2472 2933 2708 3004 philoso-

1690 3011 1825 3084 phos
1848 3026 2025 3063 tamen
2039 3049 2056 3076 ‚
2077 3011 2282 3063 Stoicos
2300 3011 2524 3062 maxime
2541 3023 2592 3061 et
2607 3011 2708 3082 cy-

1695 3091 1876 3158 nicos,
1903 3091 2136 3144 Muciani
2167 3089 2392 3142 consilio
2415 3089 2558 3141 Urbe
2582 3108 2706 3142 eum

1699 3172 1916 3240 ejecisse
1939 3181 2151 3234 narrat,
2177 3187 2296 3240 cap.
2325 3169 2404 3222 13.

1771 3249 2116 3301 3.'Licinium
2140 3249 2485 3310 Mucianum3
2505 3246 2572 3300 de
2596 3267 2706 3321 quo

1698 3326 1900 3379 dictum
1933 3325 2001 3377 ad
2041 3344 2160 3398 cap.
2197 3328 2250 3378 6.
2275 3328 2445 3380 Tacit.
2480 3329 2614 3379 nist.
2651 3331 2707 3392 1,

1706 3424 1797 3460 to:
1835 3428 1857 3452 α
1876 3407 2130 3473 Luxuria,
2161 3405 2448 3468 industria,
2481 3410 2708 3459 comita-

1699 3501 1782 3554 te,
1805 3487 2136 3555 arrogantia,
2161 3485 2312 3539 malis
2338 3486 2604 3558 bonisque
2623 3506 2708 3539 ar-

1702 3565 1843 3619 tibus
1888 3565 2100 3617 mixtus.
2146 3565 2333 3618 Nimiae
2374 3563 2677 3636 voluptates
2693 3605 2710 3634 ‚

1701 3663 1866 3716 quum
1887 3659 2100 3698 vacaret
2117 3667 2131 3708 ς
2154 3648 2358 3716 quoties
2377 3645 2708 3717 expedierat,

1703 3743 1902 3796 magnai
1923 3726 2166 3785 virtutes;
2190 3725 2368 3795 palam
2391 3723 2604 3786 hade-*13
2629 3745 2710 3778 se·

1704 3815 1848 3855 creta
1880 3801 2018 3853 male
2048 3801 2352 3854 audiebant.
2375 3825 2397 3849 ¹·
2436 3801 2581 3854 Idem
2620 3805 2710 3872 w,

1702 3882 1764 3948 A,
1791 3884 2020 3951 jactasse
2039 3897 2159 3931 eum
2185 3894 2390 3946 narrat,
2421 3905 2444 3926 ιι
2462 3882 2517 3931 ὶιι
2545 3899 2707 3933 manu

1701 3979 1798 4014 sua
1841 3960 2008 4012 fuisse
2052 3961 2336 4032 imperium
2358 3999 2376 4028 ‚
2417 3960 2708 4012 donatum·

1703 4059 1807 4115 qne
1833 4040 2182 4110 Vespasiano.
2204 4063 2228 4087 n
2261 4041 2417 4094 Gonf.
2446 4039 2706 4112 xiphilin.

1701 4122 1890 4184 val,
1909 4135 1969 4176 a.
