3050 5004
719 502 798 544 ιο
1393 461 1402 470 ’
1464 478 1540 542 o.
1590 477 2066 544 suaroml

799 607 982 671 V111.
1011 605 1089 670 C.
1117 603 1344 670 caesar
1363 615 1567 670 natus
1590 617 1697 672 est
1717 598 1935 694 pridie
1958 599 2297 672 Kalendas
2328 615 2343 642 ²
2358 608 2795 701 Septembres
2814 663 2835 692 ‚

705 729 898 807 patre
935 735 1061 780 suo
1101 726 1170 780 et
1203 714 1277 779 C.
1321 712 1599 780 Fonteio
1634 713 1959 804 Capitone
1994 711 2425 786 Consulibus·
2461 717 2595 786 Ubi
2620 737 2839 787 natus

707 827 824 910 sit,
869 827 1208 894 incertum
1251 821 1609 912 diversitas
1652 821 2065 892 tradentium
2102 825 2283 893 facit.
2326 832 2450 897 Cn.
2492 831 2839 902 Lentulus

705 934 1113 1004 Gaetulicus²
1149 932 1388 1002 Tiburi
1423 935 1731 1025 genitum
1770 934 2031 1019 scribit;
2072 935 2326 1008 Plinius
2362 942 2715 1013 Secundus
2752 947 2841 1016 in

705 1048 1017 1132 Treveris
1032 1099 1050 1128 ‚
1071 1048 1220 1113 vico
1234 1045 1619 1114 Ambiatino
1630 1043 1656 1084 ³
1672 1098 1693 1128 ‚
1713 1069 1923 1138 supra
1936 1045 2399 1117 Confluentes:
2422 1050 2611 1123 addit
2620 1055 2843 1125 etiam

704 1184 830 1253 pro
853 1174 1286 1252 argumenm,
1319 1182 1472 1226 aras
1505 1158 1599 1226 ibi
1628 1158 1927 1241 ostendi,
1960 1161 2353 1253 inscriptaS,
2389 1163 2503 1230 OB
2534 1168 2841 1233 AGRIP-

705 1274 930 1339 PmAE
967 1273 1565 1340 PUERPERIUM.
1600 1270 1963 1354 Verucini,
2000 1274 2379 1365 imperante
2410 1263 2571 1343 11'10x
2602 1301 2685 1344 eo
2720 1277 2840 1346 di-

706 1383 956 1476 vulgati
969 1438 990 1468 ,
1013 1381 1201 1477 apud
1223 1383 1543 1453 hibernas
1573 1383 1872 1477 legiones
1896 1401 2331 1478 procreatum
2355 1387 2689 1459 indicant:

945 1503 1021 1562 In
1045 1503 1256 1562 castris
1279 1514 1498 1579 natue,
1523 1505 1739 1586 patriis
1762 1504 2033 1564 nutritus
2058 1505 2125 1564 in
2150 1507 2373 1583 armis,

1025 1604 1168 1664 Jam
1193 1602 1499 1684 designati
1523 1603 1829 1686 Principis
1854 1623 2039 1664 omen
2062 1616 2211 1665 erat.

707 1715 851 1802 Ego
885 1712 958 1778 in
993 1714 1160 1779 actis
1180 1763 1198 1795 ‚
1241 1715 1421 1780 Antii
1457 1710 1748 1796 editum,
1785 1714 2078 1780 invenio.
2124 1711 2535 1782 Gaetulicum
2576 1713 2835 1783 refellit

705 1819 960 1890 Plinius
977 1871 994 1903 ,
1033 1825 1228 1914 quasi
1258 1824 1625 1890 mentitum
1659 1847 1783 1916 per
1817 1821 2313 1906 adulationem,
2349 1838 2431 1889 ut
2462 1821 2551 1890 ad
2585 1814 2837 1892 laudes.

697 1928 972 2024 juvenis
1005 1931 1414 2028 gloriosique
1446 1936 1777 2027 Principis
1810 1932 2069 2028 aliquid
2094 1935 2297 2002 etiam
2324 1957 2409 2001 ex
2441 1933 2627 2002 Urbe
2658 1939 2835 2004 Her-

707 2041 844 2110 culi
890 2041 1124 2110 sacra4
1159 2061 1502 2114 sumeret:
1554 2042 1983 2138 abusumque
2023 2041 2389 2112 audentius
2426 2042 2787 2112 mendacio
2808 2098 2842 2128 ‚,

707 2152 896 2248 quod
921 2169 1078 2222 ante
1113 2174 1371 2224 annum
1393 2155 1537 2222 fere
1559 2172 1759 2222 natus
1786 2157 2191 2224 Germanico
2216 2154 2399 2224 filius
2420 2156 2659 2224 Tiburi
2680 2156 2831 2224 fue-

707 2280 844 2346 rat,
869 2263 1250 2357 appellatus
1268 2283 1346 2342 ,et
1367 2268 1510 2360 ipse
1534 2270 1607 2334 C.
1628 2270 1883 2348 Caesar3
1910 2264 1997 2332 de
2022 2263 2219 2359 cujus
2242 2264 2513 2335 amabili
2538 2267 2832 2358 pueritia

709 2377 1208 2470 immaturoque
1241 2373 1434 2444 obitu
1465 2401 1675 2470 supra
1709 2375 2023 2446 diximus,
2064 2377 2357 2446 Plinium
2396 2377 2619 2468 arguit
2650 2376 2827 2442 ratio

709 2501 1116 2581 temporum.
1148 2492 1322 2559 Nam
1358 2473 1477 2587 qui
1517 2514 1629 2559 res
1666 2493 1951 2583 Augusti
1990 2490 2333 2559 memorioe
2372 2484 2787 2558 mandarunt
2805 2540 2824 2569 ,

780 2680 915 2735 vm.
939 2701 958 2735 1
971 2721 986 2737 .
1009 2685 1191 2736 Pridie
1206 2685 1478 2741 Kalendas
1493 2687 1725 2758 Septem-

707 2760 830 2813 bres.
871 2762 1145 2813 Consentit
1179 2764 1318 2829 Dio,
1354 2764 1501 2829 le,
1542 2780 1605 2831 7,
1639 2762 1721 2816 σὺ

709 2841 982 2896 «anomala
1025 2842 1110 2894 τοῦ
1165 2838 1440 2908 Αὐγούστου
1490 2842 1723 2897 natalem

710 2922 826 2991 ojus
855 2922 1056 2973 dicens.
1087 2920 1273 2974 Annus
1303 2923 1404 2981 fuit
1434 2920 1553 2991 765.

783 3016 832 3052 2.
875 3002 969 3051 Cn.
1003 2999 1256 3064 Lentulus
1292 3000 1591 3055 Goetulicus.
1626 2999 1722 3050 Di-

709 3077 1084 3148 stinguendum
1109 3077 1422 3131 Gaetulieum
1439 3098 1470 3130 a
1494 3078 1724 3131 Lentulo

710 3158 954 3227 Augure,
987 3158 1054 3210 de
1079 3177 1188 3231 quo
1215 3158 1415 3211 dietum
1441 3158 1512 3213 ad
1543 3158 1727 3211 Tiber-

710 3236 809 3306 49,
840 3256 902 3290 ae
928 3238 1066 3295 duos
1091 3240 1255 3292 fuisse
1283 3238 1595 3302 Gaetulicus,
1629 3256 1725 3309 pa·

711 3332 873 3386 trem,
907 3321 1059 3388 cujus
1096 3333 1322 3372 mortem
1359 3321 1520 3373 refert
1548 3319 1723 3371 Tacit.

710 3398 903 3450 Annal.
947 3400 1037 3466 lv,
1074 3399 1176 3467 44,
1217 3398 1287 3451 ad
1325 3418 1452 3453 ann.
1489 3402 1593 3470 778
1613 3396 1643 3469 ,⁶
1670 3412 1723 3453 et

711 3479 911 3545 fllium,
949 3479 1016 3531 de
1049 3500 1156 3552 quo
1191 3479 1277 3531 hic
1310 3500 1516 3547 seme,
1552 3481 1723 3536 histo-

711 3562 801 3612 riis
816 3560 1246 3632 carminibusque
1259 3578 1408 3633 aeque
1427 3560 1721 3626 celebrem,

711 3638 1002 3693 Consulem
1031 3660 1150 3693 ann.
1176 3656 1306 3712 779,
1335 3642 1669 3695 interfectum
1687 3661 1722 3694 a

709 3719 954 3791 Caligula
987 3738 1106 3773 anm
1147 3736 1246 3791 79²
1287 3721 1359 3773 ob
1393 3723 1723 3793 conjuratio-

713 3818 836 3851 nem
855 3798 1003 3870 (vide
1019 3801 1174 3852 Dion.
1195 3800 1338 3865 Lm,
1359 3818 1452 3866 υ,
1469 3813 1522 3853 et
1542 3804 1721 3853 Nostr-

711 3878 902 3932 Claud.
943 3878 1035 3950 9),
1073 3878 1235 3933 docet
1269 3880 1412 3951 Lips.
1450 3880 1520 3935 ad
1550 3882 1721 3932 Tacit.

713 3958 909 4011 Annal.
930 3958 964 4009 l.
979 3978 1027 4011 c.
1045 3958 1140 4011 ubi
1157 3958 1474 4030 scriptores,
1493 3960 1586 4031 qui
1602 3976 1725 4012 eum

715 4055 1100 4106 memoravero,
1124 4052 1322 4093 citavit.

788 4118 839 4171 3.
883 4118 938 4173 V
935 4120 1014 4173 ico
1053 4119 1378 4172 Ambiatino.
1427 4119 1508 4172 De
1545 4116 1730 4172 ortho-

715 4198 942 4271 graphia
984 4200 1214 4253 nominis
1263 4196 1549 4269 (scribitur
1588 4200 1731 4253 enim

1811 2687 1987 2754 varie)
2027 2686 2242 2758 locique
2284 2685 2427 2751 situ,
2467 2680 2587 2735 vide
2630 2678 2823 2734 Cellar.

1813 2768 2005 2835 Geogr.
2037 2767 2162 2817 Ant.
2198 2768 2274 2830 11,
2304 2766 2367 2828 3,
2406 2780 2530 2833 pag.
2571 2762 2669 2814 321
2714 2782 2823 2834 seq.

1809 2842 1936 2893 coll.
1966 2843 2153 2893 Manu.
2178 2842 2375 2909 Geogr.
2398 2843 2564 2893 Graee.
2591 2851 2644 2891 et
2671 2840 2822 2892 Rom.

1811 2920 1919 2973 vol.
1951 2922 2024 2984 ΙΙ,
2048 2938 2106 2990 p.
2134 2920 2229 2972 185
2254 2937 2367 2989 seq.
2398 2947 2471 2957 -
2497 2918 2826 2994 Confluentes

1813 3012 1937 3053 sunt
1966 2998 2199 3050 Mosellae
2228 3012 2279 3050 et
2307 2996 2510 3063 Rheni,
2538 2994 2699 3049 hodie
2732 2999 2823 3049 Co-

1812 3076 2001 3133 b‘lentz.
2027 3082 2302 3144 Ceterum,
2324 3078 2482 3131 Plinii
2506 3080 2823 3131 sententiam

1812 3161 2093 3215 confirmat
2118 3160 2289 3211 Tacit.
2321 3161 2373 3221 1,
2396 3157 2485 3225 41,
2514 3180 2539 3204 α
2560 3159 2735 3209 infans
2766 3160 2819 3209 in

1812 3241 1989 3296 eastris
2009 3240 2247 3310 genitus,
2276 3240 2333 3290 in
2367 3236 2723 3289 contubernio
2752 3235 2821 3289 le-

1814 3322 2031 3392 gionum
2054 3316 2278 3371 eductus
2292 3356 2309 3384 ,
2332 3336 2491 3389 quem
2508 3315 2719 3367 militari
2736 3332 2824 3369 vo·

1812 3398 2005 3452 cabulo
2018 3398 2311 3470 Caligulam
2326 3395 2686 3469 appellabant,
2696 3409 2821 3447 etc.»

1810 3482 1912 3533 Pro
1935 3481 2125 3533 Tacito
2150 3491 2355 3551 pugnat
2376 3480 2618 3549 Lipsius,
2647 3478 2702 3527 in
2726 3477 2821 3528 Ex·

1811 3578 1973 3613 cursu
1996 3560 2067 3612 ad
2090 3559 2273 3611 locum
2296 3561 2548 3619 citatum;
2579 3574 2677 3627 pro
2702 3556 2821 3608 Sue-

1812 3640 1963 3691 tonio
1988 3641 2261 3691 Ernestius
2290 3635 2360 3689 ad
2387 3649 2648 3689 nostrum.
2672 3635 2820 3687 Arhi-

1794 3732 1893 3771 ·ter
1920 3717 2081 3771 hodie
2112 3736 2275 3771 nemo
2304 3718 2500 3783 fuerit,
2532 3734 2633 3769 nee
2668 3717 2821 3769 refert

1811 3812 1921 3850 tam
1964 3811 2209 3851 accurate
2253 3800 2387 3851 scire
2430 3796 2611 3850 natale
2652 3794 2819 3857 solum

1812 3880 2047 3931 monstri.
2062 3880 2277 3951 Optime
2286 3892 2467 3931 tamen
2480 3862 2727 3933 Oudend.
2744 3874 2820 3927 di-

1815 3972 1997 4030 sputat
2016 3960 2070 4009 in
2092 3972 2221 4010 nota
2240 3958 2274 4011 6
2292 3957 2360 4011 ad
2378 3956 2484 4009 boc
2504 3970 2698 4027 caput,
2720 3973 2819 4027 qua

1814 4038 2057 4091 Suetonii
2082 4050 2391 4109 argumenta
2412 4035 2711 4087 coufirmat.

1890 4120 1943 4187 4.
1978 4120 2065 4171 Ex
2094 4118 2219 4170 urbe
2248 4113 2467 4171 Here-dc·
2498 4134 2661 4170 taem.
2692 4112 2817 4171 vide

1822 4198 1890 4253 ud
1918 4200 2145 4271 August.
2178 4214 2263 4269 7²·
