3050 5004
693 487 770 530 12
1441 465 1514 529 C.
1568 464 2042 531 SUETONII

679 588 1130 682 manipulario
1161 585 1400 654 habitu
1429 589 1608 654 inter
1635 587 1882 655 milites
1916 586 2353 656 educabatur.
2386 587 2585 682 Apud
2618 615 2793 684 quos

679 715 1013 794 quantum
1039 713 1371 792 praeterea
1399 722 1524 791 per
1555 698 1735 767 hanc
1764 702 2338 767 nutrimentorum
2366 700 2796 768 consuetudi-

678 834 839 879 nem
885 833 1116 878 amore
1165 826 1234 877 et
1280 813 1493 901 gratia
1537 809 1865 893 valuerit,
1917 814 2208 879 maxime
2258 815 2611 904 cognitum
2650 830 2792 896 est,

681 947 898 1016 quum
931 937 1088 1014 post
1123 945 1477 989 excessum
1509 925 1799 1014 Augusti
1833 921 2364 1004 tumultuanteS,
2402 939 2477 990 et·
2503 926 2575 990 in
2610 923 2797 994 furo·

681 1056 830 1102 rem
864 1055 1082 1126 usqne
1121 1035 1535 1125 praecipites,
1574 1031 1760 1100 solus
1799 1032 1987 1101 haud
2022 1031 2226 1100 dubie
2264 1049 2637 1126 conspectu·
2668 1057 2797 1100 suo

681 1143 887 1212 flexit.
916 1148 1070 1211 Non
1094 1146 1275 1211 enim
1299 1148 1487 1238 prius
1512 1142 1947 1228 destiterunt,
1975 1169 2183 1240 quam
2204 1144 2503 1237 ablegari
2527 1168 2682 1212 eum
2706 1143 2799 1212 ob

683 1255 1028 1326 seditionis
1058 1256 1440 1350 periculum
1459 1310 1477 1341 ‚
1517 1274 1588 1325 et
1619 1261 1691 1325 in
1730 1259 2111 1351 proximam
2149 1255 2801 1326 civitatemdeman-

685 1368 867 1436 dari²
889 1422 905 1452 ,
945 1367 1599 1437 animadvertissent.
1645 1373 1844 1437 Tunc
1886 1367 2165 1462 demum
2209 1369 2295 1438 ad
2337 1369 2800 1463 poenitentiam

685 1482 895 1560 versi,
939 1489 1266 1574 reprenso
1297 1504 1378 1547 ac
1413 1496 1677 1548 retento
1710 1479 2055 1561 vehiculu,
2090 1479 2446 1560 invidiam,
2481 1502 2633 1574 quae
2671 1476 2799 1544 sibi

684 1588 903 1672 fieret,
940 1589 1282 1683 deprecati
1313 1589 1536 1658 sunt3.

778 1705 870 1774 X..
911 1705 1284 1770 Comitatus
1312 1718 1415 1770 est
1438 1717 1707 1795 patrem
1730 1720 1798 1770 et
1828 1706 2099 1796 Syriaca
2128 1701 2571 1795 expeditione.
2600 1699 2799 1769 Unde

685 1835 1002 1884 reversus
1022 1817 1322 1906 primum
1347 1817 1420 1880 in
1441 1817 1679 1880 matris
1694 1865 1713 1896 ‚
1739 1812 1981 1880 deinde
1998 1865 2016 1895 ,
2044 1837 2125 1880 ea
2146 1811 2437 1905 relegata
2455 1864 2473 1893 ,
2498 1812 2569 1878 in
2592 1812 2798 1878 Liviae

687 1928 1014 2014 Augustae.
1037 1925 1336 2016 proavia}
1354 1947 1496 1990 suae
1532 1923 1977 1991 contubernio
2008 1924 2290 1989 mansit:
2322 1946 2531 2017 quam
2560 1919 2803 1989 defun·

687 2049 866 2100 ctam
889 2049 1325 2127 praetextatus
1348 2035 1551 2102 etiam
1570 2047 1720 2100 tum
1736 2043 1750 2070 ¹
1784 2056 1911 2125 pro
1936 2033 2195 2100 Rostris
2220 2029 2561 2098 laudavit:
2588 2047 2801 2098 trans—

687 2146 899 2240 iitque
926 2145 1014 2213 ad
1041 2146 1402 2214 Antoniam
1425 2146 1681 2226 aviam,
1706 2159 1775 2212 et
1802 2145 2322 2211 unetvicesimo²
2346 2144 2556 2210 aetatis
2586 2166 2803 2223 anne,

685 2257 942 2324 accitus
977 2262 1269 2349 Capreas
1305 2281 1348 2322 a
1384 2254 1691 2339 Tiberio,
1738 2279 1877 2322 uno
1914 2271 2117 2350 atque
2156 2252 2397 2322 eodem
2433 2253 2541 2322 die
2574 2269 2802 2346 togam

687 2506 859 2559 Tacit.
888 2506 1078 2560 Annal.
1110 2508 1164 2574 1,
1193 2506 1256 2574 41
1283 2528 1296 2559 z
1328 2530 1350 2553 a
1369 2506 1589 2561 Militari
1610 2526 1703 2561 vo-

689 2582 883 2641 cabulo
897 2586 1186 2657 Caligulam
1201 2586 1562 2659 appellabant,
1578 2590 1701 2659 quia

690 2662 1008 2737 plerumque
1059 2668 1128 2720 ad
1177 2669 1512 2720 concilianda
1560 2668 1703 2739 vulgi

690 2742 866 2798 studia
889 2763 953 2795 eo
973 2746 1203 2813 tegmine
1228 2743 1426 2814 pedum
1451 2746 1706 2797 indueba-

691 2834 796 2875 tur.
819 2846 842 2869 n
869 2822 950 2875 cf.
977 2822 1108 2889 Dio,
1131 2826 1297 2890 LVII,
1324 2823 1380 2888 53
1407 2826 1537 2876 Aur.
1566 2828 1701 2877 Vict.
1732 2876 1737 2881 ,

691 2920 810 2971 cap.
841 2902 900 2969 3,
930 2914 981 2953 et
1004 2904 1130 2963 Caes.
1159 2904 1218 2965 33
1253 2903 1436 2964 Senec.
1465 2904 1533 2957 de
1562 2906 1705 2965 Con-

693 2991 851 3033 stant.
875 2981 999 3052 Sap.
1035 2984 1114 3036 18.
1139 2984 1218 3033 De
1239 2982 1344 3034 hoc
1369 2983 1704 3035 calciamenti

693 3078 884 3129 genere
905 3060 1024 3114 vide
1050 3064 1346 3131 Nigronum
1360 3102 1378 3131 ,
1404 3062 1470 3114 de
1493 3064 1701 3135 Caliga,

695 3158 743 3190 c.
766 3139 826 3205 ᾗς
851 3139 1093 3193 Balduin.
1113 3140 1362 3194 Calceum
1382 3144 1675 3215 Antiquum
1689 3182 1707 3211 ,

693 3238 811 3291 cap.
847 3219 936 3283 13;
969 3220 1174 3273 Ruben.
1211 3220 1278 3273 de
1311 3224 1385 3275 Re
1410 3225 1705 3291 vestiaria,

695 3298 774 3362 11,
812 3316 854 3349 ι.

771 3396 818 3430 2.
849 3380 922 3433 Et
940 3381 998 3432 in
1016 3381 1314 3452 proximam
1335 3384 1599 3435 civitatem
1621 3382 1707 3433 de-

695 3461 941 3513 mandari
949 3483 969 3521 ‚·
991 3462 1044 3511 in
1064 3462 1336 3515 Treveros.
1361 3463 1514 3514 Conf.
1536 3464 1704 3515 Tacit.

696 3542 890 3597 Annal.
914 3545 964 3609 Ι,
989 3542 1059 3608 40
1077 3562 1188 3615 seq.
1213 3546 1346 3609 Dio,
1371 3544 1410 3597 l.
1435 3565 1478 3597 c.
1509 3557 1514 3563 “

771 3620 821 3675 3.
861 3622 1118 3693 Repu-evaso
1125 3660 1248 3673 .....
1279 3622 1550 3690 vehiculu,
1576 3625 1709 3676 invi·

697 3700 864 3753 diam.
881 3742 892 3752 .
910 3741 920 3751 .
939 3741 950 3753 .
985 3700 1245 3775 deprecati
1279 3714 1419 3757 sunt.
1453 3706 1670 3755 Tacitus
1694 3725 1707 3755 ε

706 3803 730 3827 α
747 3781 848 3834 Sed
874 3780 1002 3832 nihil
1024 3800 1170 3853 aeque
1195 3782 1363 3849 flexit,
1393 3802 1549 3854 quam
1580 3784 1710 3833 invi-

698 3859 786 3914 dia
815 3863 869 3913 in
890 3862 1150 3914 Treveros
1169 3884 1183 3924 ;
1208 3876 1359 3913 orant
1376 3901 1392 3927 ,
1417 3862 1679 3913 obsistunt
1698 3899 1715 3927 ‚

699 3940 922 4006 rediret,
953 3954 1221 4006 maneret,
1257 3958 1380 4012 pars
1409 3942 1711 4013 Agrippinae

700 4035 1068 4087 occursantes,
1099 4020 1314 4093 plurimi
1343 4019 1715 4073 ad.Germani-

703 4118 825 4152 cum
850 4101 1088 4170 regressi.
1113 4123 1134 4145 ι
1163 4098 1374 4150 Invidia
1389 4096 1559 4171 fiebat
1580 4098 1711 4149 mili-

704 4177 871 4244 tibus,
902 4178 1045 4249 quod
1083 4176 1226 4251 apud
1254 4179 1511 4230 Treveros
1549 4180 1711 4229 tutius

1792 2526 2071 2561 mansuros
2116 2506 2224 2559 dux
2260 2505 2593 2579 judicaverat
2634 2522 2760 2557 suos
2781 2543 2798 2571 ‚

1792 2606 1950 2661 quam
1976 2588 2034 2638 in
2056 2584 2265 2638 illorum
2296 2587 2495 2638 castris.

1862 2670 1929 2720 X.
1986 2684 2029 2719 t.
2073 2670 2417 2720 Praetextatus
2457 2667 2618 2718 etiam
2658 2678 2767 2717 tum
2784 2686 2803 2725 ,-

1794 2762 1964 2798 annos
2002 2758 2157 2797 natus
2193 2747 2284 2810 16,
2326 2764 2489 2817 quum
2520 2743 2692 2795 lucem
2728 2745 2807 2794 vi-

1794 2827 1957 2877 disset
1987 2844 2112 2877 ann.
2142 2826 2273 2896 765,
2302 2826 2447 2876 Livia
2481 2824 2651 2877 obiret
2675 2842 2801 2875 anu.

1796 2907 1916 2975 782.
1936 2904 2071 2955 Vide
2090 2905 2268 2958 Tiber.
2292 2903 2352 2957 51
2366 2932 2471 2955 .-—
2491 2904 2599 2955 Pro
2620 2904 2809 2957 Rostris

1796 2984 2051 3039 laudavit.
2070 2988 2240 3039 Tacit.
2265 2984 2450 3036 Annal.
2470 2986 2533 3049 V,
2561 3002 2607 3045 ι,
2634 3008 2654 3029 α
2672 2984 2805 3035 Lau-

1794 3064 1917 3117 dsta
1956 3080 2036 3117 est
2072 3084 2171 3137 pro
2200 3068 2403 3117 Rostris
2442 3084 2471 3115 a
2512 3062 2570 3116 C.
2604 3064 2806 3115 Caesare

1795 3159 2124 3218 pronepote,
2150 3148 2243 3218 qui
2262 3164 2385 3197 mox
2408 3163 2580 3196 rerum
2606 3146 2807 3215 potitus

1802 3239 1899 3279 est.
1924 3250 1945 3273 n

1872 3324 1919 3357 2.
1947 3306 2341 3359 Uneevicesimo.
2365 3307 2683 3375 Recepimus
2697 3305 2809 3356 Ou-

1796 3384 2080 3456 dendorpii
2099 3385 2525 3436 emendationem
2546 3422 2562 3447 ‚
2586 3382 2811 3451 jubente

1800 3466 1963 3515 etiam
1987 3464 2205 3515 Wolfio.
2231 3463 2406 3533 Vulgo
2428 3462 2811 3513 undevicesimo

1799 3554 1851 3594 et
1874 3543 1995 3593 inde
2015 3542 2271 3593 vicesimo.
2296 3540 2397 3593 Sed
2417 3540 2589 3590 Tacit.
2612 3538 2809 3589 Annal.

1798 3622 1901 3688 vl,
1940 3638 2032 3687 20,
2064 3620 2130 3672 ad
2170 3638 2296 3672 ann.
2338 3618 2474 3687 786,
2503 3619 2668 3670 aetatis
2698 3618 2812 3669 Caii

1798 3702 2231 3753 unetvicesimum
2245 3736 2261 3763 ,
2284 3722 2304 3746 ιι
2322 3698 2429 3751 Sub
2446 3697 2587 3749 idem
2601 3710 2813 3767 tempus

1799 3783 1858 3834 C.
1884 3782 2074 3846 Caesar,
2112 3780 2407 3835 discedenti
2444 3778 2675 3849 Capreas
2714 3796 2813 3828 avo

1802 3878 2015 3923 οοωεε,
2041 3860 2116 3909 Μ.
2148 3859 2311 3911 Silani
2342 3858 2531 3923 filiam,
2561 3857 2813 3926 conjugio

1802 3940 2027 4009 accepit.
2050 3960 2072 3983 ι
2096 3938 2159 3990 ld
2180 3952 2355 3991 autem
2380 3939 2607 3999 factum,
2634 3948 2815 3987 aucto-

1802 4036 1859 4069 re
1886 4018 2115 4084 Nostro,
2145 4038 2264 4089 cap.
2295 4036 2388 4083 η,
2414 4034 2519 4067 non
2546 4014 2617 4065 ita
2640 4012 2813 4065 multo

1800 4110 1917 4169 post
1944 4110 2173 4149 sumtam
2202 4110 2397 4167 togam.
2432 4093 2575 4145 Alias
2602 4091 2813 4145 dixisset

1804 4177 2094 4247 insequenti
2115 4195 2276 4227 ατιηο.
