3050 5004
650 467 782 547 440
1400 464 1470 527 c.
1524 462 1991 535 sUE'roml

644 604 871 657 autem
916 610 1030 654 eas
1082 585 1534 679 appellatione
1582 591 1818 655 Graeca
1863 604 2132 667 συνθέσεις
2171 588 2539 656 vocabant:
2591 613 2743 662 mox

644 701 1089 767 controversias
1124 694 1436 791 quidam,
1480 694 1604 765 sed
1637 714 1758 764 aut
1767 699 1964 789 fictas
1981 750 1998 779 ,
2038 713 2157 765 aut
2180 700 2544 787 judiciales,
2589 699 2746 767 Illu-

645 823 816 877 stres
844 806 1259 901 professores
1275 859 1293 890 ,
1324 822 1393 874 et
1418 830 1712 901 quorum
1737 810 2064 874 memoria
2087 806 2314 903 aliqua
2337 824 2746 891 exstet,·non

638 904 895 991 temere
922 919 1034 990 alii
1060 922 1483 1014 reperientur
1502 971 1520 1002 ,
1554 943 1764 1014 quam
1792 918 1878 987 de
1909 917 2158 1013 quibus
2185 918 2468 989 tradam.

738 1036 826 1101 11.
876 1037 953 1099 L.
988 1036 1269 1099 PLo'rms
1294 1034 1582 1099 GALLus.
1610 1036 1708 1098 De
1735 1029 1866 1097 hoc
1887 1032 2120 1097 Cicero
2145 1041 2160 1069 ¹
2188 1029 2277 1098 ad
2302 1036 2396 1098 M.
2425 1034 2750 1099 Titinium

646 1146 743 1211 sic
773 1143 1014 1210 refert:
1059 1173 1085 1203 α
1108 1142 1440 1237 Equidem
1470 1144 1800 1209 memoria
1832 1156 2030 1209 teneo
2051 1193 2068 1222 ‚
2097 1144 2326 1234 pueris
2355 1142 2585 1227 nobis,
2621 1144 2753 1235 pri-

642 1278 835 1322 mum
872 1256 1127 1321 Latine.
1146 1252 1391 1321 docere
1436 1256 1720 1345 coepisse
1764 1256 1841 1319 L.
1887 1251 2182 1321 Plotium
2226 1252 2572 1347 quendam
2604 1280 2620 1319 :
2665 1252 2754 1321 ad

644 1389 851 1459 quem
877 1389 1095 1460 quum
1124 1364 1317 1433 fieret
1346 1388 1720 1433 concursus
1740 1416 1758 1447 ,
1789 1364 1977 1459 quod
2003 1362 2538 1433 studiosissimus
2575 1366 2754 1459 quis-

644 1500 778 1571 que
814 1474 999 1571 apud
1036 1500 1194 1543 eum
1228 1492 1678 1557 exerceretur,
1719 1474 2066 1557 dolebam,
2102 1474 2268 1544 mihi
2305 1474 2484 1543 idem
2510 1495 2654 1542 non
2684 1473 2758 1542 li-

585 1636 592 1645 ,
644 1610 821 1656 cere.
855 1586 1264 1657 Continebar
1296 1606 1528 1654 autem
1567 1585 2115 1655 doctissimorum
2146 1586 2502 1654 hominum
2533 1600 2754 1653 aucto-

644 1701 839 1766 ritate
857 1748 875 1782 ‚
909 1702 1031 1793 qui
1070 1697 1540 1767 existimabant
1553 1750 1571 1781 ,
1605 1698 1856 1765 Graecis
1883 1695 2472 1764 exercitationibus
2503 1696 2594 1764 ali
2625 1720 2758 1764 me-

642 1806 773 1877 lius
794 1810 1065 1901 ingenia
1087 1832 1288 1901 posse
1298 1808 1347 1899 ῑξ.
1373 1839 1401 1869 n
1429 1813 1630 1877 Hunc
1653 1806 1948 1876 eundem
1969 1812 2154 1895 (nam
2172 1805 2552 1876 diutissime
2571 1810 2754 1893 vixit)

646 1924 745 1987 M.
772 1918 1021 1987 Coelius
1046 1921 1115 1986 in
1154 1922 1485 2000 oratione,
1523 1943 1733 2013 quam
1769 1944 1894 2013 pro
1937 1942 2009 1987 se
2043 1915 2128 1985 de
2159 1920 2225 1986 vi
2256 1917 2526 2001 habuit,
2565 1920 2759 2011 signi·

648 2030 895 2101 ficabat
921 2030 1209 2099 dictasse
1239 2034 1581 2114 Atratino,
1616 2034 1992 2099 accusatori
2026 2055 2187 2114 suo,
2217 2033 2589 2099 actionem.
2617 2029 2760 2099 sub-

650 2157 996 2236 tractoque
1038 2144 1348 2226 nomine,
1397 2171 1425 2203 a
1448 2140 1884 2210 hordearium
1905 2172 1933 2203 n
1971 2166 2130 2209 eum
2171 2170 2198 2201 κ
2225 2140 2569 2209 rhetorem
2596 2172 2624 2203 a·
2655 2165 2762 2233 ap·

648 2250 894 2346 pellat,
924 2249 1279 2335 deridens,
1304 2270 1381 2321 ut
1406 2252 1720 2321 inflatum
1741 2276 1822 2320 ac
1844 2251 2066 2321 levem
2087 2268 2156 2319 et
2179 2251 2550 2320 sordidum.

744 2366 1385 2432 111.L.Oucn.ms
1414 2368 1680 2431 Plu-rus
1710 2365 1996 2431 servisse
2023 2362 2302 2446 dicitur,
2331 2380 2536 2458 atque
2565 2366 2762 2431 etiam

652 2477 965 2544 ostiarius
990 2479 1200 2546 veteri
1225 2499 1415 2544 more
1440 2478 1509 2542 in
1532 2492 1770 2544 catena
1792 2475 2036 2559 fuisse3
2063 2473 2284 2543 donec
2309 2473 2398 2542 ob
2421 2476 2764 2566 ingenium

652 2613 733 2657 ac
786 2587 1089 2657 studium
1137 2586 1487 2658 literarum
1543 2589 2033 2671 manumissus,
2081 2588 2426 2655 accusanti
2480 2604 2766 2681 patrono

652 2699 1053 2792 subscripsit
1070 2716 1113 2767 ¹.
1151 2699 1409 2768 Deinde
1442 2697 1872 2768 Rhetoricam
1907 2697 2285 2792 professus,
2315 2702 2438 2765 Cn.
2486 2703 2767 2792 Pompe-

651 2813 799 2878 ium
820 2816 1149 2902 Magnum
1172 2807 1407 2878 docuit
1420 2863 1437 2893 ,
1463 2812 1810 2905 patrisque
1830 2807 1977 2902 ejus
1997 2833 2105 2878 res
2125 2825 2344 2901 gestas
2360 2862 2378 2893 ,
2398 2834 2526 2878 nec
2543 2814 2766 2879 minus

653 2923 863 3013 ipsius
880 2973 899 3004 ,
939 2921 1404 3015 compluribus
1442 2921 1632 2994 libris
1671 2923 2016 3015 exposuit;
2055 2924 2318 3014 primus
2355 2923 2660 2990 omnium
2698 2921 2768 2990 li-

653 3030 1105 3112 bertinorum,
1148 3049 1227 3098 ut
1269 3031 1622 3100 Cornelius
1665 3037 1889 3124 Nepos
1935 3033 2286 3124 opinatur,
2331 3032 2623 3102 scribere
2667 3033 2768 3102 hi-

656 3143 933 3210 storiam
970 3164 1167 3209 orsus
1188 3195 1205 3224 ,
1251 3165 1391 3209 non
1430 3145 1565 3210 nisi
1605 3142 1692 3210 ab
1733 3142 2211 3212 honestissimo
2253 3167 2528 3238 quoque
2569 3143 2767 3212 scribi

658 3252 950 3322 solitam.

756 3371 869 3434 IV.
922 3363 1023 3432 Ad
1052 3365 1123 3434 id
1154 3382 1457 3460 tempus¹
1496 3371 1794 3450 EPmmS,
1825 3367 2162 3436 calumnia
2187 3381 2461 3434 notatus
2481 3417 2500 3448 ,
2529 3364 2768 3434 ludum

661 3473 929 3545 dicendi
949 3479 1251 3570 aperuit:
1280 3477 1646 3575 docuitque
1669 3481 1845 3547 inter
1868 3473 2126 3547 ceteros
2152 3483 2245 3545 M.
2272 3479 2646 3544 Antonium
2663 3531 2680 3559 ,
2705 3491 2769 3544 et

660 3592 1063 3681 Augustum.
1104 3589 1363 3674 Quibus
1406 3589 1754 3684 quondam
1790 3593 1863 3657 C.
1899 3591 2222 3656 Canutius
2242 3641 2258 3672 ‚
2298 3585 2768 3680 objicientibus

662 3697 789 3766 sibi
807 3750 825 3781 ,
861 3695 1045 3793 quod
1077 3701 1148 3769 in
1182 3700 1554 3792 Republica
1583 3698 2120 3768 administranda
2150 3701 2578 3791 potissimum
2613 3721 2768 3766 con·
2815 3683 2824 3691 ’

730 3929 990 3982 11.1.De
1013 3929 1113 3984 hoc
1137 3931 1345 3999 Cicera,
1369 3945 1471 3984 etc.
1496 3933 1552 3984 in
1580 3932 1670 3984 de·
1761 3945 1950 3985 tronus
1987 3930 2248 3998 haberet,
2288 3933 2404 4002 ipse
2440 3932 2766 4022 composuin

661 4006 881 4081 perditis
905 4009 1163 4081 epistolis.
1761 4009 1907 4063 hunc
1933 4009 2132 4082 adjuvit
2157 4022 2269 4062 arte
2293 4027 2406 4062 sua.

730 4089 819 4142 111.
854 4107 897 4142 ι.
918 4089 1201 4144 Accusavit?
1216 4101 1442 4164 patrono
1458 4092 1670 4144 subscri·
1831 4092 1919 4142 lv.
1943 4109 1988 4144 ι.
2007 4090 2097 4142 Aa
2113 4089 2168 4141 id
2187 4100 2404 4161 tempus.
2427 4089 2766 4142 A1.Ad··dem

660 4169 792 4240 psit,-
820 4170 1117 4238 orationes,
1148 4189 1283 4244 quas
1316 4173 1371 4224 in
1401 4174 1538 4225 Foro
1565 4190 1669 4244 pa·
1763 4183 1984 4243 tempus,
2013 4191 2073 4224 ex
2099 4170 2492 4224 emendatione.
