3050 5004
538 784 958 979 AULI
1060 783 1629 907 PERSII
1735 782 2193 915 VITA.

328 1402 589 1509 Annus
620 1444 885 1508 Pansms
908 1444 1201 1508 FLACCUS
1232 1454 1433 1507 natus
1467 1448 1602 1507 est·
1638 1436 1854 1531 pridie
1887 1444 2116 1506 Nonas
2145 1444 2418 1507 Decem-

322 1552 461 1619 bris
481 1605 498 1634 ,
544 1550 749 1619 Fabio
797 1554 1095 1633 Persico,
1140 1554 1215 1617 L.
1262 1550 1533 1657 Vitellio
1557 1604 1574 1633 ‚
1619 1534 2064 1619 Consulibus.
2123 1554 2424 1620 Decessit

324 1680 633 1731 octavum
668 1661 1005 1730 Kalendas
1031 1662 1348 1730 Decemh.
1384 1660 1622 1729 Publio
1646 1665 1862 1729 Mario
1881 1714 1898 1743 ‚
1931 1664 2162 1729 Asinio
2189 1661 2420 1746 Gallo,
2471 1662 2476 1667 ’

323 1770 754 1841 ConsulibuS.
776 1778 987 1840 Natus
1008 1774 1079 1839 in
1098 1774 1365 1840 Etruria
1384 1771 1753 1841 Volaterris
1766 1823 1782 1851 ,
1802 1775 2024 1865 Eques
2045 1777 2389 1838 Romanus
2406 1823 2423 1853 ,

325 1887 653 1976 sanguine
688 1900 755 1952 et
785 1884 1109 1953 affinitate
1140 1886 1342 1978 primi
1368 1881 1624 1953 ordinis
1657 1887 1817 1951 viris
1851 1881 2285 1975 conjunctus,
2318 1881 2428 1952 de-

325 1998 524 2062 cessit
554 1993 643 2061 ad
680 2011 993 2063 octavum
1027 1994 1415 2064 milliarium
1450 1998 1560 2063 via
1594 1998 1807 2089 Appia
1841 1997 1910 2061 in
1946 1994 2221 2087 praediis
2259 1996 2421 2063 suis.

325 2108 520 2171 Pater
547 2101 695 2197 ejus
726 2103 1005 2172 Flaccus
1036 2104 1378 2197 pupillum
1410 2104 1686 2199 reliquit
1721 2108 2048 2189 moriens,
2089 2128 2426 2172 annorum

284 2221 289 2231 '
325 2215 465 2283 fere
518 2238 655 2283 sex.
713 2214 947 2283 Fulvia
996 2218 1299 2285 Sisennia
1350 2234 1568 2285 mater
1618 2220 1850 2309 nupsit
1901 2230 2134 2307 postea
2181 2218 2423 2299 Fusio,

325 2328 547 2419 Equiti
578 2331 918 2393 Romano:
955 2346 1023 2393 et
1048 2352 1207 2397 eum
1241 2352 1513 2422 quoque
1547 2327 1784 2396 extulit
1811 2330 1986 2393 intra
2019 2350 2270 2419 paucos
2304 2338 2428 2393 an-

325 2460 475 2506 nos.
500 2436 769 2507 Studuit
790 2438 1069 2508 Flaccus
1094 2462 1311 2535 usque
1335 2439 1422 2507 ad
1446 2464 1706 2508 annum
1725 2438 2210 2508 duodecimum
2230 2438 2427 2508 Vola-

326 2548 557 2615 terris:
593 2546 751 2616 inde
778 2554 1009 2616 Romae
1040 2549 1224 2642 apud
1258 2553 1773 2642 grammaticum
1809 2552 2190 2618 Remmium
2225 2548 2428 2615 Palae-

327 2683 601 2726 monem
624 2713 641 2743 ,
697 2675 765 2727 et
812 2659 997 2753 apud
1043 2659 1384 2730 rhetorem
1424 2663 1799 2754 virginium
1847 2660 2150 2728 Flavum.
2200 2665 2428 2748 Quum

328 2784 506 2837 esset
543 2791 882 2836 annorum
924 2769 1250 2852 sedecim,
1290 2773 1580 2839 amicitia
1622 2773 1826 2862 coepit
1861 2774 1964 2838 uti
2000 2773 2236 2839 Annaei
2270 2771 2432 2836 Cor·

328 2881 510 2962 nuti,
545 2882 637 2947 ita
668 2897 745 2946 ut
777 2878 861 2946 ab
896 2905 977 2949 eo
1008 2897 1386 2975 nusquam2
1421 2877 1836 2948 discederet:
1873 2905 1912 2948 a
1946 2901 2082 2976 quo
2115 2879 2430 2950 inductus

328 2988 753 3082 aliquatenus
782 2993 851 3056 in
885 2990 1385 3084 philosophiam
1412 3008 1536 3059 est.
1576 2993 1840 3058 Amicos
1871 2991 2110 3059 habuit
2143 3014 2184 3057 a
2210 2994 2432 3083 prima

329 3096 781 3168 adolescentia
830 3103 1121 3169 Caesium
1170 3107 1451 3169 Bassum
1502 3117 1774 3194 poetam
1797 3155 1815 3186 ,
1873 3117 1941 3170 et
1989 3100 2432 3194 Calpurnium

330 3207 604 3277 Suram³
626 3262 643 3292 ,
682 3214 799 3304 qui
836 3235 919 3280 eo
952 3215 1107 3280 vivo
1136 3208 1409 3304 juvenis
1446 3210 1756 3280 decessit.
1791 3212 2014 3280 Coluit
2050 3228 2130 3279 ut
2169 3227 2433 3304 patrem

332 3317 684 3387 Servilium
720 3325 1119 3389 Nonianum.
1166 3327 1293 3388 Per
1328 3327 1707 3390 Cornutum
1747 3325 2062 3415 cognovit
2097 3329 2433 3390 Annaeum

334 3431 537 3496 etiam
555 3434 902 3498 Lucanum
919 3484 936 3515 ‚
966 3455 1343 3527 aequaevum
1362 3433 1740 3501 auditorem
1761 3435 2057 3501 Cornuti.
2085 3437 2254 3500 Nam
2276 3437 2432 3500 Cor·

272 3617 283 3628 ·
333 3555 543 3608 nutus
586 3539 704 3607 illo
755 3559 1061 3634 tempore
1114 3546 1443 3636 Tragicus
1496 3544 1627 3610 fuit
1655 3595 1672 3626 ‚
1723 3558 1926 3612 sectae
1975 3545 2210 3612 Stoicae
2238 3595 2255 3626 ,
2311 3545 2432 3637 qui

334 3649 544 3718 libros
573 3649 1019 3745 Philosophiae
1041 3653 1331 3748 reliquit.
1370 3651 1497 3723 Sed
1533 3657 1844 3720 Lucanus
1868 3651 2037 3721 adeo
2061 3652 2434 3720 mirabatur

336 3761 585 3852 scripta
607 3758 826 3829 Flacci
840 3815 858 3846 ,
884 3779 963 3831 ut
985 3764 1098 3832 vix
1121 3766 1441 3831 retineret
1463 3787 1537 3830 se
1559 3761 1679 3829 illo
1699 3765 2021 3831 recitante
2043 3787 2084 3829 a
2106 3763 2400 3831 clamore
2413 3815 2431 3845 ,

415 3997 460 4032 ι.
480 3980 653 4033 Natus
669 3993 767 4049 est,
795 3996 895 4036 etc.
918 3985 983 4036 A.
1004 3985 1070 4035 U.
1095 3984 1223 4054 7873
1244 3982 1337 4035 de-
1496 4001 1549 4036 2.
1585 3986 1880 4058 quuam.
1903 3983 2193 4036 Auctorem
2225 3980 2432 4036 dedisse

336 4059 497 4112 cessit
522 4077 649 4111 ann.
676 4059 797 4113 815.
829 4061 1019 4116 Publio
1036 4064 1210 4114 Mario
1238 4081 1336 4134 pro
1426 4075 1561 4134 puto
1585 4081 1882 4137 nunquam.

336 4139 531 4191 Rubrio
564 4140 863 4194 emendavit
890 4144 1033 4215 Lips.
1069 4140 1139 4196 ad
1170 4143 1339 4196 Tacit.
1503 4144 1556 4196 3.
1591 4143 1796 4196 Suram.
1824 4146 1900 4196 Ita
1921 4141 2152 4196 wolfius
2179 4161 2281 4214 pro
2311 4143 2433 4196 Su·-

336 4217 529 4272 Annal.
556 4220 675 4272 XIV
691 4259 707 4287 ‚
734 4221 823 4288 48.
1432 4233 1618 4276 uram.
