<?xml version="1.0" encoding="UTF-8"?>
<!DOCTYPE html PUBLIC "-//W3C//DTD XHTML 1.0 Transitional//EN"
    "http://www.w3.org/TR/xhtml1/DTD/xhtml1-transitional.dtd">
<html xmlns="http://www.w3.org/1999/xhtml" xml:lang="en" lang="en">
 <head>
  <title>
</title>
<meta http-equiv="Content-Type" content="text/html;charset=utf-8" />
  <meta name='ocr-system' content='tesseract 3.04.00' />
  <meta name='ocr-capabilities' content='ocr_page ocr_carea ocr_par ocr_line ocrx_word'/>
</head>
<body>
  <div class='ocr_page' id='page_1' title='image "./csuetoniitranqu09suetgoog_0036.png"; bbox 0 0 3050 5004; ppageno 0'>
   <div class='ocr_carea' id='block_1_1' title="bbox 277 486 2487 2490">
    <p class='ocr_par' dir='ltr' id='par_1_1' title="bbox 281 486 2487 1683">
     <span class='ocr_line' id='line_1_1' title="bbox 1081 486 1593 553; baseline -0.004 -2"><span class='ocrx_word' id='word_1_1' title='bbox 1081 486 1436 553; x_wconf 79' lang='lat' dir='ltr'>CALIGU</span> <span class='ocrx_word' id='word_1_2' title='bbox 1451 486 1593 551; x_wconf 85' lang='lat' dir='ltr'><strong>LA.</strong></span> 
     </span>
     <span class='ocr_line' id='line_1_2' title="bbox 293 611 2487 708; baseline -0 -26"><span class='ocrx_word' id='word_1_3' title='bbox 293 618 428 684; x_wconf 85' lang='lat' dir='ltr'><strong>iniit</strong></span> <span class='ocrx_word' id='word_1_4' title='bbox 447 614 620 682; x_wconf 81' lang='lat' dir='ltr'><strong>solus</strong></span> <span class='ocrx_word' id='word_1_5' title='bbox 637 666 658 695; x_wconf 92' lang='lat'><strong>,</strong></span> <span class='ocrx_word' id='word_1_6' title='bbox 689 636 844 681; x_wconf 86' lang='lat' dir='ltr'><strong>non</strong></span> <span class='ocrx_word' id='word_1_7' title='bbox 865 665 884 695; x_wconf 91' lang='lat'><strong>,</strong></span> <span class='ocrx_word' id='word_1_8' title='bbox 907 628 990 679; x_wconf 91' lang='lat' dir='ltr'><strong>ut</strong></span> <span class='ocrx_word' id='word_1_9' title='bbox 1009 611 1284 708; x_wconf 86' lang='lat' dir='ltr'><strong>quidam</strong></span> <span class='ocrx_word' id='word_1_10' title='bbox 1305 614 1699 705; x_wconf 79' lang='lat' dir='ltr'><strong>opinantur,</strong></span> <span class='ocrx_word' id='word_1_11' title='bbox 1724 611 2040 704; x_wconf 87' lang='lat' dir='ltr'><strong>superbia</strong></span> <span class='ocrx_word' id='word_1_12' title='bbox 2062 611 2398 706; x_wconf 75' lang='lat' dir='ltr'><strong>negligen-</strong></span> <span class='ocrx_word' id='word_1_13' title='bbox 2482 638 2487 645; x_wconf 85' lang='lat'><strong>·</strong></span> 
     </span>
     <span class='ocr_line' id='line_1_3' title="bbox 291 722 2395 821; baseline 0 -26"><span class='ocrx_word' id='word_1_14' title='bbox 291 730 488 811; x_wconf 83' lang='lat' dir='ltr'><strong>tiave,</strong></span> <span class='ocrx_word' id='word_1_15' title='bbox 523 725 642 794; x_wconf 87' lang='lat' dir='ltr'><strong>sed</strong></span> <span class='ocrx_word' id='word_1_16' title='bbox 669 724 869 821; x_wconf 81' lang='lat' dir='ltr'><strong>quod</strong></span> <span class='ocrx_word' id='word_1_17' title='bbox 903 722 1300 794; x_wconf 83' lang='lat' dir='ltr'><strong>defunctum</strong></span> <span class='ocrx_word' id='word_1_18' title='bbox 1335 722 1466 793; x_wconf 85' lang='lat' dir='ltr'><strong>suh</strong></span> <span class='ocrx_word' id='word_1_19' title='bbox 1498 722 1961 793; x_wconf 77' lang='lat' dir='ltr'><strong>Kalendarum</strong></span> <span class='ocrx_word' id='word_1_20' title='bbox 1989 723 2171 795; x_wconf 86' lang='lat' dir='ltr'><strong>diem</strong></span> <span class='ocrx_word' id='word_1_21' title='bbox 2195 725 2395 795; x_wconf 87' lang='lat' dir='ltr'><strong>colle-</strong></span> 
     </span>
     <span class='ocr_line' id='line_1_4' title="bbox 285 834 2395 931; baseline 0.001 -28"><span class='ocrx_word' id='word_1_22' title='bbox 285 861 436 929; x_wconf 74' lang='lat' dir='ltr'><strong>gam</strong></span> <span class='ocrx_word' id='word_1_23' title='bbox 477 839 764 905; x_wconf 82' lang='lat' dir='ltr'><strong>rescisse</strong></span> <span class='ocrx_word' id='word_1_24' title='bbox 805 834 1054 903; x_wconf 87' lang='lat' dir='ltr'><strong>absens</strong></span> <span class='ocrx_word' id='word_1_25' title='bbox 1097 860 1238 905; x_wconf 84' lang='lat' dir='ltr'><strong>non</strong></span> <span class='ocrx_word' id='word_1_26' title='bbox 1278 851 1617 928; x_wconf 84' lang='lat' dir='ltr'><strong>potuerat.</strong></span> <span class='ocrx_word' id='word_1_27' title='bbox 1660 838 2095 928; x_wconf 78' lang='lat' dir='ltr'><strong>Congiarium</strong></span> <span class='ocrx_word' id='word_1_28' title='bbox 2139 838 2395 931; x_wconf 91' lang='lat' dir='ltr'><strong>populo</strong></span> 
     </span>
     <span class='ocr_line' id='line_1_5' title="bbox 282 946 2398 1043; baseline 0.001 -28"><span class='ocrx_word' id='word_1_29' title='bbox 282 946 384 1016; x_wconf 87' lang='lat' dir='ltr'><strong>bis</strong></span> <span class='ocrx_word' id='word_1_30' title='bbox 402 948 590 1018; x_wconf 81' lang='lat' dir='ltr'><strong>dedit</strong></span> <span class='ocrx_word' id='word_1_31' title='bbox 605 966 918 1017; x_wconf 79' lang='lat' dir='ltr'><strong>trecenos</strong></span> <span class='ocrx_word' id='word_1_32' title='bbox 941 950 1316 1017; x_wconf 84' lang='lat' dir='ltr'><strong>sestertios:</strong></span> <span class='ocrx_word' id='word_1_33' title='bbox 1335 951 1535 1017; x_wconf 84' lang='lat' dir='ltr'><strong>toties</strong></span> <span class='ocrx_word' id='word_1_34' title='bbox 1556 946 2217 1021; x_wconf 79' lang='lat' dir='ltr'><strong>abundantissimum</strong></span> <span class='ocrx_word' id='word_1_35' title='bbox 2234 973 2398 1043; x_wconf 89' lang='lat' dir='ltr'><strong>epu-</strong></span> 
     </span>
     <span class='ocr_line' id='line_1_6' title="bbox 283 1056 2397 1154; baseline 0.001 -29"><span class='ocrx_word' id='word_1_36' title='bbox 283 1056 460 1126; x_wconf 69' lang='grc' dir='ltr'><strong>Ιιιιιι6</strong></span> <span class='ocrx_word' id='word_1_37' title='bbox 491 1061 769 1129; x_wconf 84' lang='lat' dir='ltr'><strong>Senatui</strong></span> <span class='ocrx_word' id='word_1_38' title='bbox 793 1062 1230 1154; x_wconf 86' lang='lat' dir='ltr'><strong>equestrique</strong></span> <span class='ocrx_word' id='word_1_39' title='bbox 1261 1056 1514 1141; x_wconf 87' lang='lat' dir='ltr'><strong>ordini,</strong></span> <span class='ocrx_word' id='word_1_40' title='bbox 1554 1061 1757 1131; x_wconf 85' lang='lat' dir='ltr'><strong>etiam</strong></span> <span class='ocrx_word' id='word_1_41' title='bbox 1788 1057 2195 1153; x_wconf 74' lang='lat' dir='ltr'><strong>conjugibus</strong></span> <span class='ocrx_word' id='word_1_42' title='bbox 2217 1083 2301 1128; x_wconf 89' lang='lat' dir='ltr'><strong>ac</strong></span> <span class='ocrx_word' id='word_1_43' title='bbox 2320 1059 2397 1127; x_wconf 90' lang='lat' dir='ltr'><strong>li-</strong></span> 
     </span>
     <span class='ocr_line' id='line_1_7' title="bbox 281 1168 2396 1266; baseline 0 -27"><span class='ocrx_word' id='word_1_44' title='bbox 281 1168 460 1239; x_wconf 84' lang='lat' dir='ltr'><strong>beris</strong></span> <span class='ocrx_word' id='word_1_45' title='bbox 505 1186 977 1266; x_wconf 84' lang='lat' dir='ltr'><strong>utrorumque.</strong></span> <span class='ocrx_word' id='word_1_46' title='bbox 1033 1173 1408 1239; x_wconf 85' lang='lat' dir='ltr'><strong>Posteriore</strong></span> <span class='ocrx_word' id='word_1_47' title='bbox 1455 1170 1661 1264; x_wconf 87' lang='lat' dir='ltr'><strong>epulo</strong></span> <span class='ocrx_word' id='word_1_48' title='bbox 1676 1224 1694 1255; x_wconf 91' lang='lat'><strong>,</strong></span> <span class='ocrx_word' id='word_1_49' title='bbox 1741 1172 2067 1241; x_wconf 82' lang='lat' dir='ltr'><strong>forensia⁷</strong></span> <span class='ocrx_word' id='word_1_50' title='bbox 2113 1174 2396 1265; x_wconf 83' lang='lat' dir='ltr'><strong>insuper</strong></span> 
     </span>
     <span class='ocr_line' id='line_1_8' title="bbox 283 1282 2395 1379; baseline 0.001 -29"><span class='ocrx_word' id='word_1_51' title='bbox 283 1286 438 1350; x_wconf 85' lang='lat' dir='ltr'><strong>viris</strong></span> <span class='ocrx_word' id='word_1_52' title='bbox 453 1335 472 1365; x_wconf 90' lang='lat'><strong>,</strong></span> <span class='ocrx_word' id='word_1_53' title='bbox 521 1282 790 1351; x_wconf 82' lang='lat' dir='ltr'><strong>feminis</strong></span> <span class='ocrx_word' id='word_1_54' title='bbox 837 1308 920 1352; x_wconf 90' lang='lat' dir='ltr'><strong>ac</strong></span> <span class='ocrx_word' id='word_1_55' title='bbox 964 1285 1192 1378; x_wconf 87' lang='lat' dir='ltr'><strong>pueris</strong></span> <span class='ocrx_word' id='word_1_56' title='bbox 1238 1282 1537 1353; x_wconf 77' lang='lat' dir='ltr'><strong>fascias⁸·</strong></span> <span class='ocrx_word' id='word_1_57' title='bbox 1562 1308 1889 1379; x_wconf 82' lang='lat' dir='ltr'><strong>purpurae</strong></span> <span class='ocrx_word' id='word_1_58' title='bbox 1933 1308 2013 1352; x_wconf 87' lang='lat' dir='ltr'><strong>ac</strong></span> <span class='ocrx_word' id='word_1_59' title='bbox 2058 1283 2395 1377; x_wconf 76' lang='lat' dir='ltr'><strong>conchylii</strong></span> 
     </span>
     <span class='ocr_line' id='line_1_9' title="bbox 281 1392 2395 1490; baseline 0 -29"><span class='ocrx_word' id='word_1_60' title='bbox 281 1392 644 1463; x_wconf 81' lang='lat' dir='ltr'><strong>distribuit.</strong></span> <span class='ocrx_word' id='word_1_61' title='bbox 675 1399 762 1463; x_wconf 89' lang='lat' dir='ltr'><strong>Et</strong></span> <span class='ocrx_word' id='word_1_62' title='bbox 781 1410 861 1463; x_wconf 90' lang='lat' dir='ltr'><strong>ut</strong></span> <span class='ocrx_word' id='word_1_63' title='bbox 889 1393 1189 1462; x_wconf 83' lang='lat' dir='ltr'><strong>laetitiam</strong></span> <span class='ocrx_word' id='word_1_64' title='bbox 1219 1393 1564 1489; x_wconf 81' lang='lat' dir='ltr'><strong>publicam</strong></span> <span class='ocrx_word' id='word_1_65' title='bbox 1586 1398 1659 1463; x_wconf 87' lang='lat' dir='ltr'><strong>in</strong></span> <span class='ocrx_word' id='word_1_66' title='bbox 1690 1412 2097 1489; x_wconf 86' lang='lat' dir='ltr'><strong>perpetuum</strong></span> <span class='ocrx_word' id='word_1_67' title='bbox 2119 1418 2395 1490; x_wconf 87' lang='lat' dir='ltr'><strong>quoque</strong></span> 
     </span>
     <span class='ocr_line' id='line_1_10' title="bbox 283 1500 2395 1601; baseline 0 -30"><span class='ocrx_word' id='word_1_68' title='bbox 283 1521 592 1598; x_wconf 76' lang='lat' dir='ltr'><strong>augeret,</strong></span> <span class='ocrx_word' id='word_1_69' title='bbox 623 1500 733 1598; x_wconf 86' lang='lat' dir='ltr'><strong>adj</strong></span> <span class='ocrx_word' id='word_1_70' title='bbox 741 1508 870 1573; x_wconf 88' lang='lat' dir='ltr'><strong>ecit</strong></span> <span class='ocrx_word' id='word_1_71' title='bbox 891 1504 1070 1574; x_wconf 89' lang='lat' dir='ltr'><strong>diem</strong></span> <span class='ocrx_word' id='word_1_72' title='bbox 1101 1504 1611 1574; x_wconf 71' lang='lat' dir='ltr'><strong>Saturnalibuso</strong></span> <span class='ocrx_word' id='word_1_73' title='bbox 1626 1558 1645 1588; x_wconf 91' lang='lat'><strong>,</strong></span> <span class='ocrx_word' id='word_1_74' title='bbox 1678 1504 2179 1601; x_wconf 84' lang='lat' dir='ltr'><strong>appellavitque</strong></span> <span class='ocrx_word' id='word_1_75' title='bbox 2199 1509 2395 1573; x_wconf 72' lang='lat' dir='ltr'><strong>Juve-</strong></span> 
     </span>
     <span class='ocr_line' id='line_1_11' title="bbox 283 1616 514 1683; baseline 0.009 -2"><span class='ocrx_word' id='word_1_76' title='bbox 283 1616 514 1683; x_wconf 76' lang='lat' dir='ltr'><strong>nalem.</strong></span> 
     </span>
    </p>

    <p class='ocr_par' dir='ltr' id='par_1_2' title="bbox 277 1724 2401 2490">
     <span class='ocr_line' id='line_1_12' title="bbox 369 1724 2391 1819; baseline 0 -27"><span class='ocrx_word' id='word_1_77' title='bbox 369 1732 526 1793; x_wconf 78' lang='lat' dir='ltr'><strong>xv!</strong></span> <span class='ocrx_word' id='word_1_78' title='bbox 534 1730 621 1792; x_wconf 82' lang='lat'><strong>11.</strong></span> <span class='ocrx_word' id='word_1_79' title='bbox 673 1730 962 1793; x_wconf 88' lang='lat' dir='ltr'><strong>Munera</strong></span> <span class='ocrx_word' id='word_1_80' title='bbox 1011 1725 1404 1819; x_wconf 77' lang='lat' dir='ltr'><strong>gladiatoria</strong></span> <span class='ocrx_word' id='word_1_81' title='bbox 1451 1729 1697 1819; x_wconf 86' lang='lat' dir='ltr'><strong>partim</strong></span> <span class='ocrx_word' id='word_1_82' title='bbox 1758 1729 1829 1795; x_wconf 92' lang='lat' dir='ltr'><strong>in</strong></span> <span class='ocrx_word' id='word_1_83' title='bbox 1879 1724 2391 1819; x_wconf 79' lang='lat' dir='ltr'><strong>Amphitheatro</strong></span> 
     </span>
     <span class='ocr_line' id='line_1_13' title="bbox 281 1836 2395 1932; baseline -0 -28"><span class='ocrx_word' id='word_1_84' title='bbox 281 1840 486 1905; x_wconf 82' lang='lat' dir='ltr'><strong>Tauri</strong></span> <span class='ocrx_word' id='word_1_85' title='bbox 505 1890 526 1919; x_wconf 93' lang='lat'>‚</span> <span class='ocrx_word' id='word_1_86' title='bbox 559 1840 808 1929; x_wconf 85' lang='lat' dir='ltr'><strong>partim</strong></span> <span class='ocrx_word' id='word_1_87' title='bbox 842 1839 915 1904; x_wconf 92' lang='lat' dir='ltr'><strong>in</strong></span> <span class='ocrx_word' id='word_1_88' title='bbox 941 1841 1156 1930; x_wconf 85' lang='lat' dir='ltr'><strong>Septis</strong></span> <span class='ocrx_word' id='word_1_89' title='bbox 1171 1848 1188 1876; x_wconf 84' lang='lat'><em>¹</em></span> <span class='ocrx_word' id='word_1_90' title='bbox 1211 1890 1229 1921; x_wconf 90' lang='lat'><strong>,</strong></span> <span class='ocrx_word' id='word_1_91' title='bbox 1263 1836 1525 1932; x_wconf 79' lang='lat' dir='ltr'><strong>aliquot</strong></span> <span class='ocrx_word' id='word_1_92' title='bbox 1548 1837 1755 1907; x_wconf 89' lang='lat' dir='ltr'><strong>edidit</strong></span> <span class='ocrx_word' id='word_1_93' title='bbox 1773 1890 1790 1920; x_wconf 91' lang='lat'><strong>,</strong></span> <span class='ocrx_word' id='word_1_94' title='bbox 1824 1836 2077 1932; x_wconf 85' lang='lat' dir='ltr'><strong>quibus</strong></span> <span class='ocrx_word' id='word_1_95' title='bbox 2108 1838 2395 1904; x_wconf 87' lang='lat' dir='ltr'><strong>inseruit</strong></span> 
     </span>
     <span class='ocr_line' id='line_1_14' title="bbox 281 1948 2392 2044; baseline 0 -30"><span class='ocrx_word' id='word_1_96' title='bbox 281 1962 582 2015; x_wconf 83' lang='lat' dir='ltr'><strong>catervas</strong></span> <span class='ocrx_word' id='word_1_97' title='bbox 605 1948 922 2015; x_wconf 83' lang='lat' dir='ltr'><strong>Afrorum</strong></span> <span class='ocrx_word' id='word_1_98' title='bbox 941 1952 1581 2044; x_wconf 83' lang='lat' dir='ltr'><strong>Campanorumque</strong></span> <span class='ocrx_word' id='word_1_99' title='bbox 1609 1948 1951 2043; x_wconf 79' lang='lat' dir='ltr'><strong>pugilum,</strong></span> <span class='ocrx_word' id='word_1_100' title='bbox 1986 1970 2069 2015; x_wconf 88' lang='lat' dir='ltr'><strong>ex</strong></span> <span class='ocrx_word' id='word_1_101' title='bbox 2100 1963 2392 2041; x_wconf 86' lang='lat' dir='ltr'><strong>utraque</strong></span> 
     </span>
     <span class='ocr_line' id='line_1_15' title="bbox 283 2047 2391 2156; baseline 0 -29"><span class='ocrx_word' id='word_1_102' title='bbox 283 2062 551 2151; x_wconf 76' lang='lat' dir='ltr'><strong>regione</strong></span> <span class='ocrx_word' id='word_1_103' title='bbox 591 2058 1172 2130; x_wconf 83' lang='lat' dir='ltr'><strong>electissimorum.</strong></span> <span class='ocrx_word' id='word_1_104' title='bbox 1219 2066 1456 2156; x_wconf 86' lang='lat' dir='ltr'><strong>Neque</strong></span> <span class='ocrx_word' id='word_1_105' title='bbox 1497 2061 1898 2155; x_wconf 85' lang='lat' dir='ltr'><strong>spectaculis</strong></span> <span class='ocrx_word' id='word_1_106' title='bbox 1940 2047 2211 2153; x_wconf 85' lang='lat' dir='ltr'><strong>semper</strong></span> <span class='ocrx_word' id='word_1_107' title='bbox 2246 2061 2391 2152; x_wconf 85' lang='lat' dir='ltr'><strong>ipse</strong></span> 
     </span>
     <span class='ocr_line' id='line_1_16' title="bbox 281 2166 2393 2263; baseline 0 -26"><span class='ocrx_word' id='word_1_108' title='bbox 281 2166 626 2262; x_wconf 79' lang='lat' dir='ltr'><strong>praesedit3</strong></span> <span class='ocrx_word' id='word_1_109' title='bbox 653 2167 774 2237; x_wconf 86' lang='lat' dir='ltr'><strong>sed</strong></span> <span class='ocrx_word' id='word_1_110' title='bbox 797 2170 1141 2239; x_wconf 85' lang='lat' dir='ltr'><strong>interdum</strong></span> <span class='ocrx_word' id='word_1_111' title='bbox 1162 2187 1284 2239; x_wconf 85' lang='lat' dir='ltr'><strong>aut</strong></span> <span class='ocrx_word' id='word_1_112' title='bbox 1303 2171 1807 2263; x_wconf 76' lang='lat' dir='ltr'><strong>magistmtibus</strong></span> <span class='ocrx_word' id='word_1_113' title='bbox 1830 2187 1951 2239; x_wconf 88' lang='lat' dir='ltr'><strong>aut</strong></span> <span class='ocrx_word' id='word_1_114' title='bbox 1968 2171 2199 2238; x_wconf 88' lang='lat' dir='ltr'><strong>amicis</strong></span> <span class='ocrx_word' id='word_1_115' title='bbox 2224 2190 2393 2261; x_wconf 80' lang='lat' dir='ltr'><strong>prae—</strong></span> 
     </span>
     <span class='ocr_line' id='line_1_17' title="bbox 280 2280 2389 2376; baseline 0.001 -29"><span class='ocrx_word' id='word_1_116' title='bbox 280 2280 540 2349; x_wconf 86' lang='lat' dir='ltr'><strong>sidendi</strong></span> <span class='ocrx_word' id='word_1_117' title='bbox 573 2306 827 2351; x_wconf 85' lang='lat' dir='ltr'><strong>munus</strong></span> <span class='ocrx_word' id='word_1_118' title='bbox 849 2280 1162 2376; x_wconf 82' lang='lat' dir='ltr'><strong>injunxit.</strong></span> <span class='ocrx_word' id='word_1_119' title='bbox 1191 2286 1500 2355; x_wconf 84' lang='lat' dir='ltr'><strong>Scenicos</strong></span> <span class='ocrx_word' id='word_1_120' title='bbox 1534 2280 1733 2353; x_wconf 85' lang='lat' dir='ltr'><strong>ludos</strong></span> <span class='ocrx_word' id='word_1_121' title='bbox 1760 2300 1829 2351; x_wconf 92' lang='lat' dir='ltr'><strong>et</strong></span> <span class='ocrx_word' id='word_1_122' title='bbox 1850 2281 2153 2367; x_wconf 84' lang='lat' dir='ltr'><strong>assidue,</strong></span> <span class='ocrx_word' id='word_1_123' title='bbox 2179 2299 2247 2350; x_wconf 89' lang='lat' dir='ltr'><strong>et</strong></span> <span class='ocrx_word' id='word_1_124' title='bbox 2272 2306 2389 2358; x_wconf 84' lang='lat' dir='ltr'><strong>va·</strong></span> 
     </span>
     <span class='ocr_line' id='line_1_18' title="bbox 277 2391 2401 2490; baseline 0 -31"><span class='ocrx_word' id='word_1_125' title='bbox 277 2394 354 2459; x_wconf 90' lang='lat' dir='ltr'><strong>rii</strong></span> <span class='ocrx_word' id='word_1_126' title='bbox 383 2395 655 2485; x_wconf 79' lang='lat' dir='ltr'><strong>generis</strong></span> <span class='ocrx_word' id='word_1_127' title='bbox 671 2447 688 2477; x_wconf 90' lang='lat'><strong>,</strong></span> <span class='ocrx_word' id='word_1_128' title='bbox 723 2416 802 2460; x_wconf 86' lang='lat' dir='ltr'><strong>ac</strong></span> <span class='ocrx_word' id='word_1_129' title='bbox 829 2392 1264 2461; x_wconf 73' lang='lat' dir='ltr'><strong>multifariam</strong></span> <span class='ocrx_word' id='word_1_130' title='bbox 1288 2394 1476 2462; x_wconf 88' lang='lat' dir='ltr'><strong>fecit:</strong></span> <span class='ocrx_word' id='word_1_131' title='bbox 1504 2391 1853 2490; x_wconf 88' lang='lat' dir='ltr'><strong>quondam</strong></span> <span class='ocrx_word' id='word_1_132' title='bbox 1880 2410 1949 2461; x_wconf 91' lang='lat' dir='ltr'><strong>et</strong></span> <span class='ocrx_word' id='word_1_133' title='bbox 1977 2408 2349 2461; x_wconf 89' lang='lat' dir='ltr'><strong>nocturnos</strong></span> <span class='ocrx_word' id='word_1_134' title='bbox 2368 2408 2401 2475; x_wconf 88' lang='grc'><strong>,·</strong></span> 
     </span>
    </p>
   </div>
   <div class='ocr_carea' id='block_1_2' title="bbox 1371 2601 2385 2673">
    <p class='ocr_par' dir='ltr' id='par_1_3' title="bbox 1371 2601 2385 2673">
     <span class='ocr_line' id='line_1_19' title="bbox 1371 2601 2385 2673; baseline -0.004 -16"><span class='ocrx_word' id='word_1_135' title='bbox 1371 2604 1504 2672; x_wconf 72' lang='lat' dir='ltr'><strong>bus,</strong></span> <span class='ocrx_word' id='word_1_136' title='bbox 1530 2603 1907 2671; x_wconf 73' lang='lat' dir='ltr'><strong>femoralibus,</strong></span> <span class='ocrx_word' id='word_1_137' title='bbox 1934 2601 2235 2667; x_wconf 68' lang='lat' dir='ltr'><strong>tibialibus,</strong></span> <span class='ocrx_word' id='word_1_138' title='bbox 2266 2620 2385 2673; x_wconf 66' lang='lat' dir='ltr'><strong>que</strong></span> 
     </span>
    </p>
   </div>
   <div class='ocr_carea' id='block_1_3' title="bbox 281 2603 2385 2752">
    <p class='ocr_par' dir='ltr' id='par_1_4' title="bbox 281 2603 2385 2752">
     <span class='ocr_line' id='line_1_20' title="bbox 281 2603 1284 2676; baseline 0.004 -21"><span class='ocrx_word' id='word_1_139' title='bbox 281 2605 374 2655; x_wconf 71' lang='lat' dir='ltr'><strong>viri</strong></span> <span class='ocrx_word' id='word_1_140' title='bbox 393 2603 536 2658; x_wconf 77' lang='lat' dir='ltr'><strong>docti</strong></span> <span class='ocrx_word' id='word_1_141' title='bbox 557 2604 715 2676; x_wconf 77' lang='lat' dir='ltr'><strong>(vide</strong></span> <span class='ocrx_word' id='word_1_142' title='bbox 737 2607 944 2659; x_wconf 73' lang='lat' dir='ltr'><strong>Ernest-</strong></span> <span class='ocrx_word' id='word_1_143' title='bbox 971 2609 1186 2658; x_wconf 74' lang='lat' dir='ltr'><strong>Excurs.</strong></span> <span class='ocrx_word' id='word_1_144' title='bbox 1211 2604 1284 2659; x_wconf 82' lang='lat' dir='ltr'><strong>ad</strong></span> 
     </span>
     <span class='ocr_line' id='line_1_21' title="bbox 1371 2677 2385 2752; baseline -0.004 -14"><span class='ocrx_word' id='word_1_145' title='bbox 1371 2699 1579 2738; x_wconf 74' lang='lat' dir='ltr'><strong>veteres</strong></span> <span class='ocrx_word' id='word_1_146' title='bbox 1600 2685 1797 2737; x_wconf 70' lang='lat' dir='ltr'><strong>nostrin</strong></span> <span class='ocrx_word' id='word_1_147' title='bbox 1820 2681 2015 2736; x_wconf 69' lang='lat' dir='ltr'><strong>similia</strong></span> <span class='ocrx_word' id='word_1_148' title='bbox 2036 2677 2385 2752; x_wconf 72' lang='lat' dir='ltr'><strong>ignorabant,</strong></span> 
     </span>
    </p>
   </div>
   <div class='ocr_carea' id='block_1_4' title="bbox 281 2681 1280 2758">
    <p class='ocr_par' dir='ltr' id='par_1_5' title="bbox 281 2681 1280 2758">
     <span class='ocr_line' id='line_1_22' title="bbox 281 2681 1280 2758; baseline 0.006 -26"><span class='ocrx_word' id='word_1_149' title='bbox 281 2681 336 2733; x_wconf 80' lang='lat' dir='ltr'><strong>h.</strong></span> <span class='ocrx_word' id='word_1_150' title='bbox 361 2681 464 2753; x_wconf 91' lang='lat' dir='ltr'><strong>l.),</strong></span> <span class='ocrx_word' id='word_1_151' title='bbox 493 2685 586 2738; x_wconf 79' lang='lat' dir='ltr'><strong>sed</strong></span> <span class='ocrx_word' id='word_1_152' title='bbox 621 2687 850 2752; x_wconf 69' lang='lat' dir='ltr'><strong>frustra,</strong></span> <span class='ocrx_word' id='word_1_153' title='bbox 887 2687 930 2737; x_wconf 70' lang='lat' dir='ltr'><strong>ui</strong></span> <span class='ocrx_word' id='word_1_154' title='bbox 953 2684 1085 2758; x_wconf 76' lang='lat' dir='ltr'><strong>quid</strong></span> <span class='ocrx_word' id='word_1_155' title='bbox 1105 2685 1280 2738; x_wconf 81' lang='lat' dir='ltr'><strong>video.</strong></span> 
     </span>
    </p>
   </div>
   <div class='ocr_carea' id='block_1_5' title="bbox 277 2760 2387 2818">
    <p class='ocr_par' dir='ltr' id='par_1_6' title="bbox 277 2760 2387 2818">
     <span class='ocr_line' id='line_1_23' title="bbox 277 2760 2387 2818; baseline 0 -4"><span class='ocrx_word' id='word_1_156' title='bbox 277 2765 514 2815; x_wconf 73' lang='lat' dir='ltr'><strong>Bru-orem</strong></span> <span class='ocrx_word' id='word_1_157' title='bbox 537 2764 798 2816; x_wconf 84' lang='lat' dir='ltr'><strong>Suetonio</strong></span> <span class='ocrx_word' id='word_1_158' title='bbox 823 2764 1076 2818; x_wconf 80' lang='lat' dir='ltr'><strong>excidisse</strong></span> <span class='ocrx_word' id='word_1_159' title='bbox 1099 2767 1280 2818; x_wconf 78' lang='lat' dir='ltr'><strong>existi-</strong></span> <span class='ocrx_word' id='word_1_160' title='bbox 1369 2763 1717 2817; x_wconf 83' lang='lat' dir='ltr'><strong>haberentur.</strong></span> <span class='ocrx_word' id='word_1_161' title='bbox 1744 2761 1877 2816; x_wconf 86' lang='lat' dir='ltr'><strong>Vide</strong></span> <span class='ocrx_word' id='word_1_162' title='bbox 1898 2761 2119 2815; x_wconf 82' lang='lat' dir='ltr'><strong>Salmas.</strong></span> <span class='ocrx_word' id='word_1_163' title='bbox 2144 2760 2213 2814; x_wconf 79' lang='lat' dir='ltr'><strong>ad</strong></span> <span class='ocrx_word' id='word_1_164' title='bbox 2234 2761 2387 2814; x_wconf 81' lang='lat' dir='ltr'><strong>Lam·</strong></span> 
     </span>
    </p>
   </div>
   <div class='ocr_carea' id='block_1_6' title="bbox 2304 480 2501 553">
    <p class='ocr_par' dir='ltr' id='par_1_7' title="bbox 2304 480 2501 553">
     <span class='ocr_line' id='line_1_24' title="bbox 2304 480 2501 553; baseline 0 0"><span class='ocrx_word' id='word_1_165' title='bbox 2304 480 2501 553; x_wconf 56' lang='lat'><strong>23*</strong></span> 
     </span>
    </p>
   </div>
   <div class='ocr_carea' id='block_1_7' title="bbox 261 2845 1288 4190">
    <p class='ocr_par' dir='ltr' id='par_1_8' title="bbox 271 2845 1288 3310">
     <span class='ocr_line' id='line_1_25' title="bbox 274 2845 1288 2916; baseline 0.002 -23"><span class='ocrx_word' id='word_1_166' title='bbox 274 2861 376 2894; x_wconf 76' lang='lat' dir='ltr'><strong>mo.</strong></span> <span class='ocrx_word' id='word_1_167' title='bbox 405 2845 786 2916; x_wconf 78' lang='lat' dir='ltr'><strong>Interpretatio</strong></span> <span class='ocrx_word' id='word_1_168' title='bbox 808 2847 950 2898; x_wconf 88' lang='lat' dir='ltr'><strong>euim</strong></span> <span class='ocrx_word' id='word_1_169' title='bbox 967 2845 1179 2898; x_wconf 79' lang='lat' dir='ltr'><strong>Mulleri</strong></span> <span class='ocrx_word' id='word_1_170' title='bbox 1196 2845 1288 2898; x_wconf 64' lang='grc' dir='ltr'><strong>τοῦ</strong></span> 
     </span>
     <span class='ocr_line' id='line_1_26' title="bbox 273 2924 1280 2996; baseline 0.004 -23"><span class='ocrx_word' id='word_1_171' title='bbox 273 2925 550 2995; x_wconf 60' lang='lat' dir='ltr'><strong>majana-it</strong></span> <span class='ocrx_word' id='word_1_172' title='bbox 569 2942 672 2994; x_wconf 85' lang='lat' dir='ltr'><strong>per</strong></span> <span class='ocrx_word' id='word_1_173' title='bbox 703 2947 726 2971; x_wconf 80' lang='grc' dir='ltr'>ι</span> <span class='ocrx_word' id='word_1_174' title='bbox 747 2924 902 2976; x_wconf 73' lang='lat' dir='ltr'><strong>simul</strong></span> <span class='ocrx_word' id='word_1_175' title='bbox 925 2943 1048 2977; x_wconf 83' lang='lat' dir='ltr'><strong>cum</strong></span> <span class='ocrx_word' id='word_1_176' title='bbox 1071 2925 1280 2996; x_wconf 77' lang='lat' dir='ltr'><strong>collega</strong></span> 
     </span>
     <span class='ocr_line' id='line_1_27' title="bbox 271 3001 1276 3074; baseline 0.001 -22"><span class='ocrx_word' id='word_1_177' title='bbox 271 3003 459 3070; x_wconf 66' lang='lat' dir='ltr'><strong>gessit,</strong></span> <span class='ocrx_word' id='word_1_178' title='bbox 480 3025 506 3050; x_wconf 71' lang='lat' dir='ltr'><em>n</em></span> <span class='ocrx_word' id='word_1_179' title='bbox 539 3015 602 3054; x_wconf 78' lang='lat' dir='ltr'><strong>ut</strong></span> <span class='ocrx_word' id='word_1_180' title='bbox 631 3002 799 3054; x_wconf 85' lang='lat' dir='ltr'><strong>Cicer.</strong></span> <span class='ocrx_word' id='word_1_181' title='bbox 828 3006 929 3056; x_wconf 83' lang='lat' dir='ltr'><strong>Pro</strong></span> <span class='ocrx_word' id='word_1_182' title='bbox 952 3001 1069 3074; x_wconf 70' lang='lat' dir='ltr'><strong>lege</strong></span> <span class='ocrx_word' id='word_1_183' title='bbox 1091 3003 1276 3056; x_wconf 83' lang='lat' dir='ltr'><strong>Manil.</strong></span> 
     </span>
     <span class='ocr_line' id='line_1_28' title="bbox 273 3081 1280 3157; baseline 0.004 -25"><span class='ocrx_word' id='word_1_184' title='bbox 273 3099 384 3152; x_wconf 74' lang='lat' dir='ltr'><strong>cap.</strong></span> <span class='ocrx_word' id='word_1_185' title='bbox 421 3100 460 3150; x_wconf 84' lang='lat'><strong>9</strong></span> <span class='ocrx_word' id='word_1_186' title='bbox 475 3121 494 3144; x_wconf 85' lang='lat'><strong>,</strong></span> <span class='ocrx_word' id='word_1_187' title='bbox 539 3081 738 3134; x_wconf 78' lang='lat' dir='ltr'><strong>bellum</strong></span> <span class='ocrx_word' id='word_1_188' title='bbox 773 3086 1086 3157; x_wconf 65' lang='lat' dir='ltr'><strong>conjungere</strong></span> <span class='ocrx_word' id='word_1_189' title='bbox 1117 3083 1248 3136; x_wconf 78' lang='lat' dir='ltr'><strong>dicit</strong></span> <span class='ocrx_word' id='word_1_190' title='bbox 1263 3121 1280 3150; x_wconf 87' lang='lat'><strong>,</strong></span> 
     </span>
     <span class='ocr_line' id='line_1_29' title="bbox 273 3160 1279 3234; baseline 0.002 -21"><span class='ocrx_word' id='word_1_191' title='bbox 273 3179 388 3212; x_wconf 74' lang='lat' dir='ltr'><strong>cum</strong></span> <span class='ocrx_word' id='word_1_192' title='bbox 403 3179 512 3214; x_wconf 76' lang='lat' dir='ltr'><strong>usu</strong></span> <span class='ocrx_word' id='word_1_193' title='bbox 529 3162 770 3214; x_wconf 81' lang='lat' dir='ltr'><strong>Suetonii</strong></span> <span class='ocrx_word' id='word_1_194' title='bbox 785 3181 1024 3234; x_wconf 69' lang='lat' dir='ltr'><strong>pugnare</strong></span> <span class='ocrx_word' id='word_1_195' title='bbox 1043 3160 1279 3230; x_wconf 80' lang='lat' dir='ltr'><strong>videtur,</strong></span> 
     </span>
     <span class='ocr_line' id='line_1_30' title="bbox 275 3251 690 3310; baseline 0.005 -20"><span class='ocrx_word' id='word_1_196' title='bbox 275 3257 426 3310; x_wconf 74' lang='lat' dir='ltr'><strong>supra</strong></span> <span class='ocrx_word' id='word_1_197' title='bbox 453 3251 661 3292; x_wconf 78' lang='lat' dir='ltr'><strong>notato.</strong></span> <span class='ocrx_word' id='word_1_198' title='bbox 683 3284 690 3292; x_wconf 89' lang='lat'><strong>.</strong></span> 
     </span>
    </p>

    <p class='ocr_par' dir='ltr' id='par_1_9' title="bbox 265 3319 1278 3632">
     <span class='ocr_line' id='line_1_31' title="bbox 333 3319 1278 3392; baseline 0 -20"><span class='ocrx_word' id='word_1_199' title='bbox 333 3320 386 3372; x_wconf 80' lang='lat'><strong>6.</strong></span> <span class='ocrx_word' id='word_1_200' title='bbox 421 3319 602 3372; x_wconf 72' lang='lat' dir='ltr'><strong>Toties</strong></span> <span class='ocrx_word' id='word_1_201' title='bbox 616 3319 1127 3374; x_wconf 71' lang='lat' dir='ltr'><strong>abundantissimum</strong></span> <span class='ocrx_word' id='word_1_202' title='bbox 1149 3339 1278 3392; x_wconf 79' lang='lat' dir='ltr'><strong>epu·</strong></span> 
     </span>
     <span class='ocr_line' id='line_1_32' title="bbox 267 3399 1277 3473; baseline 0.002 -21"><span class='ocrx_word' id='word_1_203' title='bbox 267 3399 406 3466; x_wconf 71' lang='lat' dir='ltr'><strong>lm,</strong></span> <span class='ocrx_word' id='word_1_204' title='bbox 433 3413 538 3453; x_wconf 81' lang='lat' dir='ltr'><strong>etc.</strong></span> <span class='ocrx_word' id='word_1_205' title='bbox 578 3401 722 3454; x_wconf 76' lang='lat' dir='ltr'><strong>Anu.</strong></span> <span class='ocrx_word' id='word_1_206' title='bbox 747 3419 851 3472; x_wconf 83' lang='lat'><strong>79⁰</strong></span> <span class='ocrx_word' id='word_1_207' title='bbox 868 3439 884 3466; x_wconf 91' lang='lat'>‚</span> <span class='ocrx_word' id='word_1_208' title='bbox 907 3414 1032 3473; x_wconf 86' lang='lat' dir='ltr'><strong>post</strong></span> <span class='ocrx_word' id='word_1_209' title='bbox 1063 3401 1277 3454; x_wconf 86' lang='lat' dir='ltr'><strong>dedica-</strong></span> 
     </span>
     <span class='ocr_line' id='line_1_33' title="bbox 265 3481 1274 3553; baseline 0.002 -21"><span class='ocrx_word' id='word_1_210' title='bbox 265 3495 376 3532; x_wconf 75' lang='lat' dir='ltr'><strong>tum</strong></span> <span class='ocrx_word' id='word_1_211' title='bbox 403 3481 668 3552; x_wconf 79' lang='lat' dir='ltr'><strong>templum</strong></span> <span class='ocrx_word' id='word_1_212' title='bbox 689 3483 914 3551; x_wconf 74' lang='lat' dir='ltr'><strong>Augusti</strong></span> <span class='ocrx_word' id='word_1_213' title='bbox 940 3481 1106 3553; x_wconf 81' lang='lat' dir='ltr'><strong>(Dio,</strong></span> <span class='ocrx_word' id='word_1_214' title='bbox 1131 3483 1274 3548; x_wconf 84' lang='lat' dir='ltr'><strong>LIX,</strong></span> 
     </span>
     <span class='ocr_line' id='line_1_34' title="bbox 267 3559 1192 3632; baseline -0.001 -20"><span class='ocrx_word' id='word_1_215' title='bbox 267 3561 358 3630; x_wconf 84' lang='lat'><strong>7),</strong></span> <span class='ocrx_word' id='word_1_216' title='bbox 381 3573 436 3612; x_wconf 80' lang='lat' dir='ltr'><strong>et</strong></span> <span class='ocrx_word' id='word_1_217' title='bbox 461 3577 585 3612; x_wconf 78' lang='lat' dir='ltr'><strong>ann.</strong></span> <span class='ocrx_word' id='word_1_218' title='bbox 611 3575 714 3630; x_wconf 81' lang='lat'><strong>79²</strong></span> <span class='ocrx_word' id='word_1_219' title='bbox 738 3559 908 3630; x_wconf 89' lang='lat' dir='ltr'><strong>(Dio,</strong></span> <span class='ocrx_word' id='word_1_220' title='bbox 931 3577 1050 3632; x_wconf 85' lang='lat' dir='ltr'><strong>cap.</strong></span> <span class='ocrx_word' id='word_1_221' title='bbox 1079 3561 1192 3630; x_wconf 78' lang='lat'><strong>¹3).</strong></span> 
     </span>
    </p>

    <p class='ocr_par' dir='ltr' id='par_1_10' title="bbox 261 3636 1277 3871">
     <span class='ocr_line' id='line_1_35' title="bbox 333 3636 1277 3708; baseline 0.001 -18"><span class='ocrx_word' id='word_1_222' title='bbox 333 3655 386 3708; x_wconf 84' lang='lat'><strong>7.</strong></span> <span class='ocrx_word' id='word_1_223' title='bbox 401 3639 646 3692; x_wconf 75' lang='lat' dir='ltr'><strong>Forensia</strong></span> <span class='ocrx_word' id='word_1_224' title='bbox 657 3675 678 3704; x_wconf 87' lang='lat'><strong>,</strong></span> <span class='ocrx_word' id='word_1_225' title='bbox 693 3636 806 3692; x_wconf 67' lang='lat' dir='ltr'><strong>scil.</strong></span> <span class='ocrx_word' id='word_1_226' title='bbox 823 3641 1152 3691; x_wconf 78' lang='lat' dir='ltr'><strong>vestimenta.</strong></span> <span class='ocrx_word' id='word_1_227' title='bbox 1169 3639 1277 3708; x_wconf 85' lang='lat' dir='ltr'><strong>Op-</strong></span> 
     </span>
     <span class='ocr_line' id='line_1_36' title="bbox 261 3717 1274 3792; baseline 0 -21"><span class='ocrx_word' id='word_1_228' title='bbox 261 3733 540 3792; x_wconf 77' lang='lat' dir='ltr'><strong>ponuntnr</strong></span> <span class='ocrx_word' id='word_1_229' title='bbox 561 3720 648 3774; x_wconf 73' lang='lat' dir='ltr'><strong>his</strong></span> <span class='ocrx_word' id='word_1_230' title='bbox 675 3720 971 3774; x_wconf 66' lang='lat' dir='ltr'><strong>domarim.</strong></span> <span class='ocrx_word' id='word_1_231' title='bbox 997 3717 1138 3772; x_wconf 77' lang='lat' dir='ltr'><strong>Vide</strong></span> <span class='ocrx_word' id='word_1_232' title='bbox 1157 3721 1274 3772; x_wconf 77' lang='lat' dir='ltr'><strong>An-</strong></span> 
     </span>
     <span class='ocr_line' id='line_1_37' title="bbox 261 3801 668 3871; baseline 0.002 -19"><span class='ocrx_word' id='word_1_233' title='bbox 261 3813 398 3869; x_wconf 69' lang='lat' dir='ltr'><strong>gust.</strong></span> <span class='ocrx_word' id='word_1_234' title='bbox 427 3819 550 3871; x_wconf 80' lang='lat' dir='ltr'><strong>cap.</strong></span> <span class='ocrx_word' id='word_1_235' title='bbox 581 3801 668 3870; x_wconf 84' lang='lat'><strong>73.</strong></span> 
     </span>
    </p>

    <p class='ocr_par' dir='ltr' id='par_1_11' title="bbox 261 3879 1274 4190">
     <span class='ocr_line' id='line_1_38' title="bbox 331 3879 1272 3951; baseline -0.002 -19"><span class='ocrx_word' id='word_1_236' title='bbox 331 3879 384 3932; x_wconf 78' lang='lat'><strong>8.</strong></span> <span class='ocrx_word' id='word_1_237' title='bbox 411 3880 637 3933; x_wconf 67' lang='lat' dir='ltr'><strong>Fascius.</strong></span> <span class='ocrx_word' id='word_1_238' title='bbox 651 3879 1146 3951; x_wconf 70' lang='lat' dir='ltr'><strong>variusfascianm</strong></span> <span class='ocrx_word' id='word_1_239' title='bbox 1158 3891 1272 3931; x_wconf 81' lang='lat' dir='ltr'><strong>erat</strong></span> 
     </span>
     <span class='ocr_line' id='line_1_39' title="bbox 261 3955 1274 4030; baseline -0.001 -20"><span class='ocrx_word' id='word_1_240' title='bbox 261 3977 418 4026; x_wconf 70' lang='lat' dir='ltr'><strong>um,</strong></span> <span class='ocrx_word' id='word_1_241' title='bbox 429 3961 580 4010; x_wconf 76' lang='lat' dir='ltr'><strong>varia</strong></span> <span class='ocrx_word' id='word_1_242' title='bbox 597 3959 818 4010; x_wconf 77' lang='lat' dir='ltr'><strong>materia</strong></span> <span class='ocrx_word' id='word_1_243' title='bbox 839 3970 893 4010; x_wconf 85' lang='lat' dir='ltr'><strong>et</strong></span> <span class='ocrx_word' id='word_1_244' title='bbox 906 3959 1158 4030; x_wconf 82' lang='lat' dir='ltr'><strong>pretinm.</strong></span> <span class='ocrx_word' id='word_1_245' title='bbox 1173 3955 1274 4010; x_wconf 88' lang='lat' dir='ltr'><strong>Illi-</strong></span> 
     </span>
     <span class='ocr_line' id='line_1_40' title="bbox 261 4035 1272 4110; baseline -0.001 -20"><span class='ocrx_word' id='word_1_246' title='bbox 261 4039 376 4107; x_wconf 67' lang='lat' dir='ltr'><strong>3ari</strong></span> <span class='ocrx_word' id='word_1_247' title='bbox 396 4039 463 4092; x_wconf 75' lang='lat' dir='ltr'><strong>iis</strong></span> <span class='ocrx_word' id='word_1_248' title='bbox 479 4038 732 4092; x_wconf 73' lang='lat' dir='ltr'><strong>solebant</strong></span> <span class='ocrx_word' id='word_1_249' title='bbox 751 4035 1070 4110; x_wconf 74' lang='lat' dir='ltr'><strong>obvolvique</strong></span> <span class='ocrx_word' id='word_1_250' title='bbox 1088 4049 1272 4110; x_wconf 78' lang='lat' dir='ltr'><strong>pecto·</strong></span> 
     </span>
     <span class='ocr_line' id='line_1_41' title="bbox 264 4117 1273 4190; baseline 0.001 -22"><span class='ocrx_word' id='word_1_251' title='bbox 264 4135 318 4168; x_wconf 80' lang='lat' dir='ltr'><strong>ra</strong></span> <span class='ocrx_word' id='word_1_252' title='bbox 331 4155 352 4182; x_wconf 90' lang='lat'><strong>,</strong></span> <span class='ocrx_word' id='word_1_253' title='bbox 371 4119 576 4170; x_wconf 73' lang='lat' dir='ltr'><strong>femora</strong></span> <span class='ocrx_word' id='word_1_254' title='bbox 591 4157 608 4185; x_wconf 89' lang='lat'><strong>,</strong></span> <span class='ocrx_word' id='word_1_255' title='bbox 635 4117 804 4185; x_wconf 65' lang='lat' dir='ltr'><strong>tibia,</strong></span> <span class='ocrx_word' id='word_1_256' title='bbox 833 4117 1054 4190; x_wconf 66' lang='lat' dir='ltr'><strong>aliaeque</strong></span> <span class='ocrx_word' id='word_1_257' title='bbox 1075 4135 1273 4188; x_wconf 82' lang='lat' dir='ltr'><strong>corpo-</strong></span> 
     </span>
    </p>
   </div>
   <div class='ocr_carea' id='block_1_8' title="bbox 263 4195 1272 4270">
    <p class='ocr_par' dir='ltr' id='par_1_12' title="bbox 263 4195 1272 4270">
     <span class='ocr_line' id='line_1_42' title="bbox 263 4195 1272 4270; baseline 0.002 -24"><span class='ocrx_word' id='word_1_258' title='bbox 263 4197 334 4246; x_wconf 62' lang='lat' dir='ltr'><strong>ris</strong></span> <span class='ocrx_word' id='word_1_259' title='bbox 365 4209 540 4268; x_wconf 70' lang='lat' dir='ltr'><strong>partes</strong></span> <span class='ocrx_word' id='word_1_260' title='bbox 553 4235 570 4263; x_wconf 92' lang='lat'><strong>,</strong></span> <span class='ocrx_word' id='word_1_261' title='bbox 601 4209 664 4249; x_wconf 83' lang='lat' dir='ltr'><strong>ut</strong></span> <span class='ocrx_word' id='word_1_262' title='bbox 695 4196 830 4250; x_wconf 82' lang='lat' dir='ltr'><strong>adeo</strong></span> <span class='ocrx_word' id='word_1_263' title='bbox 861 4215 960 4270; x_wconf 84' lang='lat' dir='ltr'><strong>pro</strong></span> <span class='ocrx_word' id='word_1_264' title='bbox 989 4195 1272 4268; x_wconf 84' lang='lat' dir='ltr'><strong>pectorali·</strong></span> 
     </span>
    </p>
   </div>
   <div class='ocr_carea' id='block_1_9' title="bbox 1359 2841 2385 4270">
    <p class='ocr_par' dir='ltr' id='par_1_13' title="bbox 1367 2841 2385 3073">
     <span class='ocr_line' id='line_1_43' title="bbox 1367 2841 2385 2917; baseline -0.003 -21"><span class='ocrx_word' id='word_1_265' title='bbox 1367 2842 1506 2917; x_wconf 82' lang='lat' dir='ltr'><strong>prid.</strong></span> <span class='ocrx_word' id='word_1_266' title='bbox 1527 2843 1679 2896; x_wconf 82' lang='lat' dir='ltr'><strong>Alex.</strong></span> <span class='ocrx_word' id='word_1_267' title='bbox 1699 2843 1815 2896; x_wconf 83' lang='lat' dir='ltr'><strong>Sev.</strong></span> <span class='ocrx_word' id='word_1_268' title='bbox 1838 2861 1960 2914; x_wconf 85' lang='lat' dir='ltr'><strong>cap.</strong></span> <span class='ocrx_word' id='word_1_269' title='bbox 1984 2841 2079 2908; x_wconf 70' lang='grc' dir='ltr'><strong>4ος</strong></span> <span class='ocrx_word' id='word_1_270' title='bbox 2098 2843 2306 2894; x_wconf 75' lang='lat' dir='ltr'><strong>Ernest.</strong></span> <span class='ocrx_word' id='word_1_271' title='bbox 2326 2842 2385 2894; x_wconf 87' lang='lat' dir='ltr'><strong>in</strong></span> 
     </span>
     <span class='ocr_line' id='line_1_44' title="bbox 1369 2921 2385 2994; baseline 0.001 -19"><span class='ocrx_word' id='word_1_272' title='bbox 1369 2923 1515 2976; x_wconf 83' lang='lat' dir='ltr'><strong>Clav.</strong></span> <span class='ocrx_word' id='word_1_273' title='bbox 1534 2923 1643 2976; x_wconf 89' lang='lat' dir='ltr'><strong>Cic.</strong></span> <span class='ocrx_word' id='word_1_274' title='bbox 1662 2921 1763 2974; x_wconf 81' lang='lat' dir='ltr'><strong>sub</strong></span> <span class='ocrx_word' id='word_1_275' title='bbox 1782 2921 1969 2976; x_wconf 79' lang='lat' dir='ltr'><strong>vocab.</strong></span> <span class='ocrx_word' id='word_1_276' title='bbox 1980 2921 2385 2994; x_wconf 66' lang='lat' dir='ltr'><strong>fascia,fasc⁸&#39;o·</strong></span> 
     </span>
     <span class='ocr_line' id='line_1_45' title="bbox 1372 3000 1793 3073; baseline 0.002 -20"><span class='ocrx_word' id='word_1_277' title='bbox 1372 3000 1438 3054; x_wconf 79' lang='lat' dir='ltr'><strong>1oe</strong></span> <span class='ocrx_word' id='word_1_278' title='bbox 1445 3041 1465 3070; x_wconf 88' lang='lat'><strong>,</strong></span> <span class='ocrx_word' id='word_1_279' title='bbox 1484 3001 1793 3073; x_wconf 63' lang='lat' dir='ltr'><strong>strophium.</strong></span> 
     </span>
    </p>

    <p class='ocr_par' dir='ltr' id='par_1_14' title="bbox 1362 3077 2379 3549">
     <span class='ocr_line' id='line_1_46' title="bbox 1441 3077 2378 3152; baseline -0.001 -20"><span class='ocrx_word' id='word_1_280' title='bbox 1441 3099 1492 3152; x_wconf 89' lang='lat'><strong>9.</strong></span> <span class='ocrx_word' id='word_1_281' title='bbox 1558 3081 1767 3151; x_wconf 59' lang='lat' dir='ltr'><strong>Adiecit</strong></span> <span class='ocrx_word' id='word_1_282' title='bbox 1813 3080 1951 3133; x_wconf 76' lang='lat' dir='ltr'><strong>diem</strong></span> <span class='ocrx_word' id='word_1_283' title='bbox 1998 3077 2378 3134; x_wconf 67' lang='lat' dir='ltr'><strong>scammatibus.</strong></span> 
     </span>
     <span class='ocr_line' id='line_1_47' title="bbox 1366 3156 2379 3228; baseline -0.002 -15"><span class='ocrx_word' id='word_1_284' title='bbox 1366 3163 1499 3228; x_wconf 83' lang='lat' dir='ltr'><strong>Dio,</strong></span> <span class='ocrx_word' id='word_1_285' title='bbox 1521 3161 1639 3212; x_wconf 85' lang='lat' dir='ltr'><strong>LIX</strong></span> <span class='ocrx_word' id='word_1_286' title='bbox 1654 3197 1671 3225; x_wconf 91' lang='lat'><strong>,</strong></span> <span class='ocrx_word' id='word_1_287' title='bbox 1694 3160 1746 3212; x_wconf 82' lang='lat'><strong>6.</strong></span> <span class='ocrx_word' id='word_1_288' title='bbox 1776 3161 1857 3212; x_wconf 87' lang='lat' dir='ltr'><strong>De</strong></span> <span class='ocrx_word' id='word_1_289' title='bbox 1878 3156 2245 3212; x_wconf 71' lang='lat' dir='ltr'><strong>Saturnalium</strong></span> <span class='ocrx_word' id='word_1_290' title='bbox 2268 3158 2379 3212; x_wconf 83' lang='lat' dir='ltr'><strong>die·</strong></span> 
     </span>
     <span class='ocr_line' id='line_1_48' title="bbox 1365 3235 2379 3308; baseline 0.001 -19"><span class='ocrx_word' id='word_1_291' title='bbox 1365 3237 1468 3290; x_wconf 79' lang='lat' dir='ltr'><strong>bus</strong></span> <span class='ocrx_word' id='word_1_292' title='bbox 1487 3276 1506 3303; x_wconf 87' lang='lat'><strong>.,</strong></span> <span class='ocrx_word' id='word_1_293' title='bbox 1542 3239 1713 3290; x_wconf 73' lang='lat' dir='ltr'><strong>auctis</strong></span> <span class='ocrx_word' id='word_1_294' title='bbox 1744 3237 1814 3290; x_wconf 85' lang='lat' dir='ltr'><strong>ab</strong></span> <span class='ocrx_word' id='word_1_295' title='bbox 1852 3255 1963 3289; x_wconf 87' lang='lat' dir='ltr'><strong>uno</strong></span> <span class='ocrx_word' id='word_1_296' title='bbox 2002 3235 2071 3288; x_wconf 83' lang='lat' dir='ltr'><strong>ad</strong></span> <span class='ocrx_word' id='word_1_297' title='bbox 2106 3237 2346 3308; x_wconf 81' lang='lat' dir='ltr'><strong>quinque</strong></span> <span class='ocrx_word' id='word_1_298' title='bbox 2360 3275 2379 3305; x_wconf 88' lang='lat'><strong>,</strong></span> 
     </span>
     <span class='ocr_line' id='line_1_49' title="bbox 1366 3315 2372 3394; baseline -0.003 -23"><span class='ocrx_word' id='word_1_299' title='bbox 1366 3316 1606 3394; x_wconf 74' lang='lat' dir='ltr'><strong>disputat</strong></span> <span class='ocrx_word' id='word_1_300' title='bbox 1622 3320 1862 3390; x_wconf 79' lang='lat' dir='ltr'><strong>Lipsius,</strong></span> <span class='ocrx_word' id='word_1_301' title='bbox 1882 3315 2094 3368; x_wconf 79' lang='lat' dir='ltr'><strong>Sami-n.</strong></span> <span class='ocrx_word' id='word_1_302' title='bbox 2115 3317 2171 3376; x_wconf 83' lang='lat'><strong>1,</strong></span> <span class='ocrx_word' id='word_1_303' title='bbox 2196 3315 2229 3368; x_wconf 88' lang='grc'>3</span> <span class='ocrx_word' id='word_1_304' title='bbox 2250 3330 2303 3368; x_wconf 84' lang='lat' dir='ltr'><strong>et</strong></span> <span class='ocrx_word' id='word_1_305' title='bbox 2323 3317 2372 3383; x_wconf 77' lang='grc'><strong>4.</strong></span> 
     </span>
     <span class='ocr_line' id='line_1_50' title="bbox 1363 3396 2371 3470; baseline -0.002 -18"><span class='ocrx_word' id='word_1_306' title='bbox 1363 3401 1443 3452; x_wconf 85' lang='lat' dir='ltr'><strong>De</strong></span> <span class='ocrx_word' id='word_1_307' title='bbox 1455 3402 1577 3470; x_wconf 78' lang='lat' dir='ltr'><strong>ipso</strong></span> <span class='ocrx_word' id='word_1_308' title='bbox 1593 3399 1732 3452; x_wconf 69' lang='lat' dir='ltr'><strong>festo</strong></span> <span class='ocrx_word' id='word_1_309' title='bbox 1744 3396 1867 3450; x_wconf 80' lang='lat' dir='ltr'><strong>vide</strong></span> <span class='ocrx_word' id='word_1_310' title='bbox 1880 3397 2065 3450; x_wconf 69' lang='lat' dir='ltr'><strong>Rosia.</strong></span> <span class='ocrx_word' id='word_1_311' title='bbox 2080 3397 2205 3448; x_wconf 82' lang='lat' dir='ltr'><strong>Ant.</strong></span> <span class='ocrx_word' id='word_1_312' title='bbox 2217 3397 2371 3450; x_wconf 84' lang='lat' dir='ltr'><strong>Rom.</strong></span> 
     </span>
     <span class='ocr_line' id='line_1_51' title="bbox 1362 3477 1873 3549; baseline -0.008 -19"><span class='ocrx_word' id='word_1_313' title='bbox 1362 3479 1454 3547; x_wconf 78' lang='lat' dir='ltr'><strong>lv,</strong></span> <span class='ocrx_word' id='word_1_314' title='bbox 1483 3477 1575 3543; x_wconf 79' lang='lat'><strong>16,</strong></span> <span class='ocrx_word' id='word_1_315' title='bbox 1603 3495 1725 3549; x_wconf 76' lang='lat' dir='ltr'><strong>pag.</strong></span> <span class='ocrx_word' id='word_1_316' title='bbox 1755 3478 1873 3546; x_wconf 75' lang='lat'><strong>294.</strong></span> 
     </span>
    </p>

    <p class='ocr_par' dir='ltr' id='par_1_15' title="bbox 1359 3554 2374 4270">
     <span class='ocr_line' id='line_1_52' title="bbox 1433 3554 2374 3626; baseline -0.007 -14"><span class='ocrx_word' id='word_1_317' title='bbox 1433 3561 1617 3612; x_wconf 82' lang='lat' dir='ltr'><strong>xvm.</strong></span> <span class='ocrx_word' id='word_1_318' title='bbox 1656 3575 1699 3611; x_wconf 80' lang='grc' dir='ltr'><strong>ι.</strong></span> <span class='ocrx_word' id='word_1_319' title='bbox 1725 3558 1933 3611; x_wconf 77' lang='lat' dir='ltr'><strong>Partim</strong></span> <span class='ocrx_word' id='word_1_320' title='bbox 1954 3557 2011 3609; x_wconf 80' lang='lat' dir='ltr'><strong>in</strong></span> <span class='ocrx_word' id='word_1_321' title='bbox 2028 3554 2374 3626; x_wconf 72' lang='lat' dir='ltr'><strong>Amphithea-</strong></span> 
     </span>
     <span class='ocr_line' id='line_1_53' title="bbox 1365 3634 2371 3710; baseline -0.003 -19"><span class='ocrx_word' id='word_1_322' title='bbox 1365 3650 1443 3692; x_wconf 78' lang='lat' dir='ltr'><strong>tro</strong></span> <span class='ocrx_word' id='word_1_323' title='bbox 1465 3639 1656 3704; x_wconf 77' lang='lat' dir='ltr'><strong>Tauri,</strong></span> <span class='ocrx_word' id='word_1_324' title='bbox 1674 3638 1873 3710; x_wconf 80' lang='lat' dir='ltr'><strong>partim</strong></span> <span class='ocrx_word' id='word_1_325' title='bbox 1895 3638 1955 3689; x_wconf 78' lang='lat' dir='ltr'><strong>in</strong></span> <span class='ocrx_word' id='word_1_326' title='bbox 1974 3637 2156 3708; x_wconf 76' lang='lat' dir='ltr'><strong>Septis.</strong></span> <span class='ocrx_word' id='word_1_327' title='bbox 2178 3635 2258 3687; x_wconf 92' lang='lat' dir='ltr'><strong>De</strong></span> <span class='ocrx_word' id='word_1_328' title='bbox 2276 3634 2371 3688; x_wconf 91' lang='lat' dir='ltr'><strong>illo</strong></span> 
     </span>
     <span class='ocr_line' id='line_1_54' title="bbox 1361 3714 2369 3790; baseline -0.007 -18"><span class='ocrx_word' id='word_1_329' title='bbox 1361 3720 1431 3772; x_wconf 82' lang='lat' dir='ltr'><strong>cf.</strong></span> <span class='ocrx_word' id='word_1_330' title='bbox 1449 3717 1517 3770; x_wconf 84' lang='lat' dir='ltr'><strong>ad</strong></span> <span class='ocrx_word' id='word_1_331' title='bbox 1531 3718 1754 3790; x_wconf 76' lang='lat' dir='ltr'><strong>August.</strong></span> <span class='ocrx_word' id='word_1_332' title='bbox 1770 3735 1862 3788; x_wconf 78' lang='lat'><strong>²9³</strong></span> <span class='ocrx_word' id='word_1_333' title='bbox 1880 3716 1948 3770; x_wconf 87' lang='lat' dir='ltr'><strong>de</strong></span> <span class='ocrx_word' id='word_1_334' title='bbox 1962 3717 2135 3789; x_wconf 72' lang='lat' dir='ltr'><strong>Septis</strong></span> <span class='ocrx_word' id='word_1_335' title='bbox 2148 3714 2219 3767; x_wconf 81' lang='lat' dir='ltr'><strong>ad</strong></span> <span class='ocrx_word' id='word_1_336' title='bbox 2232 3717 2369 3786; x_wconf 71' lang='lat' dir='ltr'><strong>Aug.</strong></span> 
     </span>
     <span class='ocr_line' id='line_1_55' title="bbox 1361 3797 2372 3868; baseline -0.008 -13"><span class='ocrx_word' id='word_1_337' title='bbox 1361 3801 1432 3868; x_wconf 73' lang='grc'><strong>43</strong></span> <span class='ocrx_word' id='word_1_338' title='bbox 1455 3821 1470 3864; x_wconf 80' lang='lat'>3</span> <span class='ocrx_word' id='word_1_339' title='bbox 1511 3799 1579 3851; x_wconf 85' lang='lat' dir='ltr'><strong>de</strong></span> <span class='ocrx_word' id='word_1_340' title='bbox 1616 3801 1807 3851; x_wconf 78' lang='lat' dir='ltr'><strong>insano</strong></span> <span class='ocrx_word' id='word_1_341' title='bbox 1834 3799 2017 3850; x_wconf 80' lang='lat' dir='ltr'><strong>furore</strong></span> <span class='ocrx_word' id='word_1_342' title='bbox 2032 3835 2049 3864; x_wconf 90' lang='lat'>‚</span> <span class='ocrx_word' id='word_1_343' title='bbox 2082 3815 2191 3867; x_wconf 84' lang='lat' dir='ltr'><strong>quo</strong></span> <span class='ocrx_word' id='word_1_344' title='bbox 2229 3797 2372 3864; x_wconf 67' lang='lat' dir='ltr'><strong>ejun-</strong></span> 
     </span>
     <span class='ocr_line' id='line_1_56' title="bbox 1359 3873 2371 3950; baseline -0.008 -17"><span class='ocrx_word' id='word_1_345' title='bbox 1359 3878 1508 3933; x_wconf 86' lang='lat' dir='ltr'><strong>modi</strong></span> <span class='ocrx_word' id='word_1_346' title='bbox 1534 3877 1839 3950; x_wconf 80' lang='lat' dir='ltr'><strong>spectacula</strong></span> <span class='ocrx_word' id='word_1_347' title='bbox 1866 3875 2079 3930; x_wconf 86' lang='lat' dir='ltr'><strong>amabat</strong></span> <span class='ocrx_word' id='word_1_348' title='bbox 2100 3873 2337 3944; x_wconf 70' lang='lat' dir='ltr'><strong>Caligula</strong></span> <span class='ocrx_word' id='word_1_349' title='bbox 2354 3913 2371 3942; x_wconf 90' lang='lat'><strong>,</strong></span> 
     </span>
     <span class='ocr_line' id='line_1_57' title="bbox 1359 3954 2369 4031; baseline -0.005 -19"><span class='ocrx_word' id='word_1_350' title='bbox 1359 3957 1479 4012; x_wconf 79' lang='lat' dir='ltr'><strong>vide</strong></span> <span class='ocrx_word' id='word_1_351' title='bbox 1497 3960 1637 4011; x_wconf 86' lang='lat' dir='ltr'><strong>infra</strong></span> <span class='ocrx_word' id='word_1_352' title='bbox 1655 3975 1773 4031; x_wconf 84' lang='lat' dir='ltr'><strong>cap.</strong></span> <span class='ocrx_word' id='word_1_353' title='bbox 1796 3957 1881 4024; x_wconf 76' lang='grc'><strong>54.</strong></span> <span class='ocrx_word' id='word_1_354' title='bbox 1902 3956 2060 4008; x_wconf 79' lang='lat' dir='ltr'><strong>Conf.</strong></span> <span class='ocrx_word' id='word_1_355' title='bbox 2074 3956 2205 4020; x_wconf 79' lang='lat' dir='ltr'><strong>Dio,</strong></span> <span class='ocrx_word' id='word_1_356' title='bbox 2224 3954 2338 4007; x_wconf 79' lang='lat' dir='ltr'><strong>ux</strong></span> <span class='ocrx_word' id='word_1_357' title='bbox 2352 3991 2369 4018; x_wconf 93' lang='lat'>‚</span> 
     </span>
     <span class='ocr_line' id='line_1_58' title="bbox 1367 4034 2370 4091; baseline -0.005 0"><span class='ocrx_word' id='word_1_358' title='bbox 1367 4055 1447 4091; x_wconf 78' lang='grc' dir='ltr'><strong>ιο.</strong></span> <span class='ocrx_word' id='word_1_359' title='bbox 1464 4039 1654 4090; x_wconf 78' lang='lat' dir='ltr'><strong>Postea</strong></span> <span class='ocrx_word' id='word_1_360' title='bbox 1669 4035 1847 4090; x_wconf 82' lang='lat' dir='ltr'><strong>malim</strong></span> <span class='ocrx_word' id='word_1_361' title='bbox 1866 4035 2268 4088; x_wconf 70' lang='lat' dir='ltr'><strong>lectissimorum.</strong></span> <span class='ocrx_word' id='word_1_362' title='bbox 2285 4034 2370 4086; x_wconf 81' lang='lat' dir='ltr'><strong>Li-</strong></span> 
     </span>
     <span class='ocr_line' id='line_1_59' title="bbox 1360 4113 2370 4186; baseline -0.002 -18"><span class='ocrx_word' id='word_1_363' title='bbox 1360 4132 1472 4169; x_wconf 85' lang='lat' dir='ltr'><strong>tera</strong></span> <span class='ocrx_word' id='word_1_364' title='bbox 1498 4135 1527 4167; x_wconf 80' lang='lat' dir='ltr'><strong>e</strong></span> <span class='ocrx_word' id='word_1_365' title='bbox 1562 4115 1784 4168; x_wconf 62' lang='lat' dir='ltr'><strong>adhaesit</strong></span> <span class='ocrx_word' id='word_1_366' title='bbox 1809 4113 2073 4168; x_wconf 80' lang='lat' dir='ltr'><strong>vocabulo</strong></span> <span class='ocrx_word' id='word_1_367' title='bbox 2108 4133 2139 4166; x_wconf 91' lang='lat' dir='ltr'><strong>e</strong></span> <span class='ocrx_word' id='word_1_368' title='bbox 2170 4131 2370 4186; x_wconf 74' lang='lat' dir='ltr'><strong>praece-</strong></span> 
     </span>
     <span class='ocr_line' id='line_1_60' title="bbox 1360 4195 1772 4270; baseline -0.005 -20"><span class='ocrx_word' id='word_1_369' title='bbox 1360 4195 1519 4250; x_wconf 82' lang='lat' dir='ltr'><strong>dente</strong></span> <span class='ocrx_word' id='word_1_370' title='bbox 1550 4195 1772 4270; x_wconf 68' lang='lat' dir='ltr'><strong>regione.</strong></span> 
     </span>
    </p>
   </div>
  </div>
 </body>
</html>
