3050 5004
574 445 701 524 424
1326 441 1399 504 e.
1452 439 1922 508 sui-:Toml

564 587 751 638 ctum
766 571 1147 636 existiment
1162 593 1177 634 ε
1200 591 1495 662 quorum
1506 571 1894 660 opinionem
1909 572 2218 640 Onmms
2231 575 2434 638 etiam
2447 595 2664 640 exem—

562 679 693 773 plis
716 679 1091 748 confirmat.
1114 683 1305 760 Nam,
1330 709 1359 740 κ
1378 678 1564 771 apud
1587 677 1900 772 majores,
1921 711 1950 742 υ
1983 684 2096 764 ait,
2131 713 2158 742 a
2175 706 2392 778 quum
2413 681 2662 750 familia

560 787 847 882 alicujus
884 788 1142 856 venalis
1172 788 1694 881 produceretur,
1729 815 1870 858 non
1909 809 2162 859 temere
2202 815 2410 888 quem
2440 790 2664 860 litera-

564 921 711 970 tum
737 904 807 970 in
837 898 1064 982 titulo,
1090 899 1209 972 sed
1237 901 1648 970 literatorem
1669 901 1940 970 inscribi
1963 903 2237 972 solitum
2259 927 2446 972 esse:
2473 904 2662 998 quasi

565 1037 707 1082 non
742 1011 1173 1104 perfunctum
1212 1010 1421 1078 literis
1442 1065 1459 1093 ,
1498 1010 1622 1078 sed
1659 1011 2014 1080 imbutum.
2047 1045 2076 1073 n
2119 1018 2397 1082 Veteres
2433 1017 2666 1088 Gram-

565 1124 789 1192 matici
820 1138 889 1188 et
914 1121 1341 1188 Rhetoricam
1363 1121 1731 1189 docebant:
1761 1145 1842 1188 ac
1865 1121 2240 1190 multorum
2265 1122 2353 1190 de
2379 1139 2666 1216 utraque

564 1251 707 1302 arte
730 1231 1195 1300 commentarii
1224 1229 1558 1298 feruntur.
1591 1229 1972 1300 Secundum
2002 1255 2210 1326 quam
2239 1229 2666 1300 consuetudi-

568 1365 725 1408 nem
770 1344 1177 1435 posteriores
1224 1363 1497 1436 quoque
1539 1344 1848 1411 existimo
1867 1393 1884 1424 ,
1934 1367 2348 1438 quamquam
2383 1340 2529 1435 jam
2569 1339 2668 1406 di·

567 1455 799 1522 scretis
824 1451 1353 1544 professionibus
1368 1505 1385 1532 ,
1422 1451 1860 1520 nihilominus
1884 1450 1994 1519 vel
2017 1455 2374 1520 retinuisse
2390 1506 2407 1535 ,
2435 1452 2543 1520 vel
2565 1454 2666 1518 in-

570 1564 861 1632 stituisse
898 1579 967 1629 et
1004 1564 1189 1653 ipsos
1232 1559 1548 1656 quaedam
1585 1585 1834 1652 genera
1871 1564 2372 1630 institutionum
2407 1561 2496 1629 ad
2535 1560 2668 1628 elo-

570 1676 917 1768 quentiam
963 1669 1479 1764 praeparandam
1498 1722 1517 1752 ,
1569 1687 1646 1738 ut
1689 1669 2140 1764 problemata,
2187 1671 2627 1765 paraphrases
2645 1723 2664 1752 ,

569 1784 1011 1883 allocutiones
1030 1791 1077 1860 ²,
1109 1772 1517 1873 ethologias,
1547 1798 1752 1877 atque
1783 1781 1916 1850 alia
1945 1782 2076 1850 hoc
2103 1806 2356 1874 genu33
2385 1807 2474 1850 ne
2508 1782 2672 1850 scili·

572 1914 679 1964 cet
698 1897 853 1964 sicci
874 1897 1151 1962 omnino
1164 1910 1369 1988 atque
1387 1893 1556 1962 aridi
1573 1899 1766 1988 pueri
1785 1894 2191 1962 Rhetoribus
2209 1895 2666 1964 traderentur:

574 2031 726 2103 quae
757 2003 1031 2100 quidem
1056 2007 1273 2070 omitti
1294 2003 1438 2096 jam
1464 2004 1660 2072 video
1679 2057 1698 2088 ,
1733 2004 1992 2073 desidia
2023 2003 2454 2100 quorundam
2481 2020 2549 2072 et
2572 2007 2669 2070 in-

572 2119 823 2198 fantia·,
860 2139 1003 2182 non
1038 2116 1219 2180 enim
1248 2113 1517 2182 fastidio
1546 2132 1802 2207 putem.
1837 2120 1950 2182 Me
1983 2113 2262 2208 quidem
2285 2113 2674 2182 adolescen-

578 2227 756 2310 tulo,
786 2242 1052 2318 repeto,
1090 2223 1469 2322 quendam,
1496 2228 1870 2318 Principem
1906 2228 2209 2306 nomine,
2239 2224 2516 2306 alternis
2544 2221 2679 2290 die·

582 2337 709 2404 bus
742 2335 1121 2404 declamare
1141 2387 1157 2417 ,
1190 2334 1466 2403 alternis
1505 2334 1881 2428 disputare,
1913 2335 2264 2403 nonnullis
2295 2359 2460 2403 vero
2485 2357 2682 2402 mane

580 2449 909 2517 disserere
925 2499 941 2530 ,
972 2462 1130 2541 post
1156 2442 1541 2527 meridiem,
1569 2461 1831 2513 remoto
1859 2443 2120 2539 pulpito
2137 2497 2156 2527 ,
2179 2443 2557 2514 declamare
2579 2467 2680 2513 so-

580 2562 799 2631 litum.
854 2558 1227 2627 Audiebam
1275 2561 1477 2626 etiam
1533 2562 1860 2626 memoria
1903 2575 2212 2649 patrum,
2265 2557 2596 2651 quosdam
2645 2580 2684 2623 e

582 2674 1012 2742 Grammatici
1040 2674 1269 2739 statim
1290 2666 1453 2737 ludo
1481 2672 1803 2737 transisse
1828 2672 1900 2737 in
1923 2676 2169 2737 Forum
2187 2723 2204 2754 ,
2237 2686 2441 2765 atque
2465 2672 2536 2737 in
2561 2693 2684 2735 nu-

588 2810 853 2859 merum
892 2786 1607 2879 praestantissimorum
1647 2799 2092 2875 patronorum
2132 2797 2462 2875 receptos,
2511 2780 2686 2848 Clari

587 2896 1003 2989 professores
1020 2946 1037 2976 ,
1073 2909 1141 2961 et
1174 2891 1261 2961 de
1295 2891 1542 2986 quibus
1565 2891 1763 2985 prodi
1785 2893 1999 2985 possit
2019 2890 2275 2986 aliquid
2298 2890 2688 2959 duntaxat.a

589 3004 783 3085 nobis
800 3056 817 3087 ,
840 3006 981 3071 fere
994 3004 1076 3071 hi
1098 3004 1397 3071 fuerunt.

684 3120 762 3182 V.
816 3118 1062 3185 Sffivms
1092 3117 1391 3180 NicANon
1417 3116 1680 3207 primus
1709 3113 1798 3181 ad
1819 3113 2070 3181 famam
2095 3114 2690 3209 dignationemque

590 3224 898 3295 docendo
939 3224 1279 3316 pervenit:
1321 3223 1614 3318 fecitque
1649 3240 1896 3316 praeter
1931 3226 2484 3307 commentarios,
2533 3247 2692 3318 quo-

590 3361 744 3405 rum
770 3354 993 3403 tamen
1030 3360 1187 3427 pars
1211 3337 1503 3403 maxima
1531 3338 1901 3428 intercepta
1923 3334 2191 3418 dicitur,
2221 3336 2500 3402 satiram
2525 3357 2689 3429 quo-

582 3473 757 3547 ,qum
781 3451 851 3515 in
876 3473 1013 3545 qua
1030 3447 1420 3515 libertinum
1444 3471 1516 3515 se
1531 3500 1548 3531 ,
1577 3472 1656 3515 ac
1674 3444 1925 3541 duplici
1949 3451 2347 3538 cognomine
2365 3471 2548 3530 esse,
2573 3470 2696 3540 per
2766 3444 2774 3449 ’

590 3559 720 3627 hoc
747 3557 1031 3626 indicat:

748 3705 979 3765 Saevius
1006 3704 1277 3763 Nicanor
1304 3704 1500 3766 Marci
1531 3704 1787 3765 libertus
1817 3702 2100 3786 negabit,

750 3799 980 3860 Saevius
1007 3801 1390 3861 Postumius¹
1425 3800 1620 3875 idem3
1657 3814 1720 3861 at
1745 3801 1991 3861 Marcus
2019 3800 2282 3861 docebit.

662 4003 711 4037 a.
768 3983 1142 4037 Allocutt'ones.
1190 3982 1367 4055 Vulgo
1416 3983 1598 4038 elocu-
1688 3996 1860 4037 metro
1911 3983 2252 4037 consulerent
2275 4020 2292 4050 ‚
2347 3980 2694 4034 emendarunt

590 4067 769 4118 tiones·
1687 4064 1918 4119 Casaub.
1941 4065 2301 4131 Postumeius,
2322 4064 2558 4117 Gronov.
2588 4063 2696 4113 Po·-

660 4144 723 4199 V.
762 4161 805 4197 1.
830 4144 1025 4196 Soevius
1048 4144 1375 4209 Postumius,
1403 4158 1502 4197 etc.
1531 4146 1597 4196 Ut
1689 4144 2271 4214 stumianus,0udend.
2289 4139 2696 4197 Poma-nune}
