3050 5004
257 350 294 367 ἣ

1047 476 1548 541 CLAUDIUS.
2222 498 2239 541 ι
2273 478 2344 542 ¹5

243 604 526 675 Maximi
553 600 930 683 Pontifiuis,
956 604 1366 669 commonito
1395 624 1520 693 pro
1554 603 1809 669 Rostris
1839 601 2125 694 populo,
2156 607 2351 695 praei·

245 735 382 801 ret,
407 732 888 807 summotaque
910 716 1382 805 operariorum
1409 736 1900 808 servorumque
1918 716 2141 783 turba.

341 834 591 899 xxm.
645 830 900 894 Rerum
921 842 1182 907 actum,
1205 824 1498 892 divisum
1520 839 1719 893 antea
1742 828 1811 892 in
1841 826 2159 895 hibernos
2188 833 2361 899 aesti-

251 965 516 1037 vosque
537 958 842 1020 menses,
873 934 1282 1029 conjunxit&
1314 934 1863 1004 Jurisdictionem
1892 936 1977 1004 de
2000 937 2155 1005 fidei
2182 962 2364 1005 com-

259 1054 514 1133 missis,
546 1052 914 1144 quotannis
939 1064 1008 1114 et
1029 1058 1296 1114 tantum
1323 1049 1395 1112 in
1423 1046 1611 1113 Urbe
1638 1044 1933 1139 delegari
1966 1051 2367 1139 magistrati-

255 1164 384 1230 bus
423 1161 693 1231 solitam
717 1212 735 1241 ,
773 1162 846 1226 in
883 1174 1292 1252 perpetuum
1337 1174 1543 1253 atque
1578 1161 1777 1225 etium
1822 1184 1946 1252 per
1989 1163 2368 1253 provincias

259 1272 712 1365 potestatibus
741 1267 1232 1340 demandavit&
1273 1272 1488 1361 Capiti
1517 1272 1739 1363 Papiae
1766 1275 2069 1363 Poppaeae
2097 1270 2259 1363 legis
2280 1327 2300 1357 ,
2331 1298 2373 1339 a

259 1386 538 1454 Tiberio
559 1387 858 1465 Caesare,
883 1385 1078 1477 quasi
1103 1382 1516 1475 sexagenarii
1546 1406 1871 1473 generare
1894 1406 2031 1449 non
2062 1401 2342 1475 possent
2356 1436 2373 1465 ,

257 1493 527 1576 addito,
564 1489 972 1586 obrogavit3.
1007 1496 1271 1574 Sanxit,
1291 1508 1383 1560 -ut
1415 1492 1691 1586 pupillis
1722 1509 1911 1559 extra
1938 1492 2244 1563 ordinem
2276 1512 2378 1562 tu-

265 1624 448 1674 tores
491 1631 534 1671 a
561 1602 974 1671 Consulibus
1003 1601 1394 1686 darentur4,
1427 1618 1641 1698 utque
1672 1602 1774 1685 hi,
1820 1602 2071 1695 quibus
2102 1628 2143 1669 a
2178 1609 2382 1695 magi·

267 1827 520 1879 erationis
549 1825 860 1888 sollemnia,
893 1838 948 1877 et
967 1844 1066 1897 pro
1089 1824 1280 1882 Rostris

269 1908 429 1959 refert
469 1905 540 1958 ad
571 1906 811 1979 proet'ret,
851 1923 957 1977 quo
996 1904 1282 1957 verborum

272 1986 458 2038 ordine
476 1998 666 2037 auctor
685 1986 996 2037 sententiam
1017 1987 1166 2054 justo
1188 1980 1284 2032 ob-

271 2067 564 2117 scuriorem
609 2065 725 2134 ipsu
776 2060 1108 2113 reddidisset.
1157 2060 1284 2110 Buzz-

275 2162 452 2195 mann.
485 2143 718 2213 trajectis
754 2140 930 2197 verbis
961 2138 1136 2211 legere
1173 2158 1288 2191 ma·-

274 2222 412 2284 vult,
436 2220 754 2273 commonito
765 2217 967 2290 populo
983 2237 1082 2290 pro
1099 2218 1292 2269 Rostn‘s

271 2300 514 2371 praeiret,
547 2297 691 2369 quod
713 2314 823 2347 non
851 2299 1018 2366 magis
1045 2314 1292 2347 necessa·-

281 2382 432 2431 rium.
459 2378 746 2449 Progressa
777 2377 1194 2428 commonitione
1223 2373 1291 2426 de

259 2472 439 2512 'causa
487 2456 857 2510 sollemnitatis
909 2470 962 2509 et
1004 2454 1292 2508 avertenda

277 2539 515 2590 Deorum
557 2539 633 2589 ira
676 2535 918 2588 Pontifex
955 2553 1052 2606 pro
1089 2535 1292 2590 Rostris

279 2621 385 2670 sive
411 2619 466 2669 in
491 2617 754 2670 concione
779 2615 1162 2668 obsecrationis
1187 2615 1294 2665 for-

281 2697 478 2748 mulam
516 2695 757 2767 praeibat.
800 2695 992 2746 Postea
1034 2692 1295 2765 operario-

283 2797 393 2830 rum
432 2795 534 2848 pro
574 2793 849 2850 operarum
890 2792 919 2825 e
955 2773 1099 2826 MSS.
1139 2771 1290 2826 resti-

281 2869 426 2908 tuere
449 2857 662 2907 Ernest.
696 2865 748 2905 et
772 2851 1018 2907 Oudend.

349 2937 541 2988 xxm.
580 2953 625 2987 ι.
651 2935 840 2986 Rerum
864 2944 1056 2986 aetiam.
1072 2972 1084 2984 .
1102 2971 1113 2984 .
1131 2972 1142 2983 .
1169 2952 1296 2986 con-

269 3019 458 3089 junxit
469 3039 488 3078 ‚⁰
525 3015 582 3067 h.
617 3035 664 3067 e.
693 3015 950 3081 instituit,
979 3027 1039 3066 ut
1072 3012 1294 3067 admini-

287 3097 469 3148 stratio
490 3095 821 3166 Judiciorum
853 3113 950 3166 per
979 3106 1212 3145 testatem
1242 3106 1297 3144 et

285 3191 600 3228 autumnum
629 3192 738 3225 uno
767 3185 954 3224 tenore
981 3172 1298 3243 procederet

286 3258 389 3307 sive
422 3257 849 3317 continuaretur,
881 3254 1177 3324 interrupta
1203 3269 1296 3303 an·

285 3349 366 3385 tea
400 3334 546 3386 feriis
574 3333 746 3385 vernis
775 3343 827 3384 et
865 3329 1296 3399 autumnalibus,

287 3413 532 3484 adeoque
551 3411 732 3463 relicta
751 3423 959 3462 tantum
978 3411 1134 3461 certis
1155 3428 1297 3461 meu·

289 3493 430 3545 sibus
459 3493 698 3548 hibernis
721 3505 772 3542 et
797 3492 1001 3544 aestivis.
1029 3491 1147 3564 lpse
1168 3509 1296 3544 suus

289 3577 547 3645 interpres
588 3573 804 3638 Noster,
849 3571 1004 3624 Galb.
1063 3571 1160 3638 14,
1201 3569 1296 3622 ubi

291 3654 604 3726 «judicibus
647 3670 963 3706 concessum
1005 3671 1035 3704 a
1073 3651 1295 3706 Claudio

289 3732 601 3785 beneficium
623 3753 646 3779 ι
678 3731 838 3791 dicit,
869 3753 892 3777 ι
912 3751 979 3782 ne
999 3729 1175 3783 hieme
1200 3731 1300 3782 ini-

293 3811 472 3882 tioque
491 3812 620 3864 anni
644 3808 712 3862 ad
735 3808 1085 3884 judicandum
1111 3826 1298 3860 evoca-

295 3905 490 3944 rentur.
513 3914 536 3936 ιι
562 3889 734 3942 Antea
755 3889 902 3940 mixti
922 3902 1071 3940 erant
1093 3907 1300 3940 menses

295 3968 462 4022 labori
479 3968 727 4042 judiciali
749 3982 801 4019 et
821 3965 964 4021 feriis
992 3967 1129 4032 dati3
1159 3985 1298 4019 novo

295 4047 500 4101 Claudii
535 4049 778 4100 instituto
815 4045 978 4098 altera
1015 4063 1138 4123 pars
1176 4047 1304 4098 anni

291 4127 499 4193 judiciis
515 4164 532 4193 ,
557 4126 720 4177 altera
743 4125 885 4178 feriis
911 4127 1024 4178 sine
1042 4125 1304 4178 intermis—

298 4207 442 4258 sione
467 4205 738 4257 destinata
760 4217 855 4258 est.

1417 1844 1444 1877 2
1453 1866 1466 1878 .
1475 1825 1913 1879 ,larisa-fecicum.
1923 1864 1953 1877 ..
1963 1822 2298 1896 potestatibus
2306 1825 2387 1877 de·

1371 1906 1661 1958 mandavit.
1679 1907 1859 1975 Quum
1874 1924 1937 1957 ex
1952 1907 2192 1959 instituto
2208 1910 2387 1979 Augu-

1373 1986 1441 2035 sti
1453 1982 1709 2036 Consules
1723 1995 1866 2035 extra
1888 1984 2123 2035 ordinem
2141 1985 2301 2037 modo
2322 1986 2388 2041 tle

1375 2060 1498 2113 fidei
1516 2065 1810 2115 commissis
1830 2066 2228 2133 cognovissent,
2246 2084 2389 2119 nunc

1377 2160 1408 2193 a
1429 2142 1655 2195 Claudio
1681 2142 1789 2195 duo
1816 2144 2071 2197 pretores
2092 2142 2215 2197 lecti
2236 2162 2391 2213 sunt,

1380 2222 1574 2293 quibus
1600 2223 1871 2275 culinaria
1893 2222 1959 2274 de
1980 2225 2045 2275 iis
2070 2240 2207 2277 esset
2228 2228 2389 2297 juris·

1380 2300 1546 2352 dictio
1567 2300 1715 2373 (vide
1736 2304 1998 2380 Pompon.
2019 2302 2085 2355 de
2106 2305 2250 2379 Orig.
2273 2307 2389 2367 Jur,

1379 2379 1472 2431 lib.
1504 2380 1612 2452 11),
1643 2394 1803 2452 atque
1834 2378 1956 2433 data
1986 2384 2143 2435 etiam
2174 2385 2393 2453 provin-

1380 2450 1584 2511 ciarum*
1611 2458 1923 2532 praesidibus
1950 2476 2208 2532 perpetua
2237 2460 2304 2514 tle
2328 2464 2390 2516 iis

1382 2538 1742 2610 cognoscendi
1760 2553 2013 2613 potestas.
2033 2539 2189 2592 Conf.
2212 2543 2392 2597 Baebii

1385 2621 1579 2672 Hister.
1622 2621 1850 2690 Jurispr.
1892 2621 2043 2670 Rom.
2088 2639 2210 2696 pag.
2252 2621 2391 2692 376,

1385 2697 1468 2750 ed.
1496 2697 1839 2751 Stoclnnann.

1456 2777 1505 2830 3.
1542 2777 1715 2850 Capiti
1737 2779 1920 2850 Papia·
1942 2779 2183 2854 Poppoeoe
2208 2777 2391 2860 leyt’s...

1385 2857 1678 2932 ebro-quvi&
1696 2856 1747 2908 h.
1768 2877 1814 2909 e.
1831 2857 1961 2910 illud
1978 2874 2161 2932 caput,
2178 2881 2283 2933 quo
2303 2883 2394 2915 nu·

1382 2937 1506 3006 ptiae
1534 2937 2003 3005 sexagenariorum·
2022 2940 2192 2991 vetitae
2214 2957 2393 3010 erant,

1383 3027 1444 3066 ut
1467 3033 1573 3066 uon
1599 3013 1913 3068 idoneorum
1942 3019 2283 3090 procreandae
2306 3040 2392 3074 so·-

1383 3092 1531 3160 boli,
1564 3097 1787 3146 mutavit
1815 3095 1991 3148 edicto
2026 3097 2108 3150 vel
2142 3099 2391 3152 Senatus-

1385 3173 1633 3225 consulto
1667 3173 1767 3243 (cf.
1797 3175 1999 3226 Ernest.
2035 3173 2101 3226 ad
2130 3175 2255 3229 Tac.
2286 3183 2395 3230 An·

1386 3251 1491 3303 nal.
1523 3251 1628 3315 xl,
1662 3251 1784 3324 13),
1814 3251 2031 3322 indigne
2059 3253 2261 3320 ferens,
2291 3255 2392 3308 sibi

1387 3332 1543 3382 etiam
1578 3329 1691 3383 seni
1724 3328 2031 3385 facultatem
2066 3329 2271 3385 virilem
2306 3351 2399 3384 ca-

1385 3411 1493 3482 pite
1518 3408 1610 3460 illo
1640 3421 1901 3478 negatam.
1938 3411 2113 3475 Patet,
2148 3424 2270 3462 ante
2295 3429 2395 3464 nu-

1386 3488 1524 3558 ptias
1550 3504 1673 3536 cum
1705 3485 2030 3558 Agrippina,
2067 3507 2196 3560 quas
2230 3491 2394 3562 impe-

1385 3563 1566 3618 diebat
1584 3565 1712 3635 legis
1732 3563 2151 3622 additamentum
2164 3605 2182 3633 ,
2208 3571 2398 3621 mutari

1385 3641 1514 3696 illud
1540 3646 1773 3714 jussisse.
1801 3643 2079 3712 Ceu-rum,
2112 3645 2229 3697 vide
2256 3648 2400 3700 Peri-

1388 3742 1506 3776 zon.
1545 3726 1761 3776 Dissert.
1797 3724 1875 3792 11,
1912 3742 2031 3796 pag.
2079 3725 2177 3780 153
2204 3744 2315 3798 seq.
2346 3741 2398 3778 et

1389 3803 1572 3858 Baebii
1597 3803 1633 3854 l.
1656 3823 1704 3855 c.
1730 3823 1853 3876 pag.
1881 3803 2002 3856 352.

1462 3883 1513 3952 4.
1535 3885 1750 3950 Sana-it,
1775 3898 1831 3936 ut
1852 3883 2129 3958 pupillis...
2154 3897 2399 3940 tutores...

1391 3965 1651 4015 durentur.
1693 3965 1763 4015 Ut
1808 3960 2024 4036 pupillis
2066 3977 2117 4014 et
2156 3964 2361 4015 feminis
2382 4003 2401 4032 ‚

1394 4041 1587 4114 quibus
1612 4061 1710 4094 nec
1732 4044 2157 4096 testamentarius
2173 4081 2191 4109 ,
2216 4063 2314 4094 nec
2337 4045 2403 4096 le-

1392 4121 1608 4189 gitimus
1639 4134 1785 4172 tutor
1814 4134 1979 4189 esset,
2014 4135 2160 4172 tutor
2189 4123 2404 4176 daretur

1395 4219 1426 4251 a
1449 4203 1679 4254 Praetore
1711 4214 1765 4253 et
1796 4205 1998 4272 :najore
2024 4217 2176 4275 purte
2209 4196 2403 4256 Tribu-

2007 4295 2069 4360 8.
