3050 5004
679 513 813 597 446
1278 512 1349 573 Ρ.
1402 510 1886 576 TERENTII
1932 511 2182 575 VITA.

675 640 847 700 Dum
874 636 1153 698 Africani
1178 654 1397 697 vocem
1422 635 1704 696 divinam
1731 633 1932 695 inhiat
1955 635 2150 697 avidis
2173 637 2464 699 auribus:

676 738 844 797 Dum
870 735 949 796 ad
972 734 1231 795 Furium
1260 754 1323 795 se
1345 734 1643 795 coenitare
1667 746 1730 794 et
1749 732 2044 813 Laelium,
2073 731 2412 817 pulchrum
2440 748 2644 819 putat:

676 835 845 894 Dum
869 854 931 893 se
954 831 1152 892 amari
1178 830 1257 891 ab
1279 828 1447 892 hisce
1470 830 1691 906 credit,
1715 830 1932 891 crebro
1956 832 2026 890 in
2055 831 2366 893 Albanum
2389 834 2526 916 rapi

676 930 776 991 Ob
804 930 1021 991 florem
1044 928 1237 988 aetatis
1261 949 1417 989 suae:
1449 929 1650 1013 ipsus„
1674 928 1931 989 sublatis
1959 929 2172 1006 rebus,
2200 930 2279 991 ad
2302 952 2612 993 summam

676 1029 972 1110 Inopiam
1001 1026 1281 1088 redactus
1308 1038 1416 1088 est.

676 1126 893 1209 Itaque
914 1146 949 1185 e
970 1137 1305 1207 conspectu
1330 1126 1616 1185 omnium
1642 1123 1796 1184 abiit
1815 1123 2117 1185 Graeciam
2143 1126 2207 1184 in
2227 1137 2457 1187 terram
2473 1125 2768 1187 ultimam.

676 1223 965 1283 Mortuus
988 1234 1077 1283 est
1100 1223 1169 1281 in
1194 1220 1590 1305 Stymphale,
1618 1218 1894 1283 Arcadiae
1918 1221 2182 1304 oppido:
2211 1219 2374 1283 nihil
2401 1222 2659 1283 Publius

674 1320 879 1403 Scipio
906 1318 1177 1402 profuit,
1207 1317 1369 1380 nihil
1394 1320 1449 1380 ei
1474 1318 1730 1395 Laelius,
1760 1317 1923 1378 nihil
1947 1320 2200 1379 Furius:

674 1418 821 1477 Tres
844 1437 954 1499 per
977 1415 1141 1477 idem
1164 1427 1407 1497 tempus
1435 1414 1545 1501 qui
1573 1414 1892 1497 agitabant
1920 1414 2163 1475 nobiles
2189 1413 2537 1491 facillume,

674 1517 915 1578 Eorum
944 1515 1048 1575 ille
1074 1535 1267 1598 opera
1294 1534 1375 1573 ne
1402 1512 1666 1573 domum
1695 1513 1948 1595 quidem
1975 1512 2200 1574 habuit
2224 1513 2700 1591 conducticiam,

676 1614 905 1675 Saltem
933 1626 1005 1673 ut
1028 1624 1211 1688 esset,
1244 1630 1372 1693 quo
1402 1608 1660 1671 referret
1686 1610 1932 1672 obitum
1958 1611 2206 1671 domini
2233 1610 2530 1673 servulus.

772 1751 857 1814 II.
911 1745 1189 1838 Scripsit
1209 1741 1572 1811 comoedias
1597 1767 1750 1811 sex:
1773 1766 1855 1813 ex
1878 1744 2124 1840 quibus
2148 1747 2441 1838 primam
2463 1742 2778 1813 Andriam

676 1883 893 1954 quum
920 1856 1247 1924 AEdilibus
1272 1854 1462 1923 daret
1480 1907 1496 1938 ‚
1519 1853 1756 1948 jussus
1783 1872 1939 1925 ante
1962 1858 2175 1925 Caerio
2199 1860 2514 1941 recitare,
2539 1855 2628 1925 ad
2654 1880 2774 1925 coe·

677 1986 955 2037 nantem
996 1992 1212 2063 quum
1255 1970 1582 2049 venisset,
1618 1964 1838 2036 dictus
1881 1985 2019 2054 est,
2061 1972 2331 2039 initium
2371 1969 2649 2065 quidem
2685 1971 2780 2038 fa·

676 2080 890 2162 bulae,
924 2078 1110 2175 quod
1144 2094 1289 2145 erat
1324 2081 1764 2145 contemtiore
1794 2083 2074 2165 vestitu,
2109 2077 2432 2149 subsellio
2463 2078 2659 2177 juxta
2693 2079 2796 2150 le·-

675 2188 938 2260 ctulum
970 2189 1272 2258 residens
1306 2188 1584 2279 legisse3
1607 2188 1774 2283 ’post
1801 2178 2055 2283 paucos
2086 2216 2250 2259 vero
2281 2215 2518 2261 versus
2549 2195 2783 2261 invita-

677 2322 823 2387 tus,
857 2319 937 2372 ut
959 2301 1422 2386 accumberet,
1452 2324 1755 2370 coenasse
1782 2327 1955 2388 una,
1984 2302 2232 2381 deinde
2259 2320 2484 2373 cetera
2511 2329 2784 2399 percur-

578 2442 581 2450 ·
676 2420 845 2486 risse
861 2471 879 2500 ,
906 2440 1044 2486 non
1072 2418 1216 2483 sine
1240 2438 1486 2508 magna
1508 2417 1704 2483 Caerii
1728 2414 2193 2485 admiratione.
2220 2421 2304 2485 Et
2325 2416 2502 2486 hanc
2523 2435 2780 2501 autem,

674 2546 746 2598 et
776 2531 1080 2628 quinque
1112 2525 1409 2622 reliquas
1439 2524 1790 2622 aequaliter
1817 2527 2074 2621 populo
2102 2527 2432 2620 probavit.
2464 2531 2781 2615 Quamvis

676 2637 1022 2708 Volcatius
1051 2636 1136 2705 de
1165 2638 1672 2708 enumeratione
1699 2639 2006 2704 omnium
2035 2639 2127 2704 ita
2154 2635 2436 2708 scribat:

960 2783 1251 2844 sumetur
1279 2783 1521 2864 Hecyra
1551 2792 1718 2842 sexta
1742 2800 1814 2842 ex
1841 2779 1938 2842 his
1963 2779 2202 2842 fabula.

676 2913 1050 2982 Eunuchus
1088 2913 1364 3012 quidem
1400 2914 1503 2984 bis
1536 2913 1646 2983 die
1682 2932 1834 2984 acta
1866 2934 2000 3000 est,
2033 2919 2416 3012 meruitque
2451 2919 2744 3010 pretium
2762 2971 2778 3000 ‚

674 3041 1011 3122 quantum
1049 3025 1243 3094 nulla
1278 3041 1479 3094 antea
1510 3025 2320 3123 cujusquam⁴comoedia,
2358 3025 2429 3095 id
2461 3045 2596 3111 est,
2635 3043 2782 3098 octo

674 3138 887 3208 millia
912 3161 1301 3208 nummum:
1332 3155 1692 3233 propterea
1722 3166 1990 3211 summa
2016 3164 2289 3239 quoque
2317 3141 2514 3211 titulo
2539 3143 2784 3212 adscri-

674 3251 879 3320 bitur.
914 3256 1088 3319 Nam
1114 3249 1582 3345 Adelphorum
1609 3255 2019 3350 principium
2047 3261 2264 3324 Varro
2287 3256 2489 3322 etiam
2511 3255 2784 3348 praefert

674 3367 1010 3458 principio
1037 3364 1417 3434 Menandri.
1451 3371 1606 3434 Non
1633 3367 1924 3437 obscura
1949 3369 2128 3436 flama
2147 3382 2254 3436 est
2271 3421 2288 3450 ‚
2317 3364 2626 3461 adjutum
2651 3371 2780 3435 Te-

675 3478 975 3544 rentium
1000 3479 1071 3545 in
1100 3478 1365 3571 scriptis
1393 3501 1436 3546 a
1462 3477 1672 3548 Laelio
1699 3495 1769 3550 et
1795 3481 2136 3572 Scipione,
2165 3475 2572 3574 quibuscum
2591 3477 2780 3546 fami·

675 3584 928 3654 liariter
969 3590 1155 3655 vixit.
1199 3587 1504 3658 Eandem
1540 3593 1685 3683 ipse
1722 3593 1946 3658 auxit:
1998 3613 2352 3685 nunquam
2391 3590 2572 3657 enim
2591 3641 2608 3672 ,
2651 3588 2777 3655 nisi

676 3696 909 3766 leviter
929 3751 947 3782 ,
981 3723 1054 3766 se
1075 3702 1282 3768 tutari
1310 3717 1626 3784 conatur,
1649 3705 1820 3770 utin
1845 3701 2132 3796 prologo
2157 3701 2658 3794 Adelphorum:

833 3843 993 3904 Nam
1022 3845 1196 3927 quod
1225 3845 1325 3906 isti
1355 3845 1581 3908 dicunt
1609 3847 1930 3925 malevoli,
1953 3847 2239 3912 homines
2263 3847 2502 3910 nobiles

674 4047 811 4106 Scipio
832 4049 913 4122 'illi
951 4053 1108 4108 profuit
1126 4083 1137 4104 ‚
1184 4053 1243 4096 nil
1284 4053 1426 4098 lelius
1442 4085 1457 4104 ‚
1498 4053 1560 4097 nil
1601 4055 1685 4097 Pu·
1774 4057 1926 4100 Eorum
1948 4055 2019 4099 ille
2041 4069 2166 4113 opera
2183 4069 2236 4099 ne
2257 4053 2428 4098 domum
2451 4053 2618 4112 quidem
2635 4051 2772 4096 bubni·

808 4125 895 4155 rius
908 4143 920 4162 ,
1906 4117 2234 4168 conducticium

675 4169 777 4214 Tres
798 4175 1113 4278 {emerint-empus
1130 4177 1201 4235 qui
1218 4179 1431 4236 agitabant
1449 4179 1609 4224 nobiles
1627 4171 1690 4224 ἕν’
1773 4177 2134 4284 Sdtemoeuzgffitt,
2154 4193 2236 4236 quo
2255 4177 2425 4222 referret
2443 4177 2602 4222 obitum
2621 4175 2774 4220 damini
