3050 5004
641 494 768 563 166
1387 498 1458 559 C.
1514 495 1986 561 SUETONII

632 648 769 719 que
806 645 1047 692 cruore
1082 622 1423 714 respersit.
1464 623 1640 689 Nam
1677 643 1960 712 perraro
1997 618 2363 712 praesidere
2381 671 2402 705 ,
2439 637 2743 689 ceterum

634 732 1003 816 accubans,
1046 734 1271 825 parvis
1308 732 1610 823 primum
1649 728 2090 799 foraminibus
2106 781 2123 812 ,
2161 728 2408 798 deinde
2443 746 2585 800 toto
2621 756 2748 824 po-

636 840 789 909 dio9
821 840 1143 933 adaperto
1163 894 1180 924 ,
1212 858 1514 933 spectare
1537 855 1917 909 consuerat.
1954 842 2253 909 Instituit
2275 858 2342 909 et
2367 844 2750 936 quinquen-

636 952 791 1021 nale
836 971 1181 1025 certamen
1201 962 1249 991 ¹⁰
1291 955 1558 1045 primus
1601 953 1908 1021 omnium
1951 956 2184 1020 Romae
2207 1004 2225 1035 ,
2271 976 2464 1021 more
2509 957 2748 1023 Graeco

636 1064 884 1155 triplex
902 1117 920 1147 ,
946 1068 1279 1133 musicum
1298 1114 1315 1145 ‚
1342 1066 1738 1157 gymnicum
1757 1113 1774 1146 ,
1800 1080 2113 1156 equestre
2131 1116 2148 1146 ,
2175 1062 2358 1159 quod
2381 1064 2754 1159 appellavit

636 1180 1023 1247 NERONIA
1044 1187 1117 1246 ¹¹.
1150 1176 1626 1271 Dedicatisque
1643 1176 1934 1245 thermis
1961 1192 2166 1271 atque
2203 1180 2563 1271 gymnasio
2583 1232 2600 1261 ,
2639 1180 2753 1247 Se·

636 1292 828 1357 natui
866 1312 1139 1384 quoque
1174 1305 1245 1357 et
1278 1290 1508 1383 Equiti
1543 1286 1773 1355 oleum
1807 1287 2190 1379 praebuitw.
2232 1291 2590 1380 Magistros
2627 1291 2754 1356 toti

637 1401 987 1472 certamini
1018 1402 1390 1491 praeposuit
1420 1396 1814 1467 consulares
1843 1412 2049 1481 sorte,
2081 1396 2240 1466 sede
2257 1394 2305 1437 ¹³
2341 1402 2749 1466 Praetorum:

639 1508 885 1582 deinde
913 1513 983 1579 in
1016 1510 1433 1579 orchestram
1460 1515 1916 1605 senatumque
1950 1509 2385 1595 descendit14,
2417 1528 2486 1579 et
2516 1514 2754 1581 oratio·

638 1624 745 1690 nis
770 1622 1046 1716 quidem
1068 1625 1525 1718 carminisque
1549 1625 1768 1690 Latini
1791 1634 2138 1707 coronam,
2163 1621 2249 1690 de
2267 1646 2404 1718 qua
2429 1622 2756 1691 honestis-

640 1734 855 1800 simus
868 1735 1158 1828 quisque
1176 1730 1642 1815 contenderat,
1669 1733 1976 1824 ipsorum
1997 1754 2338 1801 consensu
2359 1754 2757 1799 concessam

640 1843 765 1911 sihi
782 1844 1131 1937 recepit¹⁵z
1164 1843 1441 1912 citharae
1458 1859 1688 1911 autem
1705 1839 1779 1926 ¹⁶,
1802 1867 1843 1910 a
1852 1838 2201 1936 judicibus
2219 1840 2308 1909 ad
2329 1866 2401 1911 se
2421 1840 2716 1909 delatam
2734 1895 2754 1925 ,

640 1953 969 2037 adoravit,
998 1954 1295 2050 ferrique
1316 1954 1406 2026 ad
1434 1956 1716 2047 Augusti
1749 1968 2042 2023 statuam
2063 1950 2288 2047 jussit.
2387 1955 2756 2044 Gymnico,

642 2163 976 2225 suggestum,
998 2152 1053 2203 in
1074 2168 1183 2221 quo
1200 2148 1453 2205 cubabat.
1476 2148 1558 2201 Cf.
1585 2149 1655 2201 de
1741 2151 2062 2203 Neronianas
2085 2146 2265 2214 diem,
2285 2164 2430 2199 nunc
2452 2143 2762 2199 Alexandri-

641 2240 881 2303 suqyestu
902 2230 961 2281 in
985 2229 1241 2282 orchestra
1265 2228 1335 2281 ad
1357 2231 1485 2282 Caes.
1512 2230 1599 2300 76.

715 2329 769 2381 9.
808 2311 995 2365 Pedio.
1019 2309 1153 2363 vide
1176 2311 1319 2381 Lips.
1346 2310 1413 2362 de
1435 2308 1659 2381 Amphi-

645 2390 885 2458 theatro,
928 2408 1047 2462 cap.
1090 2406 1109 2443 ι
1126 2407 1171 2443 ι.
1214 2390 1417 2443 vitiose
1454 2392 1510 2442 in
1543 2389 1659 2442 edi-

644 2470 881 2525 tionibus
900 2469 1177 2523 nonnuliis
1190 2471 1436 2544 adoperto
1450 2490 1548 2543 pro
1563 2469 1662 2522 ad-

645 2565 826 2626 aperto
847 2550 1063 2622 legitur.

724 2651 807 2686 ιο.
828 2633 1077 2686 Instituit
1086 2643 1138 2684 et
1150 2629 1551 2705 quinquennale
1562 2647 1662 2681 cer-

649 2727 853 2779 tamen,
874 2724 973 2763 etc.
991 2713 1164 2763 Tacit.
1184 2708 1378 2761 Annal.
1402 2711 1540 2772 xlv,
1565 2723 1661 2774 20,

654 2815 678 2838 α
700 2790 915 2844 Nerone
933 2803 1207 2863 quartum,
1222 2788 1472 2841 Cornelio
1489 2787 1657 2839 Cosso

650 2869 801 2922 Coss.
850 2867 1006 2937 (ann.
1055 2867 1222 2938 813),
1268 2865 1660 2937 quinquennale

648 2945 919 2999 ludicrum
938 2949 1118 2999 Romae
1140 2948 1441 2998 institutum
1466 2959 1573 3011 est,
1595 2943 1663 2996 ad

650 3045 855 3080 morem
878 3027 1049 3078 Graeci
1072 3025 1400 3086 certaminis;
1423 3027 1564 3077 varia
1589 3025 1666 3074 fa-

654 3125 771 3172 ma,
808 3119 870 3160 ut
906 3117 1101 3157 cuncta
1136 3103 1302 3156 ferme
1339 3122 1495 3155 nova.
1515 3117 1548 3150 ἰ
1579 3104 1662 3156 Cf.

653 3183 859 3256 Xiphil.
878 3186 1020 3252 LXI,
1047 3201 1105 3235 21
1123 3223 1140 3250 ‚
1162 3182 1256 3234 ubi
1279 3183 1507 3235 Reimar.
1529 3196 1591 3233 ut
1614 3195 1670 3234 et

653 3267 800 3337 Lips.
831 3283 955 3317 cum
982 3265 1170 3316 ceteris
1194 3263 1574 3335 interpretibus
1599 3262 1666 3315 ad

656 3347 828 3398 Tacit.
854 3344 889 3396 l.
920 3364 967 3397 c.

736 3443 755 3478 ι
773 3443 791 3477 ι
804 3465 817 3477 .
846 3425 999 3495 Quod
1010 3423 1302 3496 appellavit
1315 3423 1570 3476 Neronia.
1591 3425 1672 3474 ln-

656 3507 739 3558 fra
760 3524 880 3577 cap.
909 3522 995 3571 21,
1010 3506 1279 3558 Neroneus
1296 3522 1436 3578 agon
1453 3503 1668 3571 dicitur,

660 3599 716 3638 et
736 3597 998 3639 certamen
1020 3585 1323 3638 Neroneum
1342 3581 1515 3635 viteli.
1542 3583 1595 3650 4.

740 3684 821 3719 12.
859 3664 1300 3737 Dedicatt‘sque....
1327 3662 1504 3715 oleum
1533 3679 1673 3736 proe-

663 3748 789 3798 buit.
812 3746 894 3798 Cf.
917 3741 1119 3816 xiphil.
1146 3743 1182 3796 l.
1210 3763 1257 3795 c.
1280 3745 1452 3796 Tacit.
1478 3740 1686 3794 Annal..

989 3822 1375 3896 «Gymnasium
1422 3841 1489 3874 eo
1531 3840 1684 3874 anno.

656 3827 799 3892 xlv,
847 3824 935 3894 47,

659 3903 829 3975 (815)
848 3901 1151 3955 dedicatum
1171 3921 1202 3953 a
1224 3903 1466 3969 Nerone,
1493 3901 1676 3972 praebi-

663 3997 883 4054 tumque
916 3982 1096 4034 oleum
1120 3982 1301 4054 Equiti
1329 3999 1393 4034 ac
1420 3981 1673 4048 Senatui,

662 4061 844 4114 Groeca
862 4062 1147 4126 facilitate,
1166 4059 1302 4112 mhi
1317 4057 1465 4112 vide'
1451 4073 1672 4132 interpr.

660 4143 743 4193 De
765 4140 979 4194 ther-mis
1000 4145 1222 4214 Eun-op.
1242 4141 1369 4205 -vu,
1399 4159 1462 4210 9,
1491 4138 1675 4190 -AEdi-

632 4218 840 4272 fieavit
873 4219 1053 4272 Roma
1086 4219 1353 4288 thermas,
1398 4237 1513 4289 quae
1553 4230 1675 4270 ante

1743 2248 1824 2281 nae
1854 2228 1876 2299 (
1887 2229 1952 2281 ab
1983 2226 2284 2281 Alexandro
2312 2226 2540 2298 Severo)
2577 2226 2760 2299 appel·

1746 2309 1940 2361 lantur.
1963 2332 1987 2357 a·

1827 2390 1908 2441 13.
1945 2388 2075 2442 Sede
2114 2386 2403 2440 Proetemm
2417 2408 2439 2449 ‚-
2478 2386 2534 2439 h.
2574 2406 2622 2440 e.
2666 2388 2763 2457 qui

1749 2468 2092 2542 praesiderent
2105 2466 2244 2521 ludis
2261 2485 2325 2519 eo
2342 2466 2492 2536 loco,
2511 2484 2618 2540 quo
2634 2468 2766 2519 Prae-

1751 2564 1892 2604 tores
1921 2549 2105 2602 sedere
2131 2548 2390 2616 solerent,
2425 2567 2592 2620 quum
2623 2547 2764 2600 ludis

1747 2644 2051 2703 praeessent.
2072 2653 2094 2677 ι
2124 2628 2207 2680 ΔΙ.
2237 2628 2324 2682 sed
2346 2639 2397 2680 et
2415 2630 2702 2702 proeton‘os.

1828 2709 1908 2776 14.
1947 2709 2150 2762 Deinde
2173 2710 2229 2761 in
2259 2707 2572 2762 orchestram
2595 2707 2766 2760 Sena-

1749 2799 1962 2860 tumque
1997 2787 2297 2850 descendit5
2341 2787 2453 2840 scil.
2491 2801 2552 2840 ut
2586 2790 2768 2859 posita

1749 2868 2090 2938 Imperatoris
2111 2885 2343 2938 persona
2359 2903 2376 2931 ,
2398 2867 2658 2937 privatam
2676 2867 2768 2920 Se-

1751 2949 1956 2999 natoris
2006 2947 2265 2999 indueret.
2322 2945 2772 2998 Emendationem

1755 3025 2008 3093 aliorum,
2030 3026 2096 3078 ab
2109 3029 2319 3079 Ernest.
2336 3026 2646 3098 probatam,
2670 3050 2692 3073 ι
2711 3028 2772 3078 in

1755 3106 2078 3160 orchestram
2091 3117 2427 3180 scenamque,
2444 3131 2466 3155 ι
2487 3109 2573 3158 cui
2591 3109 2772 3180 ipsum

1755 3187 2018 3240 descendit
2042 3189 2369 3239 contrarium
2393 3202 2499 3255 est,
2529 3185 2655 3241 satis
2681 3206 2774 3239 ex-

1755 3266 1919 3340 plosit
1947 3265 2326 3340 Oudendorp.‚
2352 3285 2508 3339 quem
2530 3264 2669 3318 vide.

1835 3345 1915 3397 15.
1961 3345 2034 3397 Et
2071 3346 2396 3398 oratiorum...
2437 3361 2770 3398 coronarum.

1757 3426 1964 3496 recepit.
2011 3426 2182 3478 Tacit.
2234 3423 2431 3476 Annal.
2477 3425 2618 3490 er‚
2669 3441 2729 3476 21
2753 3463 2774 3492 ‚

1765 3527 1788 3548 ι
1807 3504 2135 3576 Eloquentiae
2176 3505 2377 3576 primas
2419 3519 2577 3556 nemo
2617 3501 2776 3568 tulit,

1759 3584 1879 3648 sed,
1908 3585 2162 3637 victorem
2185 3603 2300 3637 esse
2326 3585 2616 3652 caesarem,
2639 3602 2778 3654 pro-

1764 3665 2090 3716 nunciatum.
2109 3687 2130 3711 ·
2149 3694 2221 3705 —
2234 3663 2475 3738 Ipsorum
2494 3681 2744 3716 consensu
2755 3685 2776 3724 ,-

1761 3741 1818 3795 h.
1857 3763 1903 3795 e.
1941 3741 2301 3796 honestissimi
2343 3744 2601 3814 cujusque
2617 3779 2634 3806 ,
2678 3743 2780 3814 qui

1764 3839 1884 3873 cum
1915 3841 1978 3875 eo
2008 3820 2412 3874 contenderant.

1843 3901 1922 3953 16.
1965 3901 2186 3953 Citharoe
2207 3911 2413 3966 autem,
2439 3911 2540 3950 ete.
2568 3895 2648 3950 Cf.
2673 3897 2782 3949 xi-

1764 3979 1897 4054 phil.
1935 3981 1969 4032 l.
2009 3998 2054 4032 c.
2095 3981 2188 4052 qui
2223 3977 2436 4054 quidem
2473 3979 2588 4050 ipse
2618 3977 2782 4032 locus

1765 4060 1983 4112 damnat
2009 4057 2297 4112 lectionem
2321 4057 2463 4130 vulg.
2495 4056 2779 4110 citharam.

1764 4138 1970 4192 Judices
1993 4149 2145 4189 erant
2167 4135 2404 4210 mayt'stn'
2423 4131 2502 4186 illi
2525 4131 2782 4186 consula-

1765 4235 1879 4283 res,
1903 4217 2002 4269 toti
2026 4216 2300 4270 certamini
2322 4215 2610 4287 praepositi.
