3050 5004
418 710 533 825 c,
582 710 1323 827 SUETONII
1356 598 2361 876 ‚TRANQUILLI

545 1036 1086 1188 NERO
1184 1036 2238 1191 CLAUDIUS.

1275 1386 1499 1405 *

343 1654 394 1718 1.
442 1607 576 1719 Ex
616 1666 817 1744 gente
854 1654 1231 1721 DOMITIA
1267 1653 1423 1721 duae
1460 1652 1733 1721 familiae
1773 1650 2203 1735 claruerunt,
2243 1658 2446 1723 CAL-

340 1763 788 1844 VINORUM,
833 1776 901 1828 et
945 1765 1642 1831 AENOBARBORUM.
1688 1762 2048 1831 AEnobarbi
2093 1779 2440 1833 auctorem

341 1872 649 1963 originis,
684 1872 982 1966 itemque
1012 1875 1471 1965 cognominiS,
1501 1872 1758 1941 habent
1787 1878 1863 1941 L.
1895 1874 2299 1941 Domitium:
2331 1878 2440 1943 cui

336 2004 493 2049 rure
545 1982 897 2078 quondam
948 1986 1311 2053 revertenti
1360 1982 1648 2077 juvenes
1705 1985 1992 2077 gemini²
2051 1987 2440 2076 augustiore

336 2091 553 2159 forma
572 2116 657 2161 ex
680 2118 968 2162 occursu
990 2097 1359 2187 imperasse
1382 2094 1766 2179 traduntur,
1789 2098 2143 2165 nunciaret
2167 2100 2440 2167 Senatui

337 2226 415 2271 ac
440 2203 696 2297 populo
721 2207 1069 2273 victoriam
1085 2257 1106 2290 ,
1134 2204 1221 2273 de
1245 2231 1383 2301 qua
1408 2210 1743 2275 incertum
1775 2204 1998 2275 adhuc
2021 2222 2198 2275 erat:
2233 2223 2438 2302 atque

336 2314 403 2381 in
440 2312 647 2382 fidem
674 2312 1041 2409 majestatis
1079 2316 1247 2384 adeo
1274 2318 1712 2411 permulsisse
1754 2316 1964 2385 malas
1984 2368 2002 2399 ‚
2049 2332 2126 2384 ut
2166 2340 2204 2383 e
2245 2320 2440 2409 nigro

336 2423 615 2493 rutilum
642 2428 897 2522 aerique
924 2426 1289 2495 assimilem
1316 2427 1678 2522 capillum²
1703 2425 2085 2495 redderent.
2116 2425 2314 2515 Quod
2337 2430 2438 2495 in-

336 2539 525 2630 signe
564 2540 815 2607 mansit
854 2556 923 2607 et
962 2542 1033 2607 in
1074 2529 1361 2632 posteris
1410 2538 1556 2633 ejus
1574 2591 1594 2624 ,
1637 2564 1717 2608 ac
1751 2557 1996 2634 magna
2035 2563 2193 2632 pars
2235 2536 2436 2608 rutila

334 2645 545 2716 barba
560 2649 858 2736 fuerunt.
884 2653 1121 2719 Functi
1141 2666 1369 2720 autem
1391 2649 1850 2719 consulatibus
1871 2645 2190 2743 septem³‚
2211 2649 2438 2720 trium-

332 2756 541 2851 phoa,
576 2782 999 2854 censuraque
1030 2759 1316 2855 duplici,
1343 2778 1413 2829 et
1443 2764 1621 2828 inter
1653 2762 1970 2855 patricios
2001 2757 2256 2842 allecti,
2285 2783 2437 2853 per-

399 2962 440 3013 1.
484 2977 503 3012 ι
516 2999 531 3012 .
563 2964 793 3016 Juvenes
806 2963 1011 3035 gemini
1024 2985 1045 3024 ,-
1066 2963 1333 3016 Dioscuri.

328 3039 409 3094 De
424 3059 483 3094 re
500 3039 770 3094 Plutarch.
791 3038 965 3093 AE'mil.
988 3041 1073 3095 25.
1102 3042 1257 3095 Conf.
1284 3053 1337 3095 et

330 3120 548 3194 Dionys.
588 3112 849 3174 Archaeol.
884 3121 985 3188 vl,
1032 3124 1126 3186 133
1164 3124 1333 3176 Cicer.

330 3196 397 3251 de
424 3201 549 3254 Nat.
572 3203 738 3254 Deor.
763 3202 843 3266 Π,
871 3217 919 3252 2.

402 3295 450 3331 2.
498 3278 781 3352 Capillum.
818 3281 1105 3332 Burmann.
1140 3283 1335 3352 injuria

326 3359 547 3430 corrigit
564 3358 759 3432 pilum.
784 3358 865 3411 Cf.
890 3359 1245 3431 Oudendorp.

396 3437 451 3490 3.
480 3438 849 3494 Consulatibus
868 3449 1078 3512 septem.
1104 3439 1239 3492 ven.
1260 3442 1334 3506 11,

332 3533 429 3585 ιο,
460 3517 705 3572 «Eodem
742 3532 917 3572 tractu
956 3533 1253 3591 temporum
1282 3531 1335 3572 et

324 3597 541 3650 Domitii
564 3615 627 3650 ex
642 3599 890 3652 Arvernis
902 3635 919 3666 ,
935 3613 987 3651 et
1000 3599 1151 3652 Fabii
1169 3619 1231 3651 ex
1246 3598 1335 3652 Al-

324 3673 637 3748 lobrogibus
652 3681 872 3730 victoria
888 3677 991 3731 fnit
1010 3677 1221 3731 nobilis.
1240 3679 1336 3730 Pa-

324 3753 443 3822 bio,
466 3755 639 3810 Paulli
664 3760 883 3829 nepoti,
914 3777 977 3810 ex
996 3757 1213 3810 victoria
1240 3775 1333 3808 co-

325 3851 554 3906 gnomen
576 3837 927 3911 Allobrogico
948 3837 1191 3892 inditum.
1218 3838 1333 3890 No-

324 3927 466 3968 tetur
504 3918 749 3970 Domitiae
794 3919 1004 3971 familie
1046 3912 1332 3991 peculiaris

328 3995 599 4064 quadam,
632 4009 685 4049 ct
712 4010 771 4049 nt
799 3997 1121 4064 clarissima,
1152 3998 1227 4049 ita
1249 4013 1335 4046 ar-

326 4085 431 4124 tata
456 4091 681 4128 numero
708 4075 950 4131 felicitas.
978 4077 1183 4148 Septem
1213 4087 1335 4126 ante

326 4151 469 4208 hunc
498 4155 841 4211 nobilissime
872 4157 1223 4242 simplicitatis
1246 4157 1337 4226 ju-

1423 2982 1612 3015 venem
1629 3000 1646 3029 ,
1664 2964 1761 3016 Cn.
1780 2962 2074 3014 Domitium
2089 2999 2106 3028 ,
2129 2961 2275 3013 fuere
2287 2998 2305 3027 ,
2325 2962 2438 3012 sin-

1423 3041 1562 3112 gulis
1577 3045 1794 3099 omnino
1807 3039 2121 3112 parentibus
2135 3039 2297 3109 geniti
2308 3077 2324 3104 ‚
2340 3037 2438 3091 sed

1426 3139 1614 3174 omnes
1649 3120 1718 3173 ad
1747 3119 2088 3172 consulatum
2115 3117 2435 3170 sacerdotia·-

1426 3217 1560 3271 (με,
1585 3197 1656 3250 ad
1679 3197 1936 3270 triumphi
1955 3209 2130 3250 nutem
2150 3217 2300 3268 poene
2320 3215 2434 3248 om-

1422 3297 1518 3332 nes
1531 3293 1892 3353 pervenerunt
1911 3280 2134 3348 insignia
2147 3315 2164 3344 ,
2179 3301 2202 3325 n
2225 3277 2318 3329 nbi
2339 3295 2434 3329 ore

1422 3361 1579 3410 nimis
1615 3358 1774 3430 pleno
1805 3357 2041 3410 locutum
2067 3355 2398 3408 Patet-culum
2415 3392 2432 3421 ‚

1386 3513 1395 3519 ·
1422 3439 1738 3511 interpretes
1765 3437 1971 3490 dudum
1999 3453 2273 3488 monuere.

1494 3518 1546 3584 4.
1603 3515 1910 3588 Triumpho.
1961 3514 2263 3584 interpunxi
2309 3527 2435 3584 post

1424 3595 1566 3649 hane
1591 3613 1774 3648 vocem
1789 3633 1807 3662 ,
1835 3612 1900 3647 ne
1925 3595 2123 3647 referas
2143 3592 2212 3645 ad
2233 3591 2434 3664 duplici

1422 3695 1548 3730 cum
1583 3677 1853 3742 Emestio,
1889 3675 1980 3745 qui
2011 3675 2106 3725 Cn.
2143 3671 2436 3724 AEnobarbi

1423 3757 1491 3812 de
1514 3757 1921 3827 Allobrogibus,
1948 3769 1999 3806 et
2023 3753 2228 3806 Calvini
2253 3755 2318 3806 de
2345 3755 2433 3806 Hi-

1422 3839 1606 3908 spanis
1629 3836 1872 3908 intelligit
1897 3831 2212 3904 triumphos.
2239 3832 2341 3886 Sed
2366 3830 2432 3884 de

1422 3915 1742 3972 AEnobarbis
1793 3930 2004 3970 tantum
2051 3915 2290 3986 loquitur
2336 3933 2432 3967 au-

1424 4009 1548 4048 ctor
1560 4033 1578 4060 ‚
1601 4013 1770 4048 unum
1783 3993 1917 4046 adeo
1933 4010 2234 4045 memorans
2251 3994 2434 4044 trium·

1422 4074 1593 4148 phum
1616 4074 1682 4127 de
1701 4073 2083 4143 Allobrogibus
2107 4083 2158 4124 et
2185 4073 2444 4124 Arvernis

1424 4155 1521 4208 Cn.
1549 4151 1873 4219 AEnobarbi,
1905 4149 2150 4204 Consulis
2177 4167 2300 4202 nnn.
2327 4149 2430 4202 632
