<?xml version="1.0" encoding="UTF-8"?>
<!DOCTYPE html PUBLIC "-//W3C//DTD XHTML 1.0 Transitional//EN"
    "http://www.w3.org/TR/xhtml1/DTD/xhtml1-transitional.dtd">
<html xmlns="http://www.w3.org/1999/xhtml" xml:lang="en" lang="en">
 <head>
  <title>
</title>
<meta http-equiv="Content-Type" content="text/html;charset=utf-8" />
  <meta name='ocr-system' content='tesseract 3.04.00' />
  <meta name='ocr-capabilities' content='ocr_page ocr_carea ocr_par ocr_line ocrx_word'/>
</head>
<body>
  <div class='ocr_page' id='page_1' title='image "./csuetoniitranqu09suetgoog_0405.png"; bbox 0 0 3050 5004; ppageno 0'>
   <div class='ocr_carea' id='block_1_1' title="bbox 670 460 2014 583">
    <p class='ocr_par' dir='ltr' id='par_1_1' title="bbox 670 460 2014 583">
     <span class='ocr_line' id='line_1_1' title="bbox 670 460 2014 583; baseline -0.002 -18"><span class='ocrx_word' id='word_1_1' title='bbox 670 501 796 583; x_wconf 75' lang='lat'><strong>364</strong></span> <span class='ocrx_word' id='word_1_2' title='bbox 1422 500 1492 562; x_wconf 87' lang='lat' dir='ltr'><strong>C.</strong></span> <span class='ocrx_word' id='word_1_3' title='bbox 1545 460 2014 565; x_wconf 67' lang='lat' dir='ltr'><strong>sus&#39;roun</strong></span> 
     </span>
    </p>
   </div>
   <div class='ocr_carea' id='block_1_2' title="bbox 663 621 2778 2387">
    <p class='ocr_par' dir='ltr' id='par_1_2' title="bbox 663 621 2772 1834">
     <span class='ocr_line' id='line_1_2' title="bbox 666 621 2754 720; baseline -0 -29"><span class='ocrx_word' id='word_1_4' title='bbox 666 625 851 692; x_wconf 85' lang='lat' dir='ltr'><strong>ribus</strong></span> <span class='ocrx_word' id='word_1_5' title='bbox 894 622 1296 715; x_wconf 76' lang='lat' dir='ltr'><strong>disciplima,</strong></span> <span class='ocrx_word' id='word_1_6' title='bbox 1345 640 1412 690; x_wconf 87' lang='lat' dir='ltr'><strong>et</strong></span> <span class='ocrx_word' id='word_1_7' title='bbox 1456 621 1648 720; x_wconf 24' lang='lat' dir='ltr'><strong>apud.</strong></span> <span class='ocrx_word' id='word_1_8' title='bbox 1681 621 1954 691; x_wconf 89' lang='lat' dir='ltr'><strong>eosdem</strong></span> <span class='ocrx_word' id='word_1_9' title='bbox 2000 626 2357 714; x_wconf 78' lang='lat' dir='ltr'><strong>magistros</strong></span> <span class='ocrx_word' id='word_1_10' title='bbox 2403 628 2754 693; x_wconf 82' lang='lat' dir='ltr'><strong>institutus,</strong></span> 
     </span>
     <span class='ocr_line' id='line_1_3' title="bbox 664 734 2758 829; baseline 0 -27"><span class='ocrx_word' id='word_1_11' title='bbox 664 740 817 822; x_wconf 92' lang='lat' dir='ltr'><strong>Quo</strong></span> <span class='ocrx_word' id='word_1_12' title='bbox 844 734 1120 829; x_wconf 92' lang='lat' dir='ltr'><strong>quidem</strong></span> <span class='ocrx_word' id='word_1_13' title='bbox 1144 750 1473 826; x_wconf 88' lang='lat' dir='ltr'><strong>tempore,</strong></span> <span class='ocrx_word' id='word_1_14' title='bbox 1498 736 1709 819; x_wconf 88' lang='lat' dir='ltr'><strong>aiunt,</strong></span> <span class='ocrx_word' id='word_1_15' title='bbox 1735 752 2348 827; x_wconf 81' lang='lat' dir='ltr'><strong>metoposcopum2,</strong></span> <span class='ocrx_word' id='word_1_16' title='bbox 2375 760 2414 801; x_wconf 89' lang='lat' dir='ltr'><strong>a</strong></span> <span class='ocrx_word' id='word_1_17' title='bbox 2437 740 2758 813; x_wconf 79' lang='lat' dir='ltr'><strong>NarciSSO‚</strong></span> 
     </span>
     <span class='ocr_line' id='line_1_4' title="bbox 663 844 2761 941; baseline 0 -29"><span class='ocrx_word' id='word_1_18' title='bbox 663 845 927 913; x_wconf 86' lang='lat' dir='ltr'>Claudii</span> <span class='ocrx_word' id='word_1_19' title='bbox 974 844 1247 926; x_wconf 85' lang='lat' dir='ltr'><strong>libert0,</strong></span> <span class='ocrx_word' id='word_1_20' title='bbox 1296 845 1704 925; x_wconf 88' lang='lat' dir='ltr'><strong>adhibitum,</strong></span> <span class='ocrx_word' id='word_1_21' title='bbox 1754 862 1828 912; x_wconf 92' lang='lat' dir='ltr'><strong>ut</strong></span> <span class='ocrx_word' id='word_1_22' title='bbox 1873 848 2333 914; x_wconf 84' lang='lat' dir='ltr'><strong>Britannicum</strong></span> <span class='ocrx_word' id='word_1_23' title='bbox 2382 849 2761 941; x_wconf 84' lang='lat' dir='ltr'><strong>inspiceret,</strong></span> 
     </span>
     <span class='ocr_line' id='line_1_5' title="bbox 666 954 2765 1049; baseline 0 -25"><span class='ocrx_word' id='word_1_24' title='bbox 666 958 1207 1025; x_wconf 86' lang='lat' dir='ltr'><strong>constantissime</strong></span> <span class='ocrx_word' id='word_1_25' title='bbox 1235 956 1640 1039; x_wconf 85' lang='lat' dir='ltr'><strong>affirmasse,</strong></span> <span class='ocrx_word' id='word_1_26' title='bbox 1671 955 1864 1023; x_wconf 90' lang='lat' dir='ltr'><strong>illum</strong></span> <span class='ocrx_word' id='word_1_27' title='bbox 1889 954 2164 1049; x_wconf 90' lang='lat' dir='ltr'><strong>quidem</strong></span> <span class='ocrx_word' id='word_1_28' title='bbox 2193 956 2382 1025; x_wconf 84' lang='lat' dir='ltr'><strong>nullo</strong></span> <span class='ocrx_word' id='word_1_29' title='bbox 2403 958 2608 1027; x_wconf 93' lang='lat' dir='ltr'><strong>modo</strong></span> <span class='ocrx_word' id='word_1_30' title='bbox 2628 1012 2644 1040; x_wconf 95' lang='lat'><strong>,</strong></span> <span class='ocrx_word' id='word_1_31' title='bbox 2667 982 2765 1025; x_wconf 88' lang='lat' dir='ltr'><strong>ce-</strong></span> 
     </span>
     <span class='ocr_line' id='line_1_6' title="bbox 664 1064 2767 1162; baseline 0 -29"><span class='ocrx_word' id='word_1_32' title='bbox 664 1083 889 1133; x_wconf 87' lang='lat' dir='ltr'><strong>terum</strong></span> <span class='ocrx_word' id='word_1_33' title='bbox 930 1068 1201 1149; x_wconf 88' lang='lat' dir='ltr'><strong>Titum,</strong></span> <span class='ocrx_word' id='word_1_34' title='bbox 1241 1070 1357 1161; x_wconf 92' lang='lat' dir='ltr'><strong>qui</strong></span> <span class='ocrx_word' id='word_1_35' title='bbox 1395 1084 1561 1135; x_wconf 91' lang='lat' dir='ltr'><strong>tunc</strong></span> <span class='ocrx_word' id='word_1_36' title='bbox 1597 1090 1810 1160; x_wconf 88' lang='lat' dir='ltr'>prope</span> <span class='ocrx_word' id='word_1_37' title='bbox 1847 1064 2187 1150; x_wconf 79' lang='lat' dir='ltr'><strong>adstabat,</strong></span> <span class='ocrx_word' id='word_1_38' title='bbox 2227 1071 2458 1162; x_wconf 91' lang='lat' dir='ltr'><strong>utique</strong></span> <span class='ocrx_word' id='word_1_39' title='bbox 2495 1071 2767 1161; x_wconf 89' lang='lat' dir='ltr'><strong>impera-</strong></span> 
     </span>
     <span class='ocr_line' id='line_1_7' title="bbox 668 1175 2767 1273; baseline -0 -29"><span class='ocrx_word' id='word_1_40' title='bbox 668 1195 919 1244; x_wconf 89' lang='lat' dir='ltr'><strong>turum.</strong></span> <span class='ocrx_word' id='word_1_41' title='bbox 958 1181 1170 1244; x_wconf 82' lang='lat' dir='ltr'><strong>Erant</strong></span> <span class='ocrx_word' id='word_1_42' title='bbox 1193 1194 1421 1243; x_wconf 86' lang='lat' dir='ltr'><strong>autem</strong></span> <span class='ocrx_word' id='word_1_43' title='bbox 1450 1176 1621 1245; x_wconf 91' lang='lat' dir='ltr'><strong>adeo</strong></span> <span class='ocrx_word' id='word_1_44' title='bbox 1651 1176 2014 1245; x_wconf 84' lang='lat' dir='ltr'><strong>familiares</strong></span> <span class='ocrx_word' id='word_1_45' title='bbox 2032 1230 2049 1260; x_wconf 97' lang='lat'><strong>,</strong></span> <span class='ocrx_word' id='word_1_46' title='bbox 2084 1194 2161 1244; x_wconf 92' lang='lat' dir='ltr'><strong>ut</strong></span> <span class='ocrx_word' id='word_1_47' title='bbox 2187 1175 2271 1271; x_wconf 89' lang='lat' dir='ltr'><strong>de</strong></span> <span class='ocrx_word' id='word_1_48' title='bbox 2302 1182 2607 1271; x_wconf 90' lang='lat' dir='ltr'><strong>potione,</strong></span> <span class='ocrx_word' id='word_1_49' title='bbox 2641 1202 2767 1273; x_wconf 89' lang='lat' dir='ltr'><strong>qua</strong></span> 
     </span>
     <span class='ocr_line' id='line_1_8' title="bbox 666 1286 2768 1383; baseline -0 -27"><span class='ocrx_word' id='word_1_50' title='bbox 666 1290 1085 1356; x_wconf 85' lang='lat' dir='ltr'><strong>Britannicus</strong></span> <span class='ocrx_word' id='word_1_51' title='bbox 1128 1287 1369 1354; x_wconf 80' lang='lat' dir='ltr'><strong>hausta</strong></span> <span class='ocrx_word' id='word_1_52' title='bbox 1409 1291 1643 1380; x_wconf 84' lang='lat' dir='ltr'><strong>periit,</strong></span> <span class='ocrx_word' id='word_1_53' title='bbox 1682 1292 1878 1356; x_wconf 86' lang='lat' dir='ltr'><strong>Titus</strong></span> <span class='ocrx_word' id='word_1_54' title='bbox 1925 1312 2199 1383; x_wconf 93' lang='lat' dir='ltr'><strong>quoque</strong></span> <span class='ocrx_word' id='word_1_55' title='bbox 2241 1286 2438 1381; x_wconf 82' lang='lat' dir='ltr'><strong>juxta</strong></span> <span class='ocrx_word' id='word_1_56' title='bbox 2476 1286 2502 1327; x_wconf 82' lang='lat'>³</span> <span class='ocrx_word' id='word_1_57' title='bbox 2523 1289 2768 1356; x_wconf 86' lang='lat' dir='ltr'><strong>cubans</strong></span> 
     </span>
     <span class='ocr_line' id='line_1_9' title="bbox 668 1399 2770 1495; baseline 0 -29"><span class='ocrx_word' id='word_1_58' title='bbox 668 1417 974 1491; x_wconf 80' lang='lat' dir='ltr'><strong>gustasse</strong></span> <span class='ocrx_word' id='word_1_59' title='bbox 999 1399 1316 1469; x_wconf 85' lang='lat' dir='ltr'><strong>credatur</strong></span> <span class='ocrx_word' id='word_1_60' title='bbox 1336 1452 1351 1481; x_wconf 94' lang='lat'><strong>,</strong></span> <span class='ocrx_word' id='word_1_61' title='bbox 1383 1404 1704 1495; x_wconf 75' lang='lat' dir='ltr'><strong>gravique</strong></span> <span class='ocrx_word' id='word_1_62' title='bbox 1733 1400 1970 1468; x_wconf 91' lang='lat' dir='ltr'><strong>morbo</strong></span> <span class='ocrx_word' id='word_1_63' title='bbox 2000 1400 2358 1469; x_wconf 84' lang='lat' dir='ltr'><strong>afflictatus</strong></span> <span class='ocrx_word' id='word_1_64' title='bbox 2376 1400 2404 1453; x_wconf 76' lang='lat'><strong>4</strong></span> <span class='ocrx_word' id='word_1_65' title='bbox 2437 1399 2574 1469; x_wconf 86' lang='lat' dir='ltr'><strong>diu.</strong></span> <span class='ocrx_word' id='word_1_66' title='bbox 2601 1406 2770 1487; x_wconf 90' lang='lat' dir='ltr'><strong>Quo-</strong></span> 
     </span>
     <span class='ocr_line' id='line_1_10' title="bbox 668 1511 2770 1595; baseline 0.001 -19"><span class='ocrx_word' id='word_1_67' title='bbox 668 1535 822 1579; x_wconf 83' lang='lat' dir='ltr'><strong>rum</strong></span> <span class='ocrx_word' id='word_1_68' title='bbox 857 1514 1161 1578; x_wconf 89' lang='lat' dir='ltr'><strong>omnium</strong></span> <span class='ocrx_word' id='word_1_69' title='bbox 1194 1535 1352 1579; x_wconf 85' lang='lat' dir='ltr'><strong>mox</strong></span> <span class='ocrx_word' id='word_1_70' title='bbox 1383 1536 1680 1595; x_wconf 82' lang='lat' dir='ltr'><strong>memor,</strong></span> <span class='ocrx_word' id='word_1_71' title='bbox 1717 1530 2008 1581; x_wconf 86' lang='lat' dir='ltr'><strong>statuam</strong></span> <span class='ocrx_word' id='word_1_72' title='bbox 2037 1515 2097 1578; x_wconf 92' lang='lat' dir='ltr'><strong>ei</strong></span> <span class='ocrx_word' id='word_1_73' title='bbox 2125 1536 2403 1580; x_wconf 82' lang='lat' dir='ltr'><strong>auream</strong></span> <span class='ocrx_word' id='word_1_74' title='bbox 2429 1516 2498 1579; x_wconf 91' lang='lat' dir='ltr'><strong>in</strong></span> <span class='ocrx_word' id='word_1_75' title='bbox 2529 1511 2770 1579; x_wconf 83' lang='lat' dir='ltr'><strong>Palatio</strong></span> 
     </span>
     <span class='ocr_line' id='line_1_11' title="bbox 669 1626 2772 1723; baseline -0 -32"><span class='ocrx_word' id='word_1_76' title='bbox 669 1630 897 1719; x_wconf 84' lang='lat' dir='ltr'><strong>posuit</strong></span> <span class='ocrx_word' id='word_1_77' title='bbox 915 1679 932 1709; x_wconf 89' lang='lat'><strong>,</strong></span> <span class='ocrx_word' id='word_1_78' title='bbox 988 1644 1056 1693; x_wconf 89' lang='lat' dir='ltr'><strong>et</strong></span> <span class='ocrx_word' id='word_1_79' title='bbox 1104 1626 1386 1693; x_wconf 89' lang='lat' dir='ltr'><strong>alteram</strong></span> <span class='ocrx_word' id='word_1_80' title='bbox 1436 1650 1517 1694; x_wconf 83' lang='lat' dir='ltr'><strong>ex</strong></span> <span class='ocrx_word' id='word_1_81' title='bbox 1569 1626 1774 1694; x_wconf 87' lang='lat' dir='ltr'>ebore</span> <span class='ocrx_word' id='word_1_82' title='bbox 1825 1644 2237 1722; x_wconf 84' lang='lat' dir='ltr'><strong>equestrem,</strong></span> <span class='ocrx_word' id='word_1_83' title='bbox 2288 1650 2442 1723; x_wconf 85' lang='lat' dir='ltr'><strong>quae</strong></span> <span class='ocrx_word' id='word_1_84' title='bbox 2485 1626 2772 1695; x_wconf 90' lang='lat' dir='ltr'><strong>Circensi</strong></span> 
     </span>
     <span class='ocr_line' id='line_1_12' title="bbox 668 1736 2768 1834; baseline -0.002 -28"><span class='ocrx_word' id='word_1_85' title='bbox 668 1762 917 1831; x_wconf 90' lang='lat' dir='ltr'><strong>pompa</strong></span> <span class='ocrx_word' id='word_1_86' title='bbox 944 1736 1279 1831; x_wconf 90' lang='lat' dir='ltr'><strong>hodieque</strong></span> <span class='ocrx_word' id='word_1_87' title='bbox 1304 1738 1686 1830; x_wconf 64' lang='lat' dir='ltr'><strong>praefertur,</strong></span> <span class='ocrx_word' id='word_1_88' title='bbox 1707 1737 2066 1823; x_wconf 85' lang='lat' dir='ltr'><strong>dedicavit,</strong></span> <span class='ocrx_word' id='word_1_89' title='bbox 2094 1754 2632 1834; x_wconf 89' lang='lat' dir='ltr'><strong>prosecutusque</strong></span> <span class='ocrx_word' id='word_1_90' title='bbox 2655 1753 2768 1805; x_wconf 91' lang='lat' dir='ltr'><strong>est.</strong></span> 
     </span>
    </p>

    <p class='ocr_par' dir='ltr' id='par_1_3' title="bbox 671 1849 2778 2387">
     <span class='ocr_line' id='line_1_13' title="bbox 764 1849 2774 1945; baseline -0 -29"><span class='ocrx_word' id='word_1_91' title='bbox 764 1855 885 1917; x_wconf 92' lang='lat'>111.</span> <span class='ocrx_word' id='word_1_92' title='bbox 940 1854 1020 1916; x_wconf 91' lang='lat' dir='ltr'><strong>In</strong></span> <span class='ocrx_word' id='word_1_93' title='bbox 1050 1873 1264 1941; x_wconf 92' lang='lat' dir='ltr'><strong>puero</strong></span> <span class='ocrx_word' id='word_1_94' title='bbox 1293 1852 1513 1916; x_wconf 89' lang='lat' dir='ltr'><strong>statim</strong></span> <span class='ocrx_word' id='word_1_95' title='bbox 1548 1852 1848 1942; x_wconf 86' lang='lat' dir='ltr'><strong>corporis</strong></span> <span class='ocrx_word' id='word_1_96' title='bbox 1876 1852 2220 1945; x_wconf 86' lang='lat' dir='ltr'><strong>animique</strong></span> <span class='ocrx_word' id='word_1_97' title='bbox 2247 1849 2439 1918; x_wconf 91' lang='lat' dir='ltr'><strong>dotes</strong></span> <span class='ocrx_word' id='word_1_98' title='bbox 2473 1849 2774 1942; x_wconf 84' lang='lat' dir='ltr'><strong>exsplen-</strong></span> 
     </span>
     <span class='ocr_line' id='line_1_14' title="bbox 671 1950 2772 2053; baseline -0.001 -27"><span class='ocrx_word' id='word_1_99' title='bbox 671 1958 971 2027; x_wconf 87' lang='lat' dir='ltr'><strong>duerunt</strong></span> <span class='ocrx_word' id='word_1_100' title='bbox 988 2012 1005 2041; x_wconf 91' lang='lat'><strong>,</strong></span> <span class='ocrx_word' id='word_1_101' title='bbox 1036 1950 1386 2053; x_wconf 81' lang='lat' dir='ltr'><strong>magisque</strong></span> <span class='ocrx_word' id='word_1_102' title='bbox 1412 1984 1493 2027; x_wconf 86' lang='lat' dir='ltr'><strong>ac</strong></span> <span class='ocrx_word' id='word_1_103' title='bbox 1514 1963 1730 2053; x_wconf 80' lang='lat' dir='ltr'><strong>magis</strong></span> <span class='ocrx_word' id='word_1_104' title='bbox 1756 1959 2073 2053; x_wconf 87' lang='lat' dir='ltr'><strong>deinceps</strong></span> <span class='ocrx_word' id='word_1_105' title='bbox 2101 1986 2226 2053; x_wconf 86' lang='lat' dir='ltr'><strong>per</strong></span> <span class='ocrx_word' id='word_1_106' title='bbox 2253 1963 2467 2028; x_wconf 84' lang='lat' dir='ltr'><strong>aetatis</strong></span> <span class='ocrx_word' id='word_1_107' title='bbox 2497 1960 2772 2053; x_wconf 74' lang='lat' dir='ltr'><strong>gradus:</strong></span> 
     </span>
     <span class='ocr_line' id='line_1_15' title="bbox 673 2070 2774 2161; baseline -0.001 -25"><span class='ocrx_word' id='word_1_108' title='bbox 673 2070 889 2137; x_wconf 88' lang='lat' dir='ltr'><strong>forma</strong></span> <span class='ocrx_word' id='word_1_109' title='bbox 942 2072 1209 2161; x_wconf 79' lang='lat' dir='ltr'><strong>egregia</strong></span> <span class='ocrx_word' id='word_1_110' title='bbox 1230 2123 1246 2151; x_wconf 95' lang='lat'><strong>,</strong></span> <span class='ocrx_word' id='word_1_111' title='bbox 1296 2088 1363 2137; x_wconf 91' lang='lat' dir='ltr'><strong>et</strong></span> <span class='ocrx_word' id='word_1_112' title='bbox 1412 2074 1519 2137; x_wconf 88' lang='lat' dir='ltr'><strong>cui</strong></span> <span class='ocrx_word' id='word_1_113' title='bbox 1573 2094 1714 2137; x_wconf 88' lang='lat' dir='ltr'><strong>non</strong></span> <span class='ocrx_word' id='word_1_114' title='bbox 1765 2073 1991 2139; x_wconf 91' lang='lat' dir='ltr'><strong>minus</strong></span> <span class='ocrx_word' id='word_1_115' title='bbox 2041 2073 2453 2137; x_wconf 77' lang='lat' dir='ltr'><strong>auctoritatis</strong></span> <span class='ocrx_word' id='word_1_116' title='bbox 2502 2074 2774 2147; x_wconf 90' lang='lat' dir='ltr'><strong>inesset,</strong></span> 
     </span>
     <span class='ocr_line' id='line_1_16' title="bbox 672 2184 2778 2278; baseline 0 -30"><span class='ocrx_word' id='word_1_117' title='bbox 672 2206 879 2276; x_wconf 88' lang='lat' dir='ltr'><strong>quam</strong></span> <span class='ocrx_word' id='word_1_118' title='bbox 909 2184 1136 2275; x_wconf 78' lang='lat' dir='ltr'><strong>gratiae</strong></span> <span class='ocrx_word' id='word_1_119' title='bbox 1158 2235 1175 2265; x_wconf 97' lang='lat'><strong>,</strong></span> <span class='ocrx_word' id='word_1_120' title='bbox 1206 2206 1622 2276; x_wconf 84' lang='lat' dir='ltr'><strong>quamquam</strong></span> <span class='ocrx_word' id='word_1_121' title='bbox 1649 2208 1872 2278; x_wconf 89' lang='lat' dir='ltr'><strong>neque</strong></span> <span class='ocrx_word' id='word_1_122' title='bbox 1899 2207 2184 2275; x_wconf 89' lang='lat' dir='ltr'><strong>procera</strong></span> <span class='ocrx_word' id='word_1_123' title='bbox 2213 2200 2497 2264; x_wconf 88' lang='lat' dir='ltr'><strong>statura,</strong></span> <span class='ocrx_word' id='word_1_124' title='bbox 2533 2198 2601 2249; x_wconf 86' lang='lat' dir='ltr'><strong>et</strong></span> <span class='ocrx_word' id='word_1_125' title='bbox 2625 2205 2778 2249; x_wconf 84' lang='lat' dir='ltr'><strong>ven-</strong></span> 
     </span>
     <span class='ocr_line' id='line_1_17' title="bbox 672 2290 2778 2387; baseline 0 -29"><span class='ocrx_word' id='word_1_126' title='bbox 672 2308 777 2360; x_wconf 87' lang='lat' dir='ltr'><strong>tre</strong></span> <span class='ocrx_word' id='word_1_127' title='bbox 805 2292 1009 2384; x_wconf 88' lang='lat' dir='ltr'><strong>paulo</strong></span> <span class='ocrx_word' id='word_1_128' title='bbox 1040 2290 1479 2385; x_wconf 75' lang='lat' dir='ltr'><strong>projectiore,</strong></span> <span class='ocrx_word' id='word_1_129' title='bbox 1520 2296 1942 2387; x_wconf 85' lang='lat' dir='ltr'><strong>praecipuum</strong></span> <span class='ocrx_word' id='word_1_130' title='bbox 1977 2294 2186 2361; x_wconf 88' lang='lat' dir='ltr'><strong>robur</strong></span> <span class='ocrx_word' id='word_1_131' title='bbox 2209 2304 2223 2331; x_wconf 86' lang='lat'><strong>¹</strong></span> <span class='ocrx_word' id='word_1_132' title='bbox 2247 2346 2264 2373; x_wconf 93' lang='lat'><strong>,</strong></span> <span class='ocrx_word' id='word_1_133' title='bbox 2298 2295 2623 2362; x_wconf 85' lang='lat' dir='ltr'><strong>memoria</strong></span> <span class='ocrx_word' id='word_1_134' title='bbox 2654 2294 2778 2359; x_wconf 90' lang='lat' dir='ltr'><strong>sin-</strong></span> 
     </span>
    </p>
   </div>
   <div class='ocr_carea' id='block_1_3' title="bbox 675 2525 2782 2679">
    <p class='ocr_par' dir='ltr' id='par_1_4' title="bbox 675 2525 2782 2679">
     <span class='ocr_line' id='line_1_18' title="bbox 675 2525 2780 2596; baseline -0 -21"><span class='ocrx_word' id='word_1_135' title='bbox 675 2525 821 2596; x_wconf 87' lang='lat' dir='ltr'><strong>apud</strong></span> <span class='ocrx_word' id='word_1_136' title='bbox 864 2526 1064 2577; x_wconf 63' lang='lat' dir='ltr'><strong>Rncnm</strong></span> <span class='ocrx_word' id='word_1_137' title='bbox 1084 2565 1100 2592; x_wconf 87' lang='lat'><strong>,</strong></span> <span class='ocrx_word' id='word_1_138' title='bbox 1143 2527 1422 2592; x_wconf 62' lang='lat' dir='ltr'><strong>Berdm&#39;ce,</strong></span> <span class='ocrx_word' id='word_1_139' title='bbox 1468 2541 1569 2577; x_wconf 79' lang='lat' dir='ltr'><strong>act.</strong></span> <span class='ocrx_word' id='word_1_140' title='bbox 1611 2529 1687 2592; x_wconf 88' lang='lat'><strong>11,</strong></span> <span class='ocrx_word' id='word_1_141' title='bbox 1779 2532 1944 2580; x_wconf 64' lang='lat' dir='ltr'><strong>aetatis</strong></span> <span class='ocrx_word' id='word_1_142' title='bbox 1973 2527 2242 2580; x_wconf 84' lang='lat' dir='ltr'><strong>nobilibus</strong></span> <span class='ocrx_word' id='word_1_143' title='bbox 2274 2525 2502 2579; x_wconf 79' lang='lat' dir='ltr'><strong>sedentes</strong></span> <span class='ocrx_word' id='word_1_144' title='bbox 2531 2527 2702 2592; x_wconf 72' lang='lat' dir='ltr'><strong>vesci,</strong></span> <span class='ocrx_word' id='word_1_145' title='bbox 2735 2527 2780 2576; x_wconf 87' lang='lat' dir='ltr'><strong>in</strong></span> 
     </span>
     <span class='ocr_line' id='line_1_19' title="bbox 678 2604 2782 2679; baseline -0.001 -23"><span class='ocrx_word' id='word_1_146' title='bbox 678 2622 819 2656; x_wconf 86' lang='lat' dir='ltr'><strong>scen.</strong></span> <span class='ocrx_word' id='word_1_147' title='bbox 852 2622 911 2656; x_wconf 84' lang='lat'><strong>2:</strong></span> <span class='ocrx_word' id='word_1_148' title='bbox 1460 2625 1465 2629; x_wconf 86' lang='lat'><strong>·</strong></span> <span class='ocrx_word' id='word_1_149' title='bbox 1781 2605 2038 2679; x_wconf 81' lang='lat' dir='ltr'><strong>adspectu</strong></span> <span class='ocrx_word' id='word_1_150' title='bbox 2075 2609 2536 2678; x_wconf 84' lang='lat' dir='ltr'><strong>propinquorum,</strong></span> <span class='ocrx_word' id='word_1_151' title='bbox 2571 2604 2782 2674; x_wconf 82' lang='lat' dir='ltr'><strong>propria</strong></span> 
     </span>
    </p>
   </div>
   <div class='ocr_carea' id='block_1_4' title="bbox 675 2705 1693 3064">
    <p class='ocr_par' dir='ltr' id='par_1_5' title="bbox 675 2705 1693 3064">
     <span class='ocr_line' id='line_1_20' title="bbox 675 2705 1623 2764; baseline 0 -16"><span class='ocrx_word' id='word_1_152' title='bbox 675 2705 743 2748; x_wconf 80' lang='lat' dir='ltr'><strong>Ma</strong></span> <span class='ocrx_word' id='word_1_153' title='bbox 758 2708 970 2764; x_wconf 72' lang='lat' dir='ltr'><strong>jeunesse,</strong></span> <span class='ocrx_word' id='word_1_154' title='bbox 990 2709 1156 2750; x_wconf 81' lang='lat' dir='ltr'><strong>noun-ie</strong></span> <span class='ocrx_word' id='word_1_155' title='bbox 1175 2709 1199 2749; x_wconf 69' lang='grc' dir='ltr'>ὲ</span> <span class='ocrx_word' id='word_1_156' title='bbox 1218 2709 1256 2750; x_wconf 81' lang='lat' dir='ltr'><strong>la</strong></span> <span class='ocrx_word' id='word_1_157' title='bbox 1276 2722 1375 2750; x_wconf 87' lang='lat' dir='ltr'><strong>cour</strong></span> <span class='ocrx_word' id='word_1_158' title='bbox 1393 2707 1444 2749; x_wconf 85' lang='lat' dir='ltr'><strong>de</strong></span> <span class='ocrx_word' id='word_1_159' title='bbox 1464 2708 1598 2750; x_wconf 86' lang='lat' dir='ltr'><strong>Ne&#39;ron</strong></span> <span class='ocrx_word' id='word_1_160' title='bbox 1613 2739 1623 2756; x_wconf 84' lang='grc'>,</span> 
     </span>
     <span class='ocr_line' id='line_1_21' title="bbox 676 2767 1688 2827; baseline 0 -17"><span class='ocrx_word' id='word_1_161' title='bbox 676 2767 871 2822; x_wconf 62' lang='grc' dir='ltr'><strong>δ’ἐξςαωὶῑ</strong></span> <span class='ocrx_word' id='word_1_162' title='bbox 883 2801 894 2820; x_wconf 94' lang='lat'><strong>,</strong></span> <span class='ocrx_word' id='word_1_163' title='bbox 914 2768 1013 2810; x_wconf 82' lang='lat' dir='ltr'><strong>cher</strong></span> <span class='ocrx_word' id='word_1_164' title='bbox 1026 2769 1168 2812; x_wconf 77' lang='lat' dir='ltr'><strong>Paulin</strong></span> <span class='ocrx_word' id='word_1_165' title='bbox 1180 2801 1193 2819; x_wconf 87' lang='lat'><strong>,</strong></span> <span class='ocrx_word' id='word_1_166' title='bbox 1209 2785 1281 2826; x_wconf 78' lang='lat' dir='ltr'><strong>par</strong></span> <span class='ocrx_word' id='word_1_167' title='bbox 1295 2769 1505 2827; x_wconf 76' lang='lat' dir='ltr'><strong>l‘exemple</strong></span> <span class='ocrx_word' id='word_1_168' title='bbox 1519 2768 1666 2811; x_wconf 63' lang='lat' dir='ltr'><strong>ubusec</strong></span> <span class='ocrx_word' id='word_1_169' title='bbox 1677 2801 1688 2816; x_wconf 76' lang='lat'><strong>,</strong></span> 
     </span>
     <span class='ocr_line' id='line_1_22' title="bbox 677 2828 1548 2887; baseline 0.002 -17"><span class='ocrx_word' id='word_1_170' title='bbox 677 2829 729 2870; x_wconf 82' lang='lat' dir='ltr'><strong>Et</strong></span> <span class='ocrx_word' id='word_1_171' title='bbox 742 2830 891 2872; x_wconf 69' lang='lat' dir='ltr'><strong>suivait</strong></span> <span class='ocrx_word' id='word_1_172' title='bbox 906 2828 963 2871; x_wconf 87' lang='lat' dir='ltr'><strong>du</strong></span> <span class='ocrx_word' id='word_1_173' title='bbox 975 2829 1118 2887; x_wconf 76' lang='lat' dir='ltr'><strong>plaisir</strong></span> <span class='ocrx_word' id='word_1_174' title='bbox 1130 2829 1169 2872; x_wconf 72' lang='lat' dir='ltr'><strong>ln</strong></span> <span class='ocrx_word' id='word_1_175' title='bbox 1182 2841 1305 2886; x_wconf 84' lang='lat' dir='ltr'><strong>pente</strong></span> <span class='ocrx_word' id='word_1_176' title='bbox 1322 2841 1413 2886; x_wconf 83' lang='lat' dir='ltr'><strong>trop</strong></span> <span class='ocrx_word' id='word_1_177' title='bbox 1428 2830 1548 2873; x_wconf 61' lang='lat' dir='ltr'><strong>nisce.</strong></span> 
     </span>
     <span class='ocr_line' id='line_1_23' title="bbox 678 2915 1691 2968; baseline 0.002 -2"><span class='ocrx_word' id='word_1_178' title='bbox 678 2915 939 2968; x_wconf 78' lang='lat' dir='ltr'><strong>Invidiam</strong></span> <span class='ocrx_word' id='word_1_179' title='bbox 986 2915 1085 2968; x_wconf 78' lang='lat' dir='ltr'><strong>sibi</strong></span> <span class='ocrx_word' id='word_1_180' title='bbox 1132 2917 1313 2967; x_wconf 82' lang='lat' dir='ltr'><strong>Titum</strong></span> <span class='ocrx_word' id='word_1_181' title='bbox 1331 2947 1339 2954; x_wconf 92' lang='lat'><em>—</em></span> <span class='ocrx_word' id='word_1_182' title='bbox 1365 2917 1691 2968; x_wconf 76' lang='lat' dir='ltr'><strong>contraxisse</strong></span> 
     </span>
     <span class='ocr_line' id='line_1_24' title="bbox 681 2993 1693 3064; baseline 0.001 -18"><span class='ocrx_word' id='word_1_183' title='bbox 681 3013 781 3064; x_wconf 88' lang='lat' dir='ltr'><strong>per</strong></span> <span class='ocrx_word' id='word_1_184' title='bbox 802 2993 1049 3046; x_wconf 85' lang='lat' dir='ltr'><strong>libidines</strong></span> <span class='ocrx_word' id='word_1_185' title='bbox 1066 3034 1083 3062; x_wconf 88' lang='lat'>‚</span> <span class='ocrx_word' id='word_1_186' title='bbox 1110 3009 1290 3046; x_wconf 83' lang='lat' dir='ltr'><strong>narrat</strong></span> <span class='ocrx_word' id='word_1_187' title='bbox 1318 2995 1540 3047; x_wconf 86' lang='lat' dir='ltr'><strong>Sueton.</strong></span> <span class='ocrx_word' id='word_1_188' title='bbox 1565 3013 1615 3045; x_wconf 87' lang='lat' dir='ltr'><strong>c.</strong></span> <span class='ocrx_word' id='word_1_189' title='bbox 1642 3011 1693 3062; x_wconf 88' lang='lat'><strong>7.</strong></span> 
     </span>
    </p>
   </div>
   <div class='ocr_carea' id='block_1_5' title="bbox 622 3083 1706 3933">
    <p class='ocr_par' dir='ltr' id='par_1_6' title="bbox 622 3083 1706 3933">
     <span class='ocr_line' id='line_1_25' title="bbox 770 3083 1694 3155; baseline 0.001 -21"><span class='ocrx_word' id='word_1_190' title='bbox 770 3101 817 3134; x_wconf 83' lang='lat'><strong>2.</strong></span> <span class='ocrx_word' id='word_1_191' title='bbox 872 3084 1321 3155; x_wconf 79' lang='lat' dir='ltr'><strong>Metoposcopum.</strong></span> <span class='ocrx_word' id='word_1_192' title='bbox 1374 3083 1506 3135; x_wconf 93' lang='lat' dir='ltr'><strong>Plin.</strong></span> <span class='ocrx_word' id='word_1_193' title='bbox 1557 3086 1694 3136; x_wconf 84' lang='lat' dir='ltr'><strong>Hist.</strong></span> 
     </span>
     <span class='ocr_line' id='line_1_26' title="bbox 683 3161 1698 3233; baseline -0.001 -18"><span class='ocrx_word' id='word_1_194' title='bbox 683 3166 808 3216; x_wconf 84' lang='lat' dir='ltr'><strong>Nat.</strong></span> <span class='ocrx_word' id='word_1_195' title='bbox 832 3163 1053 3230; x_wconf 83' lang='lat' dir='ltr'><strong>XXXV,</strong></span> <span class='ocrx_word' id='word_1_196' title='bbox 1076 3179 1140 3216; x_wconf 92' lang='lat'><strong>10</strong></span> <span class='ocrx_word' id='word_1_197' title='bbox 1163 3161 1257 3233; x_wconf 86' lang='lat'><strong>(9,</strong></span> <span class='ocrx_word' id='word_1_198' title='bbox 1280 3161 1306 3232; x_wconf 87' lang='lat'>§</span> <span class='ocrx_word' id='word_1_199' title='bbox 1332 3162 1452 3233; x_wconf 75' lang='grc'><strong>14),</strong></span> <span class='ocrx_word' id='word_1_200' title='bbox 1478 3185 1503 3208; x_wconf 73' lang='grc' dir='ltr'><strong>α</strong></span> <span class='ocrx_word' id='word_1_201' title='bbox 1520 3181 1698 3233; x_wconf 86' lang='lat' dir='ltr'><strong>quem·</strong></span> 
     </span>
     <span class='ocr_line' id='line_1_27' title="bbox 622 3241 1698 3295; baseline 0 -1"><span class='ocrx_word' id='word_1_202' title='bbox 622 3244 628 3262; x_wconf 91' lang='lat'>&#39;</span> <span class='ocrx_word' id='word_1_203' title='bbox 686 3241 809 3294; x_wconf 86' lang='lat' dir='ltr'><strong>dam</strong></span> <span class='ocrx_word' id='word_1_204' title='bbox 834 3261 897 3295; x_wconf 85' lang='lat' dir='ltr'><strong>ex</strong></span> <span class='ocrx_word' id='word_1_205' title='bbox 915 3243 1055 3294; x_wconf 82' lang='lat' dir='ltr'><strong>facie</strong></span> <span class='ocrx_word' id='word_1_206' title='bbox 1078 3241 1357 3294; x_wconf 87' lang='lat' dir='ltr'><strong>hominum</strong></span> <span class='ocrx_word' id='word_1_207' title='bbox 1388 3241 1698 3294; x_wconf 81' lang='lat' dir='ltr'><strong>addivinan·</strong></span> 
     </span>
     <span class='ocr_line' id='line_1_28' title="bbox 689 3333 1692 3394; baseline -0.003 -20"><span class='ocrx_word' id='word_1_208' title='bbox 689 3337 823 3388; x_wconf 73' lang='lat' dir='ltr'><strong>tem,</strong></span> <span class='ocrx_word' id='word_1_209' title='bbox 852 3341 987 3394; x_wconf 84' lang='lat' dir='ltr'><strong>quos</strong></span> <span class='ocrx_word' id='word_1_210' title='bbox 1024 3333 1407 3394; x_wconf 77' lang='lat' dir='ltr'><strong>metoposcopos</strong></span> <span class='ocrx_word' id='word_1_211' title='bbox 1441 3335 1650 3374; x_wconf 79' lang='lat' dir='ltr'><strong>vocant.</strong></span> <span class='ocrx_word' id='word_1_212' title='bbox 1671 3347 1692 3370; x_wconf 73' lang='grc' dir='ltr'><strong>ι</strong></span> 
     </span>
     <span class='ocr_line' id='line_1_29' title="bbox 687 3402 1700 3472; baseline -0.001 -17"><span class='ocrx_word' id='word_1_213' title='bbox 687 3405 857 3455; x_wconf 81' lang='lat' dir='ltr'><strong>Tacit.</strong></span> <span class='ocrx_word' id='word_1_214' title='bbox 880 3403 1014 3454; x_wconf 76' lang='lat' dir='ltr'><strong>nist.</strong></span> <span class='ocrx_word' id='word_1_215' title='bbox 1035 3404 1110 3469; x_wconf 87' lang='lat'><strong>11,</strong></span> <span class='ocrx_word' id='word_1_216' title='bbox 1139 3421 1185 3467; x_wconf 82' lang='lat'><strong>1,</strong></span> <span class='ocrx_word' id='word_1_217' title='bbox 1208 3425 1229 3448; x_wconf 86' lang='grc' dir='ltr'><strong>ιι</strong></span> <span class='ocrx_word' id='word_1_218' title='bbox 1244 3402 1486 3472; x_wconf 77' lang='lat' dir='ltr'><strong>Augebat</strong></span> <span class='ocrx_word' id='word_1_219' title='bbox 1501 3404 1700 3468; x_wconf 83' lang='lat' dir='ltr'><strong>famam</strong></span> 
     </span>
     <span class='ocr_line' id='line_1_30' title="bbox 690 3481 1700 3554; baseline -0.002 -20"><span class='ocrx_word' id='word_1_220' title='bbox 690 3484 858 3554; x_wconf 81' lang='lat' dir='ltr'><strong>ipsius</strong></span> <span class='ocrx_word' id='word_1_221' title='bbox 882 3483 991 3533; x_wconf 86' lang='lat' dir='ltr'><strong>Titi</strong></span> <span class='ocrx_word' id='word_1_222' title='bbox 1012 3481 1313 3551; x_wconf 76' lang='lat' dir='ltr'><strong>ingenium,</strong></span> <span class='ocrx_word' id='word_1_223' title='bbox 1340 3495 1700 3550; x_wconf 68' lang='lat' dir='ltr'><strong>quantaecum-</strong></span> 
     </span>
     <span class='ocr_line' id='line_1_31' title="bbox 694 3561 1702 3633; baseline 0 -21"><span class='ocrx_word' id='word_1_224' title='bbox 694 3580 800 3633; x_wconf 87' lang='lat' dir='ltr'><strong>que</strong></span> <span class='ocrx_word' id='word_1_225' title='bbox 818 3561 1048 3612; x_wconf 83' lang='lat' dir='ltr'><strong>fortunae</strong></span> <span class='ocrx_word' id='word_1_226' title='bbox 1068 3577 1265 3632; x_wconf 83' lang='lat' dir='ltr'><strong>capax,</strong></span> <span class='ocrx_word' id='word_1_227' title='bbox 1289 3561 1443 3614; x_wconf 83' lang='lat' dir='ltr'><strong>decor</strong></span> <span class='ocrx_word' id='word_1_228' title='bbox 1462 3562 1564 3613; x_wconf 80' lang='lat' dir='ltr'><strong>oris</strong></span> <span class='ocrx_word' id='word_1_229' title='bbox 1585 3579 1702 3612; x_wconf 84' lang='lat' dir='ltr'><strong>cum</strong></span> 
     </span>
     <span class='ocr_line' id='line_1_32' title="bbox 692 3640 1705 3714; baseline -0.001 -21"><span class='ocrx_word' id='word_1_230' title='bbox 692 3640 923 3714; x_wconf 77' lang='lat' dir='ltr'><strong>quadam</strong></span> <span class='ocrx_word' id='word_1_231' title='bbox 960 3642 1258 3712; x_wconf 73' lang='lat' dir='ltr'><strong>majestate,</strong></span> <span class='ocrx_word' id='word_1_232' title='bbox 1298 3660 1566 3712; x_wconf 63' lang='lat' dir='ltr'><strong>prosperae</strong></span> <span class='ocrx_word' id='word_1_233' title='bbox 1597 3644 1705 3692; x_wconf 88' lang='lat' dir='ltr'><strong>Ve-</strong></span> 
     </span>
     <span class='ocr_line' id='line_1_33' title="bbox 696 3724 1704 3796; baseline -0.001 -22"><span class='ocrx_word' id='word_1_234' title='bbox 696 3724 926 3793; x_wconf 83' lang='lat' dir='ltr'><strong>spasiani</strong></span> <span class='ocrx_word' id='word_1_235' title='bbox 947 3739 1059 3784; x_wconf 81' lang='lat' dir='ltr'><strong>res,</strong></span> <span class='ocrx_word' id='word_1_236' title='bbox 1080 3739 1313 3796; x_wconf 67' lang='lat' dir='ltr'><strong>proesayoe</strong></span> <span class='ocrx_word' id='word_1_237' title='bbox 1336 3741 1602 3792; x_wconf 79' lang='lat' dir='ltr'><strong>responsa,</strong></span> <span class='ocrx_word' id='word_1_238' title='bbox 1625 3737 1704 3788; x_wconf 85' lang='lat' dir='ltr'><strong>et,</strong></span> 
     </span>
     <span class='ocr_line' id='line_1_34' title="bbox 696 3799 1706 3866; baseline 0 -12"><span class='ocrx_word' id='word_1_239' title='bbox 696 3800 959 3854; x_wconf 87' lang='lat' dir='ltr'><strong>inclinatis</strong></span> <span class='ocrx_word' id='word_1_240' title='bbox 1002 3799 1073 3852; x_wconf 86' lang='lat' dir='ltr'><strong>ad</strong></span> <span class='ocrx_word' id='word_1_241' title='bbox 1116 3800 1443 3852; x_wconf 86' lang='lat' dir='ltr'><strong>credendum</strong></span> <span class='ocrx_word' id='word_1_242' title='bbox 1484 3803 1670 3854; x_wconf 80' lang='lat' dir='ltr'><strong>animis</strong></span> <span class='ocrx_word' id='word_1_243' title='bbox 1689 3839 1706 3866; x_wconf 86' lang='lat'><strong>,</strong></span> 
     </span>
     <span class='ocr_line' id='line_1_35' title="bbox 695 3880 1562 3933; baseline -0.002 -1"><span class='ocrx_word' id='word_1_244' title='bbox 695 3881 819 3933; x_wconf 91' lang='lat' dir='ltr'><strong>loco</strong></span> <span class='ocrx_word' id='word_1_245' title='bbox 842 3881 1083 3932; x_wconf 87' lang='lat' dir='ltr'><strong>ominum</strong></span> <span class='ocrx_word' id='word_1_246' title='bbox 1106 3893 1257 3932; x_wconf 85' lang='lat' dir='ltr'><strong>erant</strong></span> <span class='ocrx_word' id='word_1_247' title='bbox 1277 3880 1517 3931; x_wconf 80' lang='lat' dir='ltr'><strong>fortuita.</strong></span> <span class='ocrx_word' id='word_1_248' title='bbox 1539 3903 1562 3925; x_wconf 73' lang='grc' dir='ltr'><strong>ιο</strong></span> 
     </span>
    </p>
   </div>
   <div class='ocr_carea' id='block_1_6' title="bbox 699 3966 1708 4117">
    <p class='ocr_par' dir='ltr' id='par_1_7' title="bbox 699 3966 1708 4117">
     <span class='ocr_line' id='line_1_36' title="bbox 768 3966 1708 4038; baseline 0.001 -20"><span class='ocrx_word' id='word_1_249' title='bbox 768 3966 819 4019; x_wconf 84' lang='grc'><strong>3.</strong></span> <span class='ocrx_word' id='word_1_250' title='bbox 862 3967 1065 4018; x_wconf 74' lang='lat' dir='ltr'><strong>Titus...</strong></span> <span class='ocrx_word' id='word_1_251' title='bbox 1097 3969 1253 4037; x_wconf 69' lang='lat' dir='ltr'><strong>Juxta</strong></span> <span class='ocrx_word' id='word_1_252' title='bbox 1284 3968 1490 4019; x_wconf 76' lang='lat' dir='ltr'><strong>cubans,</strong></span> <span class='ocrx_word' id='word_1_253' title='bbox 1527 3968 1708 4038; x_wconf 83' lang='lat' dir='ltr'><strong>Impu-</strong></span> 
     </span>
     <span class='ocr_line' id='line_1_37' title="bbox 699 4046 1704 4117; baseline -0.001 -20"><span class='ocrx_word' id='word_1_254' title='bbox 699 4059 865 4115; x_wconf 63' lang='lat' dir='ltr'><strong>gnant</strong></span> <span class='ocrx_word' id='word_1_255' title='bbox 888 4046 1233 4112; x_wconf 77' lang='lat' dir='ltr'><strong>Suetonium,</strong></span> <span class='ocrx_word' id='word_1_256' title='bbox 1258 4047 1509 4117; x_wconf 87' lang='lat' dir='ltr'><strong>quoniam</strong></span> <span class='ocrx_word' id='word_1_257' title='bbox 1535 4047 1704 4098; x_wconf 87' lang='lat' dir='ltr'><strong>Tacit.</strong></span> 
     </span>
    </p>
   </div>
   <div class='ocr_carea' id='block_1_7' title="bbox 701 4123 1708 4192">
    <p class='ocr_par' dir='ltr' id='par_1_8' title="bbox 701 4123 1708 4192">
     <span class='ocr_line' id='line_1_38' title="bbox 701 4123 1708 4192; baseline -0.001 -15"><span class='ocrx_word' id='word_1_258' title='bbox 701 4125 893 4178; x_wconf 82' lang='lat' dir='ltr'><strong>Annal.</strong></span> <span class='ocrx_word' id='word_1_259' title='bbox 912 4125 1061 4192; x_wconf 82' lang='lat' dir='ltr'><strong>xm,</strong></span> <span class='ocrx_word' id='word_1_260' title='bbox 1088 4125 1179 4184; x_wconf 82' lang='lat'><strong>16,</strong></span> <span class='ocrx_word' id='word_1_261' title='bbox 1211 4147 1233 4188; x_wconf 68' lang='grc' dir='ltr'><strong>σς</strong></span> <span class='ocrx_word' id='word_1_262' title='bbox 1252 4125 1372 4177; x_wconf 84' lang='lat' dir='ltr'><strong>Mos</strong></span> <span class='ocrx_word' id='word_1_263' title='bbox 1392 4123 1708 4191; x_wconf 80' lang='lat' dir='ltr'><strong>habebatur,</strong></span> 
     </span>
    </p>
   </div>
   <div class='ocr_carea' id='block_1_8' title="bbox 582 4187 1710 4276">
    <p class='ocr_par' dir='ltr' id='par_1_9' title="bbox 582 4187 1710 4276">
     <span class='ocr_line' id='line_1_39' title="bbox 582 4187 1710 4276; baseline 0.003 -21"><span class='ocrx_word' id='word_1_264' title='bbox 582 4262 588 4268; x_wconf 57' lang='grc'><em>,</em></span> <span class='ocrx_word' id='word_1_265' title='bbox 686 4227 689 4232; x_wconf 97' lang='lat'>·</span> <span class='ocrx_word' id='word_1_266' title='bbox 704 4207 1007 4276; x_wconf 81' lang='lat' dir='ltr'><strong>Principum</strong></span> <span class='ocrx_word' id='word_1_267' title='bbox 1022 4203 1219 4258; x_wconf 86' lang='lat' dir='ltr'><strong>liberos</strong></span> <span class='ocrx_word' id='word_1_268' title='bbox 1235 4187 1355 4258; x_wconf 72' lang='lat' dir='ltr'><strong>cum</strong></span> <span class='ocrx_word' id='word_1_269' title='bbox 1366 4207 1554 4258; x_wconf 80' lang='lat' dir='ltr'><strong>ceteris</strong></span> <span class='ocrx_word' id='word_1_270' title='bbox 1569 4205 1710 4258; x_wconf 86' lang='lat' dir='ltr'><strong>idem</strong></span> 
     </span>
    </p>
   </div>
   <div class='ocr_carea' id='block_1_9' title="bbox 1781 2680 2790 3612">
    <p class='ocr_par' dir='ltr' id='par_1_10' title="bbox 1781 2680 2783 3134">
     <span class='ocr_line' id='line_1_40' title="bbox 1781 2680 2781 2757; baseline -0.007 -19"><span class='ocrx_word' id='word_1_271' title='bbox 1781 2701 1833 2738; x_wconf 86' lang='lat' dir='ltr'><strong>et</strong></span> <span class='ocrx_word' id='word_1_272' title='bbox 1857 2689 2103 2757; x_wconf 83' lang='lat' dir='ltr'><strong>parciore</strong></span> <span class='ocrx_word' id='word_1_273' title='bbox 2131 2703 2334 2738; x_wconf 85' lang='lat' dir='ltr'><strong>mensa.</strong></span> <span class='ocrx_word' id='word_1_274' title='bbox 2360 2708 2382 2732; x_wconf 72' lang='lat' dir='ltr'><strong>a·</strong></span> <span class='ocrx_word' id='word_1_275' title='bbox 2418 2685 2617 2735; x_wconf 83' lang='lat' dir='ltr'><strong>Verum</strong></span> <span class='ocrx_word' id='word_1_276' title='bbox 2645 2680 2781 2734; x_wconf 79' lang='lat' dir='ltr'><strong>haud</strong></span> 
     </span>
     <span class='ocr_line' id='line_1_41' title="bbox 1782 2763 2782 2835; baseline -0.004 -19"><span class='ocrx_word' id='word_1_277' title='bbox 1782 2765 1944 2818; x_wconf 89' lang='lat' dir='ltr'><strong>dubie</strong></span> <span class='ocrx_word' id='word_1_278' title='bbox 1975 2765 2256 2830; x_wconf 84' lang='lat' dir='ltr'><strong>viderunt,</strong></span> <span class='ocrx_word' id='word_1_279' title='bbox 2296 2764 2389 2835; x_wconf 89' lang='lat' dir='ltr'><strong>qui</strong></span> <span class='ocrx_word' id='word_1_280' title='bbox 2423 2763 2644 2834; x_wconf 86' lang='lat' dir='ltr'><strong>proprio</strong></span> <span class='ocrx_word' id='word_1_281' title='bbox 2680 2764 2782 2813; x_wconf 80' lang='lat' dir='ltr'><strong>Ro-</strong></span> 
     </span>
     <span class='ocr_line' id='line_1_42' title="bbox 1783 2838 2782 2897; baseline -0.006 -1"><span class='ocrx_word' id='word_1_282' title='bbox 1783 2861 2062 2897; x_wconf 85' lang='lat' dir='ltr'><strong>manorum</strong></span> <span class='ocrx_word' id='word_1_283' title='bbox 2085 2843 2152 2895; x_wconf 89' lang='lat' dir='ltr'><strong>de</strong></span> <span class='ocrx_word' id='word_1_284' title='bbox 2175 2859 2329 2894; x_wconf 83' lang='lat' dir='ltr'><strong>coena</strong></span> <span class='ocrx_word' id='word_1_285' title='bbox 2349 2838 2616 2894; x_wconf 77' lang='lat' dir='ltr'><strong>vocabulo</strong></span> <span class='ocrx_word' id='word_1_286' title='bbox 2637 2857 2782 2892; x_wconf 86' lang='lat' dir='ltr'><strong>usum</strong></span> 
     </span>
     <span class='ocr_line' id='line_1_43' title="bbox 1783 2921 2780 2990; baseline -0.008 -14"><span class='ocrx_word' id='word_1_287' title='bbox 1783 2924 2092 2976; x_wconf 86' lang='lat' dir='ltr'><strong>Suetonium</strong></span> <span class='ocrx_word' id='word_1_288' title='bbox 2129 2921 2342 2984; x_wconf 83' lang='lat' dir='ltr'><strong>dicunt,</strong></span> <span class='ocrx_word' id='word_1_289' title='bbox 2371 2937 2605 2986; x_wconf 87' lang='lat' dir='ltr'><strong>morem,</strong></span> <span class='ocrx_word' id='word_1_290' title='bbox 2635 2935 2780 2990; x_wconf 88' lang='lat' dir='ltr'><strong>quem</strong></span> 
     </span>
     <span class='ocr_line' id='line_1_44' title="bbox 1786 2998 2783 3070; baseline -0.006 -17"><span class='ocrx_word' id='word_1_291' title='bbox 1786 3003 2083 3054; x_wconf 82' lang='lat' dir='ltr'><strong>accuratius</strong></span> <span class='ocrx_word' id='word_1_292' title='bbox 2097 3002 2312 3051; x_wconf 81' lang='lat' dir='ltr'><strong>Tacitus</strong></span> <span class='ocrx_word' id='word_1_293' title='bbox 2336 3000 2584 3070; x_wconf 83' lang='lat' dir='ltr'><strong>exponit,</strong></span> <span class='ocrx_word' id='word_1_294' title='bbox 2605 2998 2660 3049; x_wconf 87' lang='lat' dir='ltr'><strong>in</strong></span> <span class='ocrx_word' id='word_1_295' title='bbox 2678 3014 2783 3049; x_wconf 86' lang='lat' dir='ltr'><strong>nar-</strong></span> 
     </span>
     <span class='ocr_line' id='line_1_45' title="bbox 1784 3077 2484 3134; baseline -0.007 -2"><span class='ocrx_word' id='word_1_296' title='bbox 1784 3083 1992 3134; x_wconf 83' lang='lat' dir='ltr'><strong>ratione</strong></span> <span class='ocrx_word' id='word_1_297' title='bbox 2021 3077 2168 3132; x_wconf 84' lang='lat' dir='ltr'><strong>haud</strong></span> <span class='ocrx_word' id='word_1_298' title='bbox 2191 3091 2484 3129; x_wconf 84' lang='lat' dir='ltr'><strong>curantem.</strong></span> 
     </span>
    </p>

    <p class='ocr_par' dir='ltr' id='par_1_11' title="bbox 1787 3157 2790 3612">
     <span class='ocr_line' id='line_1_46' title="bbox 1860 3157 2785 3243; baseline -0.006 -25"><span class='ocrx_word' id='word_1_299' title='bbox 1860 3166 1912 3232; x_wconf 74' lang='grc'><strong>4.</strong></span> <span class='ocrx_word' id='word_1_300' title='bbox 1949 3157 2268 3243; x_wconf 57' lang='grc' dir='ltr'><strong>Αῆῖἱοῑαωέ.</strong></span> <span class='ocrx_word' id='word_1_301' title='bbox 2299 3164 2380 3214; x_wconf 84' lang='grc' dir='ltr'><strong>ΔΙ.</strong></span> <span class='ocrx_word' id='word_1_302' title='bbox 2415 3161 2668 3239; x_wconf 70' lang='lat' dir='ltr'><strong>afflictus.</strong></span> <span class='ocrx_word' id='word_1_303' title='bbox 2699 3163 2785 3212; x_wconf 79' lang='lat' dir='ltr'><strong>Ar-</strong></span> 
     </span>
     <span class='ocr_line' id='line_1_47' title="bbox 1787 3239 2786 3316; baseline -0.007 -19"><span class='ocrx_word' id='word_1_304' title='bbox 1787 3258 2004 3316; x_wconf 73' lang='lat' dir='ltr'><strong>gutatur</strong></span> <span class='ocrx_word' id='word_1_305' title='bbox 2021 3241 2371 3312; x_wconf 82' lang='lat' dir='ltr'><strong>Oudendorp.</strong></span> <span class='ocrx_word' id='word_1_306' title='bbox 2395 3239 2524 3292; x_wconf 86' lang='lat' dir='ltr'><strong>dum</strong></span> <span class='ocrx_word' id='word_1_307' title='bbox 2543 3239 2786 3292; x_wconf 77' lang='lat' dir='ltr'><strong>excidisse</strong></span> 
     </span>
     <span class='ocr_line' id='line_1_48' title="bbox 1789 3319 2786 3375; baseline -0.008 0"><span class='ocrx_word' id='word_1_308' title='bbox 1789 3323 2010 3375; x_wconf 77' lang='lat' dir='ltr'><strong>verbum</strong></span> <span class='ocrx_word' id='word_1_309' title='bbox 2024 3324 2092 3374; x_wconf 76' lang='lat' dir='ltr'><strong>sit</strong></span> <span class='ocrx_word' id='word_1_310' title='bbox 2102 3320 2184 3373; x_wconf 79' lang='lat' dir='ltr'><strong>vel</strong></span> <span class='ocrx_word' id='word_1_311' title='bbox 2202 3319 2370 3372; x_wconf 85' lang='lat' dir='ltr'><strong>simile</strong></span> <span class='ocrx_word' id='word_1_312' title='bbox 2386 3320 2667 3372; x_wconf 79' lang='lat' dir='ltr'><strong>existimat.</strong></span> <span class='ocrx_word' id='word_1_313' title='bbox 2683 3320 2786 3370; x_wconf 69' lang='lat' dir='ltr'><strong>Cve·</strong></span> 
     </span>
     <span class='ocr_line' id='line_1_49' title="bbox 1788 3397 2790 3471; baseline -0.008 -18"><span class='ocrx_word' id='word_1_314' title='bbox 1788 3403 2000 3453; x_wconf 80' lang='lat' dir='ltr'><strong>debatur</strong></span> <span class='ocrx_word' id='word_1_315' title='bbox 2033 3402 2184 3453; x_wconf 81' lang='lat' dir='ltr'><strong>Titus</strong></span> <span class='ocrx_word' id='word_1_316' title='bbox 2221 3399 2497 3466; x_wconf 86' lang='lat' dir='ltr'><strong>morbum,</strong></span> <span class='ocrx_word' id='word_1_317' title='bbox 2527 3417 2638 3471; x_wconf 90' lang='lat' dir='ltr'><strong>quo</strong></span> <span class='ocrx_word' id='word_1_318' title='bbox 2667 3397 2790 3450; x_wconf 74' lang='lat' dir='ltr'><strong>affli-</strong></span> 
     </span>
     <span class='ocr_line' id='line_1_50' title="bbox 1795 3478 2786 3544; baseline -0.005 -11"><span class='ocrx_word' id='word_1_319' title='bbox 1795 3494 1995 3533; x_wconf 79' lang='lat' dir='ltr'><strong>ctatum</strong></span> <span class='ocrx_word' id='word_1_320' title='bbox 2015 3497 2198 3532; x_wconf 80' lang='lat' dir='ltr'><strong>omnes</strong></span> <span class='ocrx_word' id='word_1_321' title='bbox 2219 3478 2488 3544; x_wconf 81' lang='lat' dir='ltr'><strong>sciebant,</strong></span> <span class='ocrx_word' id='word_1_322' title='bbox 2511 3497 2572 3530; x_wconf 83' lang='lat' dir='ltr'><strong>ex</strong></span> <span class='ocrx_word' id='word_1_323' title='bbox 2595 3494 2786 3531; x_wconf 82' lang='lat' dir='ltr'><strong>veneno</strong></span> 
     </span>
     <span class='ocr_line' id='line_1_51' title="bbox 1795 3561 2134 3612; baseline 0 -2"><span class='ocrx_word' id='word_1_324' title='bbox 1795 3561 2134 3612; x_wconf 82' lang='lat' dir='ltr'><strong>contraxisse.</strong></span> 
     </span>
    </p>
   </div>
   <div class='ocr_carea' id='block_1_10' title="bbox 1795 3646 2792 3952">
    <p class='ocr_par' dir='ltr' id='par_1_12' title="bbox 1795 3646 2792 3952">
     <span class='ocr_line' id='line_1_52' title="bbox 1865 3646 2792 3716; baseline -0.006 -16"><span class='ocrx_word' id='word_1_325' title='bbox 1865 3649 1950 3700; x_wconf 85' lang='lat'>111.</span> <span class='ocrx_word' id='word_1_326' title='bbox 1985 3665 2030 3700; x_wconf 90' lang='lat'><strong>1.</strong></span> <span class='ocrx_word' id='word_1_327' title='bbox 2063 3647 2388 3716; x_wconf 68' lang='lat' dir='ltr'><strong>Praecipuum</strong></span> <span class='ocrx_word' id='word_1_328' title='bbox 2419 3646 2588 3697; x_wconf 76' lang='lat' dir='ltr'><strong>robur.</strong></span> <span class='ocrx_word' id='word_1_329' title='bbox 2615 3647 2792 3696; x_wconf 79' lang='lat' dir='ltr'><strong>Trans-</strong></span> 
     </span>
     <span class='ocr_line' id='line_1_53' title="bbox 1795 3723 2792 3799; baseline -0.006 -19"><span class='ocrx_word' id='word_1_330' title='bbox 1795 3739 2094 3799; x_wconf 80' lang='lat' dir='ltr'><strong>posuerunt</strong></span> <span class='ocrx_word' id='word_1_331' title='bbox 2131 3724 2240 3776; x_wconf 83' lang='lat' dir='ltr'><strong>haec</strong></span> <span class='ocrx_word' id='word_1_332' title='bbox 2280 3723 2468 3775; x_wconf 75' lang='lat' dir='ltr'><strong>vocab.</strong></span> <span class='ocrx_word' id='word_1_333' title='bbox 2504 3723 2712 3776; x_wconf 79' lang='lat' dir='ltr'><strong>Ernest.</strong></span> <span class='ocrx_word' id='word_1_334' title='bbox 2746 3733 2792 3774; x_wconf 75' lang='lat' dir='ltr'><strong>et</strong></span> 
     </span>
     <span class='ocr_line' id='line_1_54' title="bbox 1795 3801 2790 3875; baseline -0.005 -17"><span class='ocrx_word' id='word_1_335' title='bbox 1795 3801 2042 3858; x_wconf 82' lang='lat' dir='ltr'><strong>Oudend.</strong></span> <span class='ocrx_word' id='word_1_336' title='bbox 2071 3817 2196 3875; x_wconf 76' lang='lat' dir='ltr'><strong>post</strong></span> <span class='ocrx_word' id='word_1_337' title='bbox 2214 3803 2550 3874; x_wconf 75' lang='lat' dir='ltr'><strong>projectiore,</strong></span> <span class='ocrx_word' id='word_1_338' title='bbox 2574 3803 2790 3856; x_wconf 87' lang='lat' dir='ltr'><strong>scilicet..</strong></span> 
     </span>
     <span class='ocr_line' id='line_1_55' title="bbox 1798 3881 2790 3952; baseline -0.006 -15"><span class='ocrx_word' id='word_1_339' title='bbox 1798 3899 1860 3937; x_wconf 84' lang='lat' dir='ltr'><strong>ut</strong></span> <span class='ocrx_word' id='word_1_340' title='bbox 1891 3885 2174 3937; x_wconf 84' lang='lat' dir='ltr'><strong>exilitatem</strong></span> <span class='ocrx_word' id='word_1_341' title='bbox 2211 3883 2454 3952; x_wconf 79' lang='lat' dir='ltr'><strong>corporis</strong></span> <span class='ocrx_word' id='word_1_342' title='bbox 2487 3895 2539 3932; x_wconf 84' lang='lat' dir='ltr'><strong>et</strong></span> <span class='ocrx_word' id='word_1_343' title='bbox 2571 3881 2790 3934; x_wconf 85' lang='lat' dir='ltr'><strong>obesita-</strong></span> 
     </span>
    </p>
   </div>
   <div class='ocr_carea' id='block_1_11' title="bbox 1767 3959 2792 4035">
    <p class='ocr_par' dir='ltr' id='par_1_13' title="bbox 1767 3959 2792 4035">
     <span class='ocr_line' id='line_1_56' title="bbox 1767 3959 2792 4035; baseline -0.007 -18"><span class='ocrx_word' id='word_1_344' title='bbox 1767 3959 1775 3967; x_wconf 65' lang='grc'><strong>’</strong></span> <span class='ocrx_word' id='word_1_345' title='bbox 1799 3979 1907 4017; x_wconf 82' lang='lat' dir='ltr'><strong>tem</strong></span> <span class='ocrx_word' id='word_1_346' title='bbox 1927 3983 2104 4035; x_wconf 79' lang='lat' dir='ltr'><strong>neque</strong></span> <span class='ocrx_word' id='word_1_347' title='bbox 2123 3962 2464 4023; x_wconf 80' lang='lat' dir='ltr'><strong>auctoritati,</strong></span> <span class='ocrx_word' id='word_1_348' title='bbox 2489 3978 2668 4031; x_wconf 89' lang='lat' dir='ltr'><strong>neque</strong></span> <span class='ocrx_word' id='word_1_349' title='bbox 2688 3977 2792 4030; x_wconf 72' lang='lat' dir='ltr'><strong>gra·</strong></span> 
     </span>
    </p>
   </div>
   <div class='ocr_carea' id='block_1_12' title="bbox 1799 4041 2792 4276">
    <p class='ocr_par' dir='ltr' id='par_1_14' title="bbox 1799 4041 2792 4276">
     <span class='ocr_line' id='line_1_57' title="bbox 1799 4041 2792 4111; baseline -0.01 -12"><span class='ocrx_word' id='word_1_350' title='bbox 1799 4050 1883 4099; x_wconf 78' lang='lat' dir='ltr'><strong>tiae</strong></span> <span class='ocrx_word' id='word_1_351' title='bbox 1919 4047 2195 4111; x_wconf 79' lang='lat' dir='ltr'><strong>offecisse,</strong></span> <span class='ocrx_word' id='word_1_352' title='bbox 2238 4057 2426 4094; x_wconf 79' lang='lat' dir='ltr'><strong>auctor</strong></span> <span class='ocrx_word' id='word_1_353' title='bbox 2469 4041 2630 4094; x_wconf 85' lang='lat' dir='ltr'><strong>dicat.</strong></span> <span class='ocrx_word' id='word_1_354' title='bbox 2671 4043 2792 4094; x_wconf 82' lang='lat' dir='ltr'><strong>Cum</strong></span> 
     </span>
     <span class='ocr_line' id='line_1_58' title="bbox 1799 4119 2792 4190; baseline -0.006 -14"><span class='ocrx_word' id='word_1_355' title='bbox 1799 4123 1998 4186; x_wconf 81' lang='lat' dir='ltr'><strong>Wolfio</strong></span> <span class='ocrx_word' id='word_1_356' title='bbox 2017 4163 2030 4190; x_wconf 88' lang='lat'><strong>,</strong></span> <span class='ocrx_word' id='word_1_357' title='bbox 2061 4125 2174 4176; x_wconf 86' lang='lat' dir='ltr'><strong>sine</strong></span> <span class='ocrx_word' id='word_1_358' title='bbox 2198 4121 2345 4172; x_wconf 86' lang='lat' dir='ltr'><strong>libris</strong></span> <span class='ocrx_word' id='word_1_359' title='bbox 2369 4119 2474 4172; x_wconf 86' lang='lat' dir='ltr'><strong>hoc</strong></span> <span class='ocrx_word' id='word_1_360' title='bbox 2501 4119 2792 4172; x_wconf 81' lang='lat' dir='ltr'><strong>faciendum</strong></span> 
     </span>
     <span class='ocr_line' id='line_1_59' title="bbox 1799 4201 2791 4276; baseline -0.008 -21"><span class='ocrx_word' id='word_1_361' title='bbox 1799 4223 1961 4276; x_wconf 70' lang='lat' dir='ltr'><strong>nego,</strong></span> <span class='ocrx_word' id='word_1_362' title='bbox 1979 4221 2140 4275; x_wconf 83' lang='lat' dir='ltr'><strong>quum</strong></span> <span class='ocrx_word' id='word_1_363' title='bbox 2155 4201 2474 4274; x_wconf 62' lang='lat' dir='ltr'><strong>praecipuum</strong></span> <span class='ocrx_word' id='word_1_364' title='bbox 2495 4201 2648 4252; x_wconf 76' lang='lat' dir='ltr'><strong>robur</strong></span> <span class='ocrx_word' id='word_1_365' title='bbox 2657 4218 2791 4272; x_wconf 71' lang='lat' dir='ltr'><strong>aeque</strong></span> 
     </span>
    </p>
   </div>
  </div>
 </body>
</html>
