3050 5004
572 534 579 545 ·
663 441 793 507 352
1418 444 1488 507 c.
1539 442 2008 509 sneToNn

658 583 895 636 contra
909 621 926 652 ,
946 570 1065 662 qui
1086 568 1451 661 opinentur
1466 620 1484 650 ‚
1504 564 1593 633 ad
1615 567 1972 636 manubias
1991 584 2060 637 et
2081 571 2361 661 rapinas⁸⁴
2375 573 2769 639 necessitate

658 678 1088 773 compulsum
1109 733 1125 762 ‚
1150 702 1420 747 summa
1441 680 1658 747 aerarii
1681 679 1964 774 fiscique
1987 679 2293 773 inopiaffff:
2321 680 2407 750 de
2431 707 2568 777 qua
2587 686 2767 752 testi-
2802 774 2811 781 ς

660 791 895 858 ficatus
930 794 1016 858 sit
1042 792 1231 857 initio
1258 792 1482 857 statim
1514 792 1963 883 principatus,
1991 792 2370 885 professus,
2409 824 2437 854 κ
2456 794 2770 888 quadrin-

658 904 915 995 genties
954 901 1235 968 millies⁵
1264 925 1439 997 opus
1478 924 1663 983 esse,
1703 917 1780 968 ut
1814 899 2220 994 Respublica
2257 920 2432 971 stare
2462 920 2712 997 posset.
2733 934 2760 965 n

658 1012 858 1102 Quod
880 1028 948 1079 et
968 1012 1391 1080 verisimilius
1407 1011 1700 1095 videtur,
1717 1011 1992 1107 quando
2011 1029 2080 1081 et
2099 1014 2273 1082 male
2293 1018 2502 1108 partis
2521 1018 2769 1109 optime

661 1149 827 1193 usus
856 1142 979 1193 est.

752 1240 961 1302 XVII.
1018 1240 1095 1301 In
1115 1257 1317 1302 omne
1337 1234 1694 1301 hominum
1717 1256 1931 1325 genus
1951 1232 2462 1303 liberalissimus
2485 1252 2530 1319 ¹,
2551 1235 2772 1328 exple-

661 1350 755 1415 vit
778 1368 1057 1429 censum
1088 1350 1486 1415 Senatorum
1504 1354 1528 1383 ²
1557 1372 1572 1413 :
1607 1346 1994 1415 consulares
2025 1347 2263 1441 inopes
2287 1348 2645 1443 quingenis
2670 1371 2771 1416 se-

660 1460 906 1527 stertiis
948 1458 1191 1525 annuis
1232 1458 1634 1524 sustentavit
1675 1482 1690 1523 :
1735 1454 2066 1549 plurimas
2115 1480 2236 1549 per
2275 1472 2494 1525 totum
2537 1455 2770 1525 orbem

659 1572 961 1639 civitates
980 1618 999 1650 ‚
1038 1583 1239 1634 terrae
1278 1581 1470 1634 motu
1510 1580 1632 1633 aut
1665 1563 1982 1633 incendio
2019 1563 2302 1633 afflictas
2321 1618 2340 1649 ,
2377 1568 2668 1634 restituit
2701 1568 2770 1633 in

660 1680 921 1751 meliuS.

752 1797 999 1861 XVIII.
1054 1794 1333 1883 Ingenia
1368 1806 1438 1858 et
1470 1808 1650 1859 artes
1691 1790 1800 1857 vel
1843 1793 2136 1858 maxime
2172 1791 2339 1858 fovit
2381 1818 2396 1857 :
2441 1792 2702 1884 primus
2735 1814 2773 1859 e

661 1902 825 1971 fisco
850 1904 1107 1969 Latinis
1134 1903 1522 1995 Graecisque
1551 1900 1931 1969 rhetoribus
1960 1925 2190 1971 annua
2216 1919 2502 1970 centena
2527 1902 2772 1969 consti-

662 2016 821 2081 tuit:
854 2028 1252 2105 praestantes
1282 2028 1550 2103 poetae,
1581 2035 1708 2080 nec
1737 2035 1875 2080 non
1908 2028 1977 2079 et
2000 2010 2323 2093 artifices,
2356 2016 2511 2079 Coae
2539 2016 2775 2079 ¹Vene-

732 2238 783 2303 4.
813 2237 1032 2289 Summa
1050 2232 1454 2310 oerariiflsce‘que
1472 2236 1670 2308 inopia.
1837 2255 1886 2288 α.
1933 2235 2182 2309 Explem't
2205 2252 2416 2287 censum
2447 2232 2770 2286 senatum.

663 2314 795 2366 Vide
818 2313 1017 2386 xiphil.
1043 2314 1241 2379 LXVI,
1264 2331 1343 2365 ιο.
1371 2314 1553 2367 Aurei.
1578 2315 1673 2366 vi-
1761 2318 1839 2369 Ita
1869 2314 2128 2369 edidimus
2154 2333 2276 2366 cum
2299 2311 2650 2382 Oudendorp.
2673 2328 2772 2384 pro

662 2406 798 2461 ctor,
820 2395 962 2466 Epit.
985 2413 1048 2464 9,
1074 2407 1123 2445 et
1147 2395 1273 2445 Caes.
1294 2413 1355 2464 9,
1383 2416 1405 2439 a
1426 2387 1671 2447 Iulii-mus
1761 2396 2110 2448 Senatorium.
2132 2396 2213 2447 De
2235 2412 2292 2447 re
2317 2392 2434 2446 vide
2460 2391 2528 2445 ad
2549 2392 2769 2463 August.

598 2539 605 2545 .
661 2488 836 2527 tamen
855 2513 871 2541 ,
904 2475 983 2525 uti
1013 2472 1229 2546 quidam
1254 2490 1417 2545 prave
1450 2482 1675 2544 putant,
1767 2492 1885 2548 cap.
1912 2474 1999 2542 41.

662 2551 913 2606 adversus
922 2553 1401 2623 pecuniam,quum
1414 2552 1540 2604 satis
1552 2569 1676 2602 con·
1837 2555 2019 2607 XVIII.
2050 2571 2094 2606 1.
2119 2556 2234 2608 Cooe
2255 2553 2311 2610 V
2304 2553 2482 2606 enen-ts.
2497 2551 2657 2624 Vulg.
2684 2563 2775 2604 aet

644 2645 794 2698 stet,
818 2631 986 2684 aerarii
1008 2632 1190 2702 inopia
1216 2644 1265 2682 et
1288 2627 1437 2682 clade
1460 2629 1672 2681 urbium

664 2731 829 2766 novas
845 2731 966 2763 eum
982 2730 1154 2782 neque
1171 2725 1356 2781 postea
1375 2710 1582 2763 habitas
1592 2729 1676 2764 ve-

663 2790 935 2862 ctigalium
956 2793 1242 2860 pensiones
1268 2791 1626 2860 exquisivisse.
1645 2813 1667 2836 ι

738 2871 787 2922 5.
839 2870 1268 2941 Quadringenti&
1312 2867 1532 2935 millies,
1573 2881 1676 2920 etc.

664 2949 949 3002 Corn-exere
990 2949 1295 3022 quadrayies
1308 2984 1325 3013 ,
1368 2946 1578 3000 divitias
1625 2958 1680 2999 et

664 3030 929 3099 impensas
970 3027 1333 3077 Romanorum
1378 3045 1440 3076 ex
1482 3027 1679 3080 nostris

666 3105 998 3178 temporibus
1032 3107 1287 3157 mstimare
1326 3105 1485 3157 soliti.
1522 3106 1678 3159 Certe

666 3209 773 3242 non
796 3189 939 3240 favet
962 3188 1111 3240 locus
1128 3187 1296 3238 Tacit.
1320 3185 1452 3238 Hist.
1474 3187 1564 3252 IV,
1588 3187 1676 3258 47,

672 3293 693 3318 ιι
715 3270 958 3321 Ceterum
983 3285 1177 3318 verane
1202 3267 1483 3338 pauperie,
1508 3283 1576 3317 an
1601 3269 1677 3319 uti

665 3345 950 3414 videretur,
972 3359 1149 3398 actum
1168 3345 1223 3396 in
1243 3345 1470 3408 Senatu,
1492 3357 1552 3397 ut
1567 3363 1679 3399 sex-

666 3429 855 3482 centies
889 3430 1191 3482 Sestertium
1230 3445 1261 3478 a
1300 3427 1518 3498 privatis
1559 3445 1678 3479 mu-

664 3521 815 3560 tuum
839 3507 1184 3579 acciperetur.
1207 3528 1230 3554 n

738 3589 897 3640 XVII.
920 3603 941 3637 1
953 3627 964 3638 .
987 3587 1051 3637 1η
1066 3603 1220 3636 omne
1231 3583 1503 3637 hominum
1512 3603 1680 3658 genus

668 3665 1064 3721 liberalissimus.
1108 3665 1263 3718 Haud
1304 3665 1507 3737 placuit
1554 3684 1678 3718 cum

666 3747 887 3801 Salmas.
904 3747 1125 3818 aliisque
1140 3745 1254 3797 haec
1264 3745 1427 3799 verba
1442 3764 1503 3798 su
1509 3747 1678 3817 perio-

667 3831 712 3880 ri
736 3846 855 3900 cap.
884 3839 1195 3892 annectere,
1220 3845 1523 3898 novumque
1545 3826 1679 3877 inci-

667 3925 796 3978 pere
819 3905 887 3958 ab
908 3905 1183 3977 Explevit,
1207 3917 1308 3956 etc.
1336 3923 1497 3976 quum
1523 3922 1679 3956 omne

662 4005 828 4058 genus
856 3985 1125 4037 hominum
1152 3984 1387 4054 proxime
1416 4001 1678 4036 memore-

667 4075 776 4126 tur,
796 4065 1069 4134 morisque
1090 4061 1157 4113 sit
1174 4061 1370 4112 Nostro
1383 4097 1400 4125 ,
1420 4060 1677 4112 universae

666 4143 933 4195 sententiae
943 4139 1145 4212 singula
1158 4137 1391 4210 exempla
1406 4135 1674 4210 subjicere.

1765 2635 1988 2687 artifices
2016 2636 2232 2701 coemit,
2267 2635 2416 2700 item,
2449 2644 2550 2685 etc.
2573 2655 2595 2678 ι
2634 2632 2774 2702 Lips.

1763 2713 2082 2784 conjiciebat
2121 2738 2143 2762 ιι
2164 2713 2388 2766 artifices
2423 2728 2614 2778 scente,
2636 2733 2659 2759 a·
2691 2709 2773 2762 vel

1770 2816 1794 2840 ι
1813 2793 2038 2845 artifices
2077 2794 2312 2846 comicos.
2333 2816 2357 2840 n
2399 2793 2574 2860 Quam
2611 2789 2778 2843 edidi-

1765 2889 1912 2937 mus,
1938 2870 2172 2924 Graevius
2201 2871 2421 2944 protulit
2449 2868 2776 2923 emendatio·

1766 2969 1887 3002 nem
1939 2969 1969 3002 e
2023 2965 2276 3022 corrupto
2326 2948 2589 3003 vocabulo
2641 2945 2773 2999 cod.

1766 3029 1982 3082 Memm.
2007 3031 2324 3096 coeueneris,
2346 3029 2426 3082 vel
2455 3027 2776 3090 evenenerit,

1767 3129 1936 3184 eaque
1951 3111 2358 3163 commendatur
2374 3127 2535 3181 quum
2555 3109 2688 3159 mira
2703 3107 2778 3157 in·

1766 3191 2004 3241 ventoris
2021 3191 2328 3260 sagacitate,
2338 3202 2449 3240 tum
2465 3187 2586 3240 loco
2603 3186 2775 3251 Plinii,

1763 3269 1832 3319 H.
1859 3269 1927 3320 N.
1959 3267 2210 3333 XXXVI,
2242 3267 2274 3319 5
2301 3267 2509 3338 (Franz.
2538 3265 2600 3332 4,
2631 3265 2656 3340 ξ
2689 3264 2774 3335 8),

1772 3369 1795 3392 α
1815 3349 2094 3418 ignoratur
2111 3347 2295 3399 artifex
2314 3349 2358 3418 ej
2368 3365 2427 3400 us
2448 3363 2665 3418 quoque
2685 3347 2778 3395 Ve-

1767 3425 1929 3488 neris,
1945 3443 2104 3497 quam
2114 3425 2778 3498 Vespasianuslmperator

1764 3505 1819 3554 in
1846 3505 2097 3576 operibus
2124 3507 2272 3558 Pacis
2295 3523 2402 3558 suae
2430 3502 2660 3570 dicavit,
2685 3520 2780 3554 au·

1764 3585 2036 3654 tiquorum
2073 3583 2289 3656 dignam
2323 3585 2486 3637 fama.
2507 3608 2531 3633 ιι
2578 3581 2779 3655 Apellis

1767 3665 1908 3714 enim
1927 3663 2186 3716 Venerem
2209 3665 2374 3716 Coam
2390 3702 2407 3731 ,
2425 3663 2494 3716 de
2511 3680 2620 3734 qun
2647 3660 2774 3713 plin.

1765 3741 1982 3810 XXXV,
2011 3758 2076 3794 ιο
2099 3743 2195 3814 (9,
2219 3741 2246 3816 §
2280 3742 2398 3816 15),
2422 3743 2646 3813 intelligi
2671 3758 2778 3794 non

1766 3839 1949 3893 posse,
1979 3825 2104 3876 satis
2126 3823 2359 3876 ostendit
2383 3821 2634 3876 Oudend.
2665 3822 2780 3874 Sta-

1769 3915 1858 3954 tua
1874 3904 2031 3973 igitur
2055 3903 2154 3955 fuit
2184 3903 2432 3968 Veneris,
2453 3903 2634 3973 itaque
2647 3902 2780 3972 jun·-

1767 3979 1937 4051 genda
1969 3983 2086 4034 Cooe
2119 3981 2407 4036 Veneria...
2443 3980 2775 4052 refectorem,

1767 4061 1914 4134 quod
1937 4073 2086 4133 patet
2110 4063 2268 4114 etiam
2300 4081 2363 4114 ex
2389 4062 2586 4112 inserta
2613 4059 2779 4130 parti—

1767 4141 1884 4193 cula
1912 4142 2050 4194 item.
2077 4137 2334 4194 Eumdem
2357 4154 2532 4193 autem
2557 4141 2778 4190 Veneris
