<?xml version="1.0" encoding="UTF-8"?>
<!DOCTYPE html PUBLIC "-//W3C//DTD XHTML 1.0 Transitional//EN"
    "http://www.w3.org/TR/xhtml1/DTD/xhtml1-transitional.dtd">
<html xmlns="http://www.w3.org/1999/xhtml" xml:lang="en" lang="en">
 <head>
  <title>
</title>
<meta http-equiv="Content-Type" content="text/html;charset=utf-8" />
  <meta name='ocr-system' content='tesseract 3.04.00' />
  <meta name='ocr-capabilities' content='ocr_page ocr_carea ocr_par ocr_line ocrx_word'/>
</head>
<body>
  <div class='ocr_page' id='page_1' title='image "./csuetoniitranqu09suetgoog_0128.png"; bbox 0 0 3050 5004; ppageno 0'>
   <div class='ocr_carea' id='block_1_1' title="bbox 1063 454 2355 523">
    <p class='ocr_par' dir='ltr' id='par_1_1' title="bbox 1063 454 2355 523">
     <span class='ocr_line' id='line_1_1' title="bbox 1063 454 2355 523; baseline 0.002 -4"><span class='ocrx_word' id='word_1_1' title='bbox 1063 454 1567 523; x_wconf 86' lang='lat' dir='ltr'><strong>CLAUDIUS.</strong></span> <span class='ocrx_word' id='word_1_2' title='bbox 2238 480 2355 523; x_wconf 77' lang='grc' dir='ltr'><strong>ιιι</strong></span> 
     </span>
    </p>
   </div>
   <div class='ocr_carea' id='block_1_2' title="bbox 250 579 2373 1341">
    <p class='ocr_par' dir='ltr' id='par_1_2' title="bbox 250 579 2373 1341">
     <span class='ocr_line' id='line_1_2' title="bbox 251 579 2367 680; baseline -0 -25"><span class='ocrx_word' id='word_1_3' title='bbox 251 587 530 680; x_wconf 86' lang='lat' dir='ltr'><strong>propria</strong></span> <span class='ocrx_word' id='word_1_4' title='bbox 565 579 1007 653; x_wconf 73' lang='lat' dir='ltr'><strong>Senator-ibus</strong></span> <span class='ocrx_word' id='word_1_5' title='bbox 1043 585 1392 650; x_wconf 84' lang='lat' dir='ltr'><strong>constituit</strong></span> <span class='ocrx_word' id='word_1_6' title='bbox 1423 582 1607 659; x_wconf 74' lang='lat' dir='ltr'><strong>loca,</strong></span> <span class='ocrx_word' id='word_1_7' title='bbox 1643 586 2025 676; x_wconf 86' lang='lat' dir='ltr'><strong>promiscue</strong></span> <span class='ocrx_word' id='word_1_8' title='bbox 2061 600 2367 677; x_wconf 84' lang='lat' dir='ltr'><strong>spectare</strong></span> 
     </span>
     <span class='ocr_line' id='line_1_3' title="bbox 251 690 2369 787; baseline -0.001 -24"><span class='ocrx_word' id='word_1_9' title='bbox 251 694 526 763; x_wconf 77' lang='lat' dir='ltr'><strong>solitis7.</strong></span> <span class='ocrx_word' id='word_1_10' title='bbox 561 702 670 761; x_wconf 69' lang='lat' dir='ltr'><strong>Ac</strong></span> <span class='ocrx_word' id='word_1_11' title='bbox 703 716 914 784; x_wconf 85' lang='lat' dir='ltr'><strong>super</strong></span> <span class='ocrx_word' id='word_1_12' title='bbox 947 690 1434 786; x_wconf 78' lang='lat' dir='ltr'><strong>quadrigarum</strong></span> <span class='ocrx_word' id='word_1_13' title='bbox 1469 695 1841 759; x_wconf 84' lang='lat' dir='ltr'><strong>certamina</strong></span> <span class='ocrx_word' id='word_1_14' title='bbox 1877 690 2102 787; x_wconf 81' lang='lat' dir='ltr'><strong>Trojae</strong></span> <span class='ocrx_word' id='word_1_15' title='bbox 2138 692 2369 761; x_wconf 91' lang='lat' dir='ltr'><strong>lusum</strong></span> 
     </span>
     <span class='ocr_line' id='line_1_4' title="bbox 251 801 2369 899; baseline -0.001 -24"><span class='ocrx_word' id='word_1_16' title='bbox 251 805 564 875; x_wconf 83' lang='lat' dir='ltr'><strong>exhibuit</strong></span> <span class='ocrx_word' id='word_1_17' title='bbox 581 858 600 889; x_wconf 90' lang='lat'><strong>,</strong></span> <span class='ocrx_word' id='word_1_18' title='bbox 631 819 704 871; x_wconf 89' lang='lat' dir='ltr'><strong>et</strong></span> <span class='ocrx_word' id='word_1_19' title='bbox 735 801 1149 887; x_wconf 71' lang='lat' dir='ltr'><strong>Affioenas8,</strong></span> <span class='ocrx_word' id='word_1_20' title='bbox 1183 801 1581 871; x_wconf 88' lang='lat' dir='ltr'><strong>conficiente</strong></span> <span class='ocrx_word' id='word_1_21' title='bbox 1612 819 1838 872; x_wconf 86' lang='lat' dir='ltr'><strong>turma</strong></span> <span class='ocrx_word' id='word_1_22' title='bbox 1864 806 2167 899; x_wconf 89' lang='lat' dir='ltr'><strong>equitum</strong></span> <span class='ocrx_word' id='word_1_23' title='bbox 2194 830 2369 899; x_wconf 87' lang='lat' dir='ltr'><strong>prae-</strong></span> 
     </span>
     <span class='ocr_line' id='line_1_5' title="bbox 251 912 2369 1009; baseline 0 -26"><span class='ocrx_word' id='word_1_24' title='bbox 251 919 682 983; x_wconf 84' lang='lat' dir='ltr'><strong>torianorum</strong></span> <span class='ocrx_word' id='word_1_25' title='bbox 697 966 716 997; x_wconf 91' lang='lat'>‚</span> <span class='ocrx_word' id='word_1_26' title='bbox 749 912 1038 983; x_wconf 86' lang='lat' dir='ltr'><strong>ducibus</strong></span> <span class='ocrx_word' id='word_1_27' title='bbox 1079 912 1402 981; x_wconf 80' lang='lat' dir='ltr'>Tribunis</span> <span class='ocrx_word' id='word_1_28' title='bbox 1417 966 1435 995; x_wconf 91' lang='lat'>‚</span> <span class='ocrx_word' id='word_1_29' title='bbox 1473 916 1759 1009; x_wconf 87' lang='lat' dir='ltr'><strong>ipsoque</strong></span> <span class='ocrx_word' id='word_1_30' title='bbox 1794 914 2156 981; x_wconf 86' lang='lat' dir='ltr'><strong>Praefecto:</strong></span> <span class='ocrx_word' id='word_1_31' title='bbox 2195 940 2369 1008; x_wconf 84' lang='lat' dir='ltr'><strong>prae-</strong></span> 
     </span>
     <span class='ocr_line' id='line_1_6' title="bbox 251 1022 2373 1119; baseline 0.001 -26"><span class='ocrx_word' id='word_1_32' title='bbox 251 1042 436 1093; x_wconf 87' lang='lat' dir='ltr'><strong>terea</strong></span> <span class='ocrx_word' id='word_1_33' title='bbox 457 1022 832 1095; x_wconf 86' lang='lat' dir='ltr'><strong>Thessalos</strong></span> <span class='ocrx_word' id='word_1_34' title='bbox 855 1025 1154 1118; x_wconf 82' lang='lat' dir='ltr'><strong>equites⁹</strong></span> <span class='ocrx_word' id='word_1_35' title='bbox 1168 1075 1187 1106; x_wconf 91' lang='lat'>‚</span> <span class='ocrx_word' id='word_1_36' title='bbox 1221 1026 1340 1119; x_wconf 90' lang='lat' dir='ltr'><strong>qui</strong></span> <span class='ocrx_word' id='word_1_37' title='bbox 1361 1023 1542 1092; x_wconf 86' lang='lat' dir='ltr'><strong>feros</strong></span> <span class='ocrx_word' id='word_1_38' title='bbox 1568 1030 1797 1093; x_wconf 82' lang='lat' dir='ltr'><strong>tauros</strong></span> <span class='ocrx_word' id='word_1_39' title='bbox 1818 1048 1943 1118; x_wconf 88' lang='lat' dir='ltr'><strong>per</strong></span> <span class='ocrx_word' id='word_1_40' title='bbox 1966 1028 2180 1118; x_wconf 86' lang='lat' dir='ltr'><strong>spatia</strong></span> <span class='ocrx_word' id='word_1_41' title='bbox 2196 1029 2373 1095; x_wconf 85' lang='lat' dir='ltr'><strong>Circi</strong></span> 
     </span>
     <span class='ocr_line' id='line_1_7' title="bbox 250 1134 2371 1231; baseline 0.001 -26"><span class='ocrx_word' id='word_1_42' title='bbox 250 1154 468 1231; x_wconf 78' lang='lat' dir='ltr'><strong>agunt</strong></span> <span class='ocrx_word' id='word_1_43' title='bbox 481 1190 500 1221; x_wconf 91' lang='lat'>‚</span> <span class='ocrx_word' id='word_1_44' title='bbox 539 1136 984 1231; x_wconf 85' lang='lat' dir='ltr'><strong>insiliuntque</strong></span> <span class='ocrx_word' id='word_1_45' title='bbox 1011 1136 1314 1204; x_wconf 87' lang='lat' dir='ltr'><strong>defessos</strong></span> <span class='ocrx_word' id='word_1_46' title='bbox 1331 1188 1352 1220; x_wconf 89' lang='lat'><strong>,</strong></span> <span class='ocrx_word' id='word_1_47' title='bbox 1391 1154 1459 1203; x_wconf 91' lang='lat' dir='ltr'><strong>et</strong></span> <span class='ocrx_word' id='word_1_48' title='bbox 1493 1134 1583 1205; x_wconf 86' lang='lat' dir='ltr'><strong>ad</strong></span> <span class='ocrx_word' id='word_1_49' title='bbox 1618 1152 1869 1205; x_wconf 86' lang='lat' dir='ltr'><strong>terram</strong></span> <span class='ocrx_word' id='word_1_50' title='bbox 1904 1138 2223 1207; x_wconf 87' lang='lat' dir='ltr'><strong>cornibus</strong></span> <span class='ocrx_word' id='word_1_51' title='bbox 2259 1138 2371 1207; x_wconf 88' lang='lat' dir='ltr'><strong>de-</strong></span> 
     </span>
     <span class='ocr_line' id='line_1_8' title="bbox 253 1245 2371 1341; baseline -0 -24"><span class='ocrx_word' id='word_1_52' title='bbox 253 1248 562 1317; x_wconf 88' lang='lat' dir='ltr'><strong>trahunt.</strong></span> <span class='ocrx_word' id='word_1_53' title='bbox 607 1246 1020 1316; x_wconf 80' lang='lat' dir='ltr'><strong>Gladiatoria</strong></span> <span class='ocrx_word' id='word_1_54' title='bbox 1059 1268 1348 1315; x_wconf 85' lang='lat' dir='ltr'><strong>munera</strong></span> <span class='ocrx_word' id='word_1_55' title='bbox 1387 1245 1815 1340; x_wconf 81' lang='lat' dir='ltr'><strong>plurifariam</strong></span> <span class='ocrx_word' id='word_1_56' title='bbox 1855 1270 1936 1315; x_wconf 90' lang='lat' dir='ltr'><strong>ac</strong></span> <span class='ocrx_word' id='word_1_57' title='bbox 1973 1246 2371 1341; x_wconf 89' lang='lat' dir='ltr'><strong>multiplicia</strong></span> 
     </span>
    </p>
   </div>
   <div class='ocr_carea' id='block_1_3' title="bbox 254 1360 2499 1452">
    <p class='ocr_par' dir='ltr' id='par_1_3' title="bbox 254 1360 2499 1452">
     <span class='ocr_line' id='line_1_9' title="bbox 254 1360 2499 1452; baseline -0.001 -23"><span class='ocrx_word' id='word_1_58' title='bbox 254 1360 565 1429; x_wconf 84' lang='lat' dir='ltr'><strong>exhibuit</strong></span> <span class='ocrx_word' id='word_1_59' title='bbox 584 1370 666 1442; x_wconf 79' lang='lat'><strong>¹⁶3</strong></span> <span class='ocrx_word' id='word_1_60' title='bbox 703 1360 1244 1427; x_wconf 86' lang='lat' dir='ltr'><strong>anniversarium</strong></span> <span class='ocrx_word' id='word_1_61' title='bbox 1284 1362 1358 1425; x_wconf 89' lang='lat' dir='ltr'><strong>in</strong></span> <span class='ocrx_word' id='word_1_62' title='bbox 1397 1362 1634 1427; x_wconf 82' lang='lat' dir='ltr'><strong>castris</strong></span> <span class='ocrx_word' id='word_1_63' title='bbox 1668 1360 2147 1452; x_wconf 79' lang='lat' dir='ltr'><strong>praetoriani5¹¹</strong></span> <span class='ocrx_word' id='word_1_64' title='bbox 2168 1412 2187 1440; x_wconf 88' lang='lat'>‚</span> <span class='ocrx_word' id='word_1_65' title='bbox 2226 1364 2371 1429; x_wconf 87' lang='lat' dir='ltr'><strong>sine</strong></span> <span class='ocrx_word' id='word_1_66' title='bbox 2480 1420 2499 1448; x_wconf 61' lang='grc'><strong>,</strong></span> 
     </span>
    </p>
   </div>
   <div class='ocr_carea' id='block_1_4' title="bbox 253 1462 2368 1676">
    <p class='ocr_par' dir='ltr' id='par_1_4' title="bbox 253 1462 2368 1676">
     <span class='ocr_line' id='line_1_10' title="bbox 255 1462 2368 1563; baseline 0 -24"><span class='ocrx_word' id='word_1_67' title='bbox 255 1474 616 1539; x_wconf 85' lang='lat' dir='ltr'><strong>venatione</strong></span> <span class='ocrx_word' id='word_1_68' title='bbox 627 1485 1097 1563; x_wconf 86' lang='lat' dir='ltr'><strong>apparatuque</strong></span> <span class='ocrx_word' id='word_1_69' title='bbox 1109 1496 1130 1553; x_wconf 79' lang='lat'>3</span> <span class='ocrx_word' id='word_1_70' title='bbox 1140 1462 1167 1560; x_wconf 88' lang='lat' dir='ltr'><strong>j</strong></span> <span class='ocrx_word' id='word_1_71' title='bbox 1175 1483 1408 1536; x_wconf 90' lang='lat' dir='ltr'><strong>ustum</strong></span> <span class='ocrx_word' id='word_1_72' title='bbox 1420 1485 1625 1563; x_wconf 90' lang='lat' dir='ltr'><strong>atque</strong></span> <span class='ocrx_word' id='word_1_73' title='bbox 1640 1468 2017 1561; x_wconf 80' lang='lat' dir='ltr'><strong>legitimum</strong></span> <span class='ocrx_word' id='word_1_74' title='bbox 2030 1472 2104 1536; x_wconf 89' lang='lat' dir='ltr'><strong>in</strong></span> <span class='ocrx_word' id='word_1_75' title='bbox 2118 1474 2333 1563; x_wconf 88' lang='lat' dir='ltr'><strong>Septis</strong></span> <span class='ocrx_word' id='word_1_76' title='bbox 2347 1498 2368 1555; x_wconf 88' lang='grc'><strong>;</strong></span> 
     </span>
     <span class='ocr_line' id='line_1_11' title="bbox 253 1579 2368 1676; baseline -0.001 -26"><span class='ocrx_word' id='word_1_77' title='bbox 253 1580 512 1651; x_wconf 85' lang='lat' dir='ltr'><strong>ibidem</strong></span> <span class='ocrx_word' id='word_1_78' title='bbox 539 1579 1148 1649; x_wconf 84' lang='lat' dir='ltr'><strong>extraordinarium</strong></span> <span class='ocrx_word' id='word_1_79' title='bbox 1171 1596 1239 1647; x_wconf 91' lang='lat' dir='ltr'><strong>et</strong></span> <span class='ocrx_word' id='word_1_80' title='bbox 1263 1579 1472 1648; x_wconf 91' lang='lat' dir='ltr'><strong>breve</strong></span> <span class='ocrx_word' id='word_1_81' title='bbox 1491 1632 1508 1663; x_wconf 91' lang='lat'><strong>,</strong></span> <span class='ocrx_word' id='word_1_82' title='bbox 1534 1579 1937 1676; x_wconf 89' lang='lat' dir='ltr'><strong>dierumque</strong></span> <span class='ocrx_word' id='word_1_83' title='bbox 1962 1605 2368 1674; x_wconf 87' lang='lat' dir='ltr'><strong>paucorum,</strong></span> 
     </span>
    </p>
   </div>
   <div class='ocr_carea' id='block_1_5' title="bbox 254 1690 2372 1790">
    <p class='ocr_par' dir='ltr' id='par_1_5' title="bbox 254 1690 2372 1790">
     <span class='ocr_line' id='line_1_12' title="bbox 254 1690 2372 1790; baseline -0.001 -27"><span class='ocrx_word' id='word_1_84' title='bbox 254 1693 584 1790; x_wconf 90' lang='lat' dir='ltr'><strong>quodque</strong></span> <span class='ocrx_word' id='word_1_85' title='bbox 601 1691 946 1786; x_wconf 85' lang='lat' dir='ltr'><strong>appellare</strong></span> <span class='ocrx_word' id='word_1_86' title='bbox 965 1693 1172 1785; x_wconf 86' lang='lat' dir='ltr'><strong>coepit</strong></span> <span class='ocrx_word' id='word_1_87' title='bbox 1184 1700 1232 1729; x_wconf 82' lang='lat'><strong>¹²</strong></span> <span class='ocrx_word' id='word_1_88' title='bbox 1255 1690 1621 1787; x_wconf 77' lang='lat' dir='ltr'><strong>Sportulam</strong></span> <span class='ocrx_word' id='word_1_89' title='bbox 1634 1744 1655 1775; x_wconf 92' lang='lat'><strong>,</strong></span> <span class='ocrx_word' id='word_1_90' title='bbox 1676 1696 1837 1787; x_wconf 85' lang='lat' dir='ltr'><strong>quia</strong></span> <span class='ocrx_word' id='word_1_91' title='bbox 1861 1696 2159 1785; x_wconf 91' lang='lat' dir='ltr'><strong>primum</strong></span> <span class='ocrx_word' id='word_1_92' title='bbox 2174 1692 2372 1761; x_wconf 84' lang='lat' dir='ltr'><strong>datu-</strong></span> 
     </span>
    </p>
   </div>
   <div class='ocr_carea' id='block_1_6' title="bbox 253 1916 2371 2083">
    <p class='ocr_par' dir='ltr' id='par_1_6' title="bbox 253 1916 2371 2083">
     <span class='ocr_line' id='line_1_13' title="bbox 317 1916 2371 2005; baseline 0 -19"><span class='ocrx_word' id='word_1_93' title='bbox 317 1948 381 2003; x_wconf 71' lang='lat' dir='ltr'><strong>J.</strong></span> <span class='ocrx_word' id='word_1_94' title='bbox 419 1931 668 2005; x_wconf 54' lang='lat' dir='ltr'><strong>Propria.</strong></span> <span class='ocrx_word' id='word_1_95' title='bbox 689 1970 702 1985; x_wconf 88' lang='lat'><strong>.</strong></span> <span class='ocrx_word' id='word_1_96' title='bbox 723 1972 736 1985; x_wconf 93' lang='lat'><strong>.</strong></span> <span class='ocrx_word' id='word_1_97' title='bbox 755 1970 802 1985; x_wconf 87' lang='grc'><strong>..</strong></span> <span class='ocrx_word' id='word_1_98' title='bbox 829 1932 1092 1987; x_wconf 68' lang='lat' dir='ltr'><strong>constiutit</strong></span> <span class='ocrx_word' id='word_1_99' title='bbox 1118 1931 1236 1987; x_wconf 84' lang='lat' dir='ltr'><strong>loca</strong></span> <span class='ocrx_word' id='word_1_100' title='bbox 1249 1970 1268 1999; x_wconf 97' lang='lat'><strong>,</strong></span> <span class='ocrx_word' id='word_1_101' title='bbox 1343 1934 1486 1995; x_wconf 59' lang='lat' dir='ltr'><strong>xtet-is</strong></span> <span class='ocrx_word' id='word_1_102' title='bbox 1519 1942 1723 1985; x_wconf 80' lang='lat' dir='ltr'><strong>secreta</strong></span> <span class='ocrx_word' id='word_1_103' title='bbox 1744 1928 2083 1985; x_wconf 71' lang='lat' dir='ltr'><strong>Circensibus</strong></span> <span class='ocrx_word' id='word_1_104' title='bbox 2114 1932 2310 1987; x_wconf 66' lang='lat' dir='ltr'><strong>tributa</strong></span> <span class='ocrx_word' id='word_1_105' title='bbox 2339 1916 2371 1987; x_wconf 70' lang='lat' dir='ltr'><strong>a</strong></span> 
     </span>
     <span class='ocr_line' id='line_1_14' title="bbox 253 2010 2371 2083; baseline 0.001 -18"><span class='ocrx_word' id='word_1_106' title='bbox 253 2013 547 2083; x_wconf 78' lang='lat' dir='ltr'><strong>pmmt&#39;setoe</strong></span> <span class='ocrx_word' id='word_1_107' title='bbox 562 2022 791 2083; x_wconf 78' lang='lat' dir='ltr'><strong>spectare</strong></span> <span class='ocrx_word' id='word_1_108' title='bbox 805 2010 984 2065; x_wconf 77' lang='lat' dir='ltr'><strong>solitis.</strong></span> <span class='ocrx_word' id='word_1_109' title='bbox 1007 2010 1068 2063; x_wconf 87' lang='lat' dir='ltr'><strong>ld</strong></span> <span class='ocrx_word' id='word_1_110' title='bbox 1087 2025 1272 2063; x_wconf 85' lang='lat' dir='ltr'><strong>tenen·</strong></span> <span class='ocrx_word' id='word_1_111' title='bbox 1358 2012 1574 2065; x_wconf 78' lang='lat' dir='ltr'><strong>Nerone</strong></span> <span class='ocrx_word' id='word_1_112' title='bbox 1597 2011 1754 2083; x_wconf 82' lang='lat' dir='ltr'><strong>(Ner.</strong></span> <span class='ocrx_word' id='word_1_113' title='bbox 1779 2029 1898 2081; x_wconf 81' lang='lat' dir='ltr'><strong>cap.</strong></span> <span class='ocrx_word' id='word_1_114' title='bbox 1932 2028 1951 2063; x_wconf 85' lang='lat'>1</span> <span class='ocrx_word' id='word_1_115' title='bbox 1968 2010 2036 2083; x_wconf 83' lang='grc' dir='ltr'><strong>ι).</strong></span> <span class='ocrx_word' id='word_1_116' title='bbox 2058 2013 2371 2067; x_wconf 79' lang='lat' dir='ltr'><strong>Accuratins</strong></span> 
     </span>
    </p>
   </div>
   <div class='ocr_carea' id='block_1_7' title="bbox 246 2086 1280 4232">
    <p class='ocr_par' dir='ltr' id='par_1_7' title="bbox 246 2086 1280 4232">
     <span class='ocr_line' id='line_1_15' title="bbox 257 2086 1270 2162; baseline -0.001 -21"><span class='ocrx_word' id='word_1_117' title='bbox 257 2089 420 2159; x_wconf 83' lang='lat' dir='ltr'><strong>dnm,</strong></span> <span class='ocrx_word' id='word_1_118' title='bbox 459 2088 528 2141; x_wconf 86' lang='lat' dir='ltr'><strong>de</strong></span> <span class='ocrx_word' id='word_1_119' title='bbox 559 2090 716 2142; x_wconf 82' lang='lat' dir='ltr'><strong>Circo</strong></span> <span class='ocrx_word' id='word_1_120' title='bbox 745 2086 798 2141; x_wconf 87' lang='lat' dir='ltr'><strong>h.</strong></span> <span class='ocrx_word' id='word_1_121' title='bbox 829 2088 865 2139; x_wconf 93' lang='lat' dir='ltr'><strong>l.</strong></span> <span class='ocrx_word' id='word_1_122' title='bbox 899 2091 1126 2162; x_wconf 85' lang='lat' dir='ltr'><strong>exponi,</strong></span> <span class='ocrx_word' id='word_1_123' title='bbox 1159 2107 1270 2141; x_wconf 89' lang='lat' dir='ltr'><strong>non</strong></span> 
     </span>
     <span class='ocr_line' id='line_1_16' title="bbox 255 2168 1270 2241; baseline -0.003 -18"><span class='ocrx_word' id='word_1_124' title='bbox 255 2171 328 2224; x_wconf 88' lang='lat' dir='ltr'><strong>de</strong></span> <span class='ocrx_word' id='word_1_125' title='bbox 367 2170 578 2223; x_wconf 85' lang='lat' dir='ltr'><strong>theatro</strong></span> <span class='ocrx_word' id='word_1_126' title='bbox 621 2168 870 2241; x_wconf 85' lang='lat' dir='ltr'><strong>ludisque</strong></span> <span class='ocrx_word' id='word_1_127' title='bbox 911 2171 1136 2223; x_wconf 73' lang='lat' dir='ltr'><strong>scenicis</strong></span> <span class='ocrx_word' id='word_1_128' title='bbox 1156 2208 1174 2238; x_wconf 89' lang='lat'><strong>,</strong></span> <span class='ocrx_word' id='word_1_129' title='bbox 1215 2170 1270 2221; x_wconf 89' lang='lat' dir='ltr'><strong>in</strong></span> 
     </span>
     <span class='ocr_line' id='line_1_17' title="bbox 259 2249 1272 2323; baseline -0.001 -20"><span class='ocrx_word' id='word_1_130' title='bbox 259 2249 460 2323; x_wconf 82' lang='lat' dir='ltr'><strong>quibus</strong></span> <span class='ocrx_word' id='word_1_131' title='bbox 503 2251 752 2321; x_wconf 81' lang='lat' dir='ltr'><strong>proprias</strong></span> <span class='ocrx_word' id='word_1_132' title='bbox 795 2249 946 2303; x_wconf 83' lang='lat' dir='ltr'><strong>sedes</strong></span> <span class='ocrx_word' id='word_1_133' title='bbox 991 2251 1272 2303; x_wconf 73' lang='lat' dir='ltr'><strong>Senatores</strong></span> 
     </span>
     <span class='ocr_line' id='line_1_18' title="bbox 257 2328 1276 2401; baseline 0 -20"><span class='ocrx_word' id='word_1_134' title='bbox 257 2329 590 2401; x_wconf 83' lang='lat' dir='ltr'><strong>Equitesque</strong></span> <span class='ocrx_word' id='word_1_135' title='bbox 602 2328 694 2379; x_wconf 89' lang='lat' dir='ltr'><strong>diu</strong></span> <span class='ocrx_word' id='word_1_136' title='bbox 705 2342 829 2381; x_wconf 86' lang='lat' dir='ltr'><strong>ante</strong></span> <span class='ocrx_word' id='word_1_137' title='bbox 845 2340 1162 2401; x_wconf 81' lang='lat' dir='ltr'><strong>acceperant</strong></span> <span class='ocrx_word' id='word_1_138' title='bbox 1175 2348 1276 2401; x_wconf 86' lang='lat' dir='ltr'><strong>per</strong></span> 
     </span>
     <span class='ocr_line' id='line_1_19' title="bbox 257 2406 1273 2482; baseline -0.001 -18"><span class='ocrx_word' id='word_1_139' title='bbox 257 2408 401 2482; x_wconf 71' lang='lat' dir='ltr'><strong>leges</strong></span> <span class='ocrx_word' id='word_1_140' title='bbox 434 2410 684 2463; x_wconf 79' lang='lat' dir='ltr'><strong>Rosciam</strong></span> <span class='ocrx_word' id='word_1_141' title='bbox 717 2423 770 2461; x_wconf 90' lang='lat' dir='ltr'><strong>et</strong></span> <span class='ocrx_word' id='word_1_142' title='bbox 804 2410 998 2463; x_wconf 81' lang='lat' dir='ltr'><strong>Juliam</strong></span> <span class='ocrx_word' id='word_1_143' title='bbox 1035 2406 1273 2463; x_wconf 87' lang='lat' dir='ltr'><strong>theat&#39;ra-</strong></span> 
     </span>
     <span class='ocr_line' id='line_1_20' title="bbox 256 2488 1273 2562; baseline 0 -18"><span class='ocrx_word' id='word_1_144' title='bbox 256 2489 380 2544; x_wconf 85' lang='lat' dir='ltr'><strong>lem.</strong></span> <span class='ocrx_word' id='word_1_145' title='bbox 409 2493 610 2556; x_wconf 84' lang='lat' dir='ltr'><strong>Porro,</strong></span> <span class='ocrx_word' id='word_1_146' title='bbox 637 2513 660 2538; x_wconf 73' lang='grc' dir='ltr'>ι</span> <span class='ocrx_word' id='word_1_147' title='bbox 683 2488 1002 2560; x_wconf 76' lang='lat' dir='ltr'><strong>spectabant</strong></span> <span class='ocrx_word' id='word_1_148' title='bbox 1027 2488 1273 2562; x_wconf 86' lang='lat' dir='ltr'><strong>quidem,</strong></span> 
     </span>
     <span class='ocr_line' id='line_1_21' title="bbox 246 2567 1274 2639; baseline 0.001 -16"><span class='ocrx_word' id='word_1_149' title='bbox 246 2567 335 2623; x_wconf 62' lang='lat' dir='ltr'><strong>&#39;ait</strong></span> <span class='ocrx_word' id='word_1_150' title='bbox 355 2571 491 2636; x_wconf 89' lang='lat' dir='ltr'><strong>Dio,</strong></span> <span class='ocrx_word' id='word_1_151' title='bbox 525 2570 646 2636; x_wconf 86' lang='lat' dir='ltr'><strong>LX,</strong></span> <span class='ocrx_word' id='word_1_152' title='bbox 677 2587 729 2639; x_wconf 88' lang='lat'><strong>7,</strong></span> <span class='ocrx_word' id='word_1_153' title='bbox 750 2571 860 2639; x_wconf 85' lang='lat' dir='ltr'><strong>jam</strong></span> <span class='ocrx_word' id='word_1_154' title='bbox 889 2585 1012 2624; x_wconf 88' lang='lat' dir='ltr'><strong>ante</strong></span> <span class='ocrx_word' id='word_1_155' title='bbox 1039 2572 1096 2622; x_wconf 89' lang='lat' dir='ltr'><strong>in</strong></span> <span class='ocrx_word' id='word_1_156' title='bbox 1119 2571 1274 2624; x_wconf 85' lang='lat' dir='ltr'><strong>Circo</strong></span> 
     </span>
     <span class='ocr_line' id='line_1_22' title="bbox 257 2649 1277 2722; baseline 0 -19"><span class='ocrx_word' id='word_1_157' title='bbox 257 2651 550 2722; x_wconf 79' lang='lat' dir='ltr'><strong>separatim</strong></span> <span class='ocrx_word' id='word_1_158' title='bbox 581 2663 636 2700; x_wconf 89' lang='lat' dir='ltr'><strong>et</strong></span> <span class='ocrx_word' id='word_1_159' title='bbox 669 2667 770 2720; x_wconf 84' lang='lat' dir='ltr'><strong>per</strong></span> <span class='ocrx_word' id='word_1_160' title='bbox 807 2668 864 2703; x_wconf 85' lang='lat' dir='ltr'><strong>se</strong></span> <span class='ocrx_word' id='word_1_161' title='bbox 899 2649 1094 2721; x_wconf 71' lang='lat' dir='ltr'><strong>singuli</strong></span> <span class='ocrx_word' id='word_1_162' title='bbox 1132 2649 1277 2703; x_wconf 86' lang='lat' dir='ltr'><strong>ordi-</strong></span> 
     </span>
     <span class='ocr_line' id='line_1_23' title="bbox 257 2729 1276 2802; baseline -0.002 -18"><span class='ocrx_word' id='word_1_163' title='bbox 257 2749 352 2784; x_wconf 84' lang='lat' dir='ltr'><strong>nes</strong></span> <span class='ocrx_word' id='word_1_164' title='bbox 367 2769 386 2797; x_wconf 96' lang='lat'><strong>,</strong></span> <span class='ocrx_word' id='word_1_165' title='bbox 407 2731 758 2794; x_wconf 79' lang='lat' dir='ltr'><strong>Senatorum,</strong></span> <span class='ocrx_word' id='word_1_166' title='bbox 781 2729 1064 2801; x_wconf 86' lang='lat' dir='ltr'><strong>Equitum,</strong></span> <span class='ocrx_word' id='word_1_167' title='bbox 1085 2743 1138 2782; x_wconf 91' lang='lat' dir='ltr'><strong>et</strong></span> <span class='ocrx_word' id='word_1_168' title='bbox 1158 2729 1276 2802; x_wconf 84' lang='lat' dir='ltr'><strong>ple-</strong></span> 
     </span>
     <span class='ocr_line' id='line_1_24' title="bbox 259 2809 1274 2882; baseline 0 -20"><span class='ocrx_word' id='word_1_169' title='bbox 259 2809 368 2878; x_wconf 76' lang='lat' dir='ltr'><strong>his,</strong></span> <span class='ocrx_word' id='word_1_170' title='bbox 399 2829 466 2864; x_wconf 82' lang='lat' dir='ltr'><strong>ex</strong></span> <span class='ocrx_word' id='word_1_171' title='bbox 494 2829 602 2882; x_wconf 84' lang='lat' dir='ltr'><strong>quo</strong></span> <span class='ocrx_word' id='word_1_172' title='bbox 633 2811 864 2882; x_wconf 85' lang='lat' dir='ltr'><strong>primum</strong></span> <span class='ocrx_word' id='word_1_173' title='bbox 890 2809 948 2862; x_wconf 82' lang='lat' dir='ltr'><strong>id</strong></span> <span class='ocrx_word' id='word_1_174' title='bbox 973 2812 1274 2864; x_wconf 84' lang='lat' dir='ltr'><strong>institutum</strong></span> 
     </span>
     <span class='ocr_line' id='line_1_25' title="bbox 261 2889 1271 2945; baseline 0.001 -1"><span class='ocrx_word' id='word_1_175' title='bbox 261 2892 364 2944; x_wconf 72' lang='lat' dir='ltr'><strong>fuit</strong></span> <span class='ocrx_word' id='word_1_176' title='bbox 391 2913 406 2944; x_wconf 71' lang='grc' dir='ltr'><em>τ</em></span> <span class='ocrx_word' id='word_1_177' title='bbox 453 2910 570 2944; x_wconf 85' lang='lat' dir='ltr'><strong>non</strong></span> <span class='ocrx_word' id='word_1_178' title='bbox 616 2905 792 2943; x_wconf 82' lang='lat' dir='ltr'><strong>tamen</strong></span> <span class='ocrx_word' id='word_1_179' title='bbox 835 2892 966 2944; x_wconf 88' lang='lat' dir='ltr'><strong>certi</strong></span> <span class='ocrx_word' id='word_1_180' title='bbox 1005 2889 1112 2944; x_wconf 88' lang='lat' dir='ltr'><strong>loci</strong></span> <span class='ocrx_word' id='word_1_181' title='bbox 1157 2894 1271 2945; x_wconf 88' lang='lat' dir='ltr'><strong>sin·</strong></span> 
     </span>
     <span class='ocr_line' id='line_1_26' title="bbox 259 2969 1270 3042; baseline 0 -18"><span class='ocrx_word' id='word_1_182' title='bbox 259 2969 398 3042; x_wconf 70' lang='lat' dir='ltr'><strong>gulis</strong></span> <span class='ocrx_word' id='word_1_183' title='bbox 431 2969 717 3024; x_wconf 73' lang='lat' dir='ltr'><strong>ordinibus</strong></span> <span class='ocrx_word' id='word_1_184' title='bbox 747 2971 1000 3042; x_wconf 71' lang='lat' dir='ltr'><strong>assignati</strong></span> <span class='ocrx_word' id='word_1_185' title='bbox 1031 2971 1270 3024; x_wconf 75' lang='lat' dir='ltr'><strong>fuerunt.</strong></span> 
     </span>
     <span class='ocr_line' id='line_1_27' title="bbox 262 3048 1275 3104; baseline 0 -2"><span class='ocrx_word' id='word_1_186' title='bbox 262 3053 330 3102; x_wconf 77' lang='lat' dir='ltr'><strong>At</strong></span> <span class='ocrx_word' id='word_1_187' title='bbox 355 3065 488 3102; x_wconf 85' lang='lat' dir='ltr'><strong>tunc</strong></span> <span class='ocrx_word' id='word_1_188' title='bbox 513 3050 742 3104; x_wconf 79' lang='lat' dir='ltr'><strong>secrevit</strong></span> <span class='ocrx_word' id='word_1_189' title='bbox 767 3048 1023 3102; x_wconf 82' lang='lat' dir='ltr'><strong>Claudius</strong></span> <span class='ocrx_word' id='word_1_190' title='bbox 1037 3050 1275 3104; x_wconf 79' lang='lat' dir='ltr'><strong>&#39;Senato-</strong></span> 
     </span>
     <span class='ocr_line' id='line_1_28' title="bbox 261 3127 1276 3201; baseline 0.001 -20"><span class='ocrx_word' id='word_1_191' title='bbox 261 3127 410 3181; x_wconf 86' lang='lat' dir='ltr'><strong>ribus</strong></span> <span class='ocrx_word' id='word_1_192' title='bbox 439 3147 532 3182; x_wconf 81' lang='lat' dir='ltr'><strong>eas</strong></span> <span class='ocrx_word' id='word_1_193' title='bbox 569 3127 724 3181; x_wconf 83' lang='lat' dir='ltr'><strong>sedes</strong></span> <span class='ocrx_word' id='word_1_194' title='bbox 744 3165 762 3193; x_wconf 86' lang='lat'><strong>,</strong></span> <span class='ocrx_word' id='word_1_195' title='bbox 790 3147 926 3200; x_wconf 82' lang='lat' dir='ltr'><strong>quas</strong></span> <span class='ocrx_word' id='word_1_196' title='bbox 949 3147 1102 3181; x_wconf 79' lang='lat' dir='ltr'><strong>nunc</strong></span> <span class='ocrx_word' id='word_1_197' title='bbox 1137 3147 1276 3201; x_wconf 87' lang='lat' dir='ltr'><strong>quo-</strong></span> 
     </span>
     <span class='ocr_line' id='line_1_29' title="bbox 265 3205 1277 3280; baseline 0.001 -20"><span class='ocrx_word' id='word_1_198' title='bbox 265 3225 368 3278; x_wconf 84' lang='lat' dir='ltr'><strong>que</strong></span> <span class='ocrx_word' id='word_1_199' title='bbox 401 3205 676 3272; x_wconf 76' lang='lat' dir='ltr'><strong>obtinent,</strong></span> <span class='ocrx_word' id='word_1_200' title='bbox 711 3207 943 3277; x_wconf 80' lang='lat' dir='ltr'><strong>fecitque</strong></span> <span class='ocrx_word' id='word_1_201' title='bbox 967 3208 1095 3278; x_wconf 85' lang='lat' dir='ltr'><strong>ipsis</strong></span> <span class='ocrx_word' id='word_1_202' title='bbox 1119 3221 1277 3280; x_wconf 85' lang='lat' dir='ltr'><strong>pote-</strong></span> 
     </span>
     <span class='ocr_line' id='line_1_30' title="bbox 263 3283 1276 3360; baseline 0 -22"><span class='ocrx_word' id='word_1_203' title='bbox 263 3299 484 3352; x_wconf 77' lang='lat' dir='ltr'><strong>statem,</strong></span> <span class='ocrx_word' id='word_1_204' title='bbox 505 3289 550 3340; x_wconf 92' lang='lat' dir='ltr'><strong>si</strong></span> <span class='ocrx_word' id='word_1_205' title='bbox 562 3283 784 3349; x_wconf 77' lang='lat' dir='ltr'><strong>vellent,</strong></span> <span class='ocrx_word' id='word_1_206' title='bbox 804 3284 910 3338; x_wconf 86' lang='lat' dir='ltr'><strong>alio</strong></span> <span class='ocrx_word' id='word_1_207' title='bbox 930 3304 1276 3360; x_wconf 86' lang='lat' dir='ltr'><strong>quocumque</strong></span> 
     </span>
     <span class='ocr_line' id='line_1_31' title="bbox 265 3362 1270 3438; baseline -0.001 -22"><span class='ocrx_word' id='word_1_208' title='bbox 265 3362 384 3417; x_wconf 86' lang='lat' dir='ltr'><strong>loco</strong></span> <span class='ocrx_word' id='word_1_209' title='bbox 421 3367 476 3416; x_wconf 89' lang='lat' dir='ltr'><strong>in</strong></span> <span class='ocrx_word' id='word_1_210' title='bbox 511 3363 718 3434; x_wconf 75' lang='lat' dir='ltr'><strong>vulgari</strong></span> <span class='ocrx_word' id='word_1_211' title='bbox 751 3379 896 3418; x_wconf 79' lang='lat' dir='ltr'><strong>veste</strong></span> <span class='ocrx_word' id='word_1_212' title='bbox 932 3367 1224 3438; x_wconf 84' lang='lat' dir='ltr'><strong>spectandi.</strong></span> <span class='ocrx_word' id='word_1_213' title='bbox 1247 3390 1270 3415; x_wconf 74' lang='lat' dir='ltr'><em>n</em></span> 
     </span>
     <span class='ocr_line' id='line_1_32' title="bbox 265 3441 1278 3515; baseline 0.001 -20"><span class='ocrx_word' id='word_1_214' title='bbox 265 3442 420 3497; x_wconf 79' lang='lat' dir='ltr'><strong>Haud</strong></span> <span class='ocrx_word' id='word_1_215' title='bbox 439 3446 520 3496; x_wconf 72' lang='lat' dir='ltr'><strong>itu</strong></span> <span class='ocrx_word' id='word_1_216' title='bbox 549 3445 712 3514; x_wconf 78' lang='lat' dir='ltr'><strong>igitur</strong></span> <span class='ocrx_word' id='word_1_217' title='bbox 731 3441 1134 3515; x_wconf 77' lang='lat' dir='ltr'><strong>intelligendum</strong></span> <span class='ocrx_word' id='word_1_218' title='bbox 1163 3444 1278 3496; x_wconf 83' lang='lat' dir='ltr'><strong>No-</strong></span> 
     </span>
     <span class='ocr_line' id='line_1_33' title="bbox 267 3522 1278 3596; baseline 0 -22"><span class='ocrx_word' id='word_1_219' title='bbox 267 3525 356 3574; x_wconf 86' lang='lat' dir='ltr'><strong>stri</strong></span> <span class='ocrx_word' id='word_1_220' title='bbox 373 3522 670 3596; x_wconf 71' lang='lat' dir='ltr'><strong>promiscue</strong></span> <span class='ocrx_word' id='word_1_221' title='bbox 689 3533 943 3592; x_wconf 77' lang='lat' dir='ltr'><strong>spectare,</strong></span> <span class='ocrx_word' id='word_1_222' title='bbox 972 3525 1126 3594; x_wconf 86' lang='lat' dir='ltr'><strong>quasi</strong></span> <span class='ocrx_word' id='word_1_223' title='bbox 1145 3523 1278 3575; x_wconf 81' lang='lat' dir='ltr'><strong>mix-</strong></span> 
     </span>
     <span class='ocr_line' id='line_1_34' title="bbox 267 3601 1279 3674; baseline 0.002 -20"><span class='ocrx_word' id='word_1_224' title='bbox 267 3603 360 3654; x_wconf 87' lang='lat' dir='ltr'><strong>tim</strong></span> <span class='ocrx_word' id='word_1_225' title='bbox 389 3604 680 3658; x_wconf 72' lang='lat' dir='ltr'><strong>Senatores</strong></span> <span class='ocrx_word' id='word_1_226' title='bbox 707 3604 846 3656; x_wconf 88' lang='lat' dir='ltr'><strong>inter</strong></span> <span class='ocrx_word' id='word_1_227' title='bbox 871 3601 1088 3674; x_wconf 84' lang='lat' dir='ltr'><strong>plebem</strong></span> <span class='ocrx_word' id='word_1_228' title='bbox 1118 3603 1279 3656; x_wconf 81' lang='lat' dir='ltr'><strong>sedis-</strong></span> 
     </span>
     <span class='ocr_line' id='line_1_35' title="bbox 269 3684 1276 3757; baseline 0.003 -22"><span class='ocrx_word' id='word_1_229' title='bbox 269 3697 414 3750; x_wconf 84' lang='lat' dir='ltr'><strong>sent,</strong></span> <span class='ocrx_word' id='word_1_230' title='bbox 463 3701 628 3756; x_wconf 86' lang='lat' dir='ltr'><strong>quum</strong></span> <span class='ocrx_word' id='word_1_231' title='bbox 675 3684 1111 3737; x_wconf 76' lang='lat' dir='ltr'><strong>confusissimum</strong></span> <span class='ocrx_word' id='word_1_232' title='bbox 1151 3704 1276 3757; x_wconf 86' lang='lat' dir='ltr'><strong>spe-</strong></span> 
     </span>
     <span class='ocr_line' id='line_1_36' title="bbox 268 3762 1279 3833; baseline 0.004 -19"><span class='ocrx_word' id='word_1_233' title='bbox 268 3762 445 3815; x_wconf 85' lang='lat' dir='ltr'><strong>ctandi</strong></span> <span class='ocrx_word' id='word_1_234' title='bbox 469 3781 672 3814; x_wconf 85' lang='lat' dir='ltr'><strong>morem</strong></span> <span class='ocrx_word' id='word_1_235' title='bbox 708 3762 1002 3816; x_wconf 69' lang='lat' dir='ltr'><strong>ordinasset</strong></span> <span class='ocrx_word' id='word_1_236' title='bbox 1027 3765 1138 3833; x_wconf 84' lang='lat' dir='ltr'><strong>jam</strong></span> <span class='ocrx_word' id='word_1_237' title='bbox 1170 3767 1279 3818; x_wconf 84' lang='lat' dir='ltr'><strong>Au-</strong></span> 
     </span>
     <span class='ocr_line' id='line_1_37' title="bbox 269 3839 1276 3912; baseline 0.001 -19"><span class='ocrx_word' id='word_1_238' title='bbox 269 3855 480 3912; x_wconf 75' lang='lat' dir='ltr'><strong>gustus,</strong></span> <span class='ocrx_word' id='word_1_239' title='bbox 519 3840 618 3894; x_wconf 85' lang='lat' dir='ltr'><strong>sed</strong></span> <span class='ocrx_word' id='word_1_240' title='bbox 633 3841 778 3894; x_wconf 80' lang='lat' dir='ltr'><strong>--buic</strong></span> <span class='ocrx_word' id='word_1_241' title='bbox 805 3839 992 3894; x_wconf 75' lang='lat' dir='ltr'><strong>ordini</strong></span> <span class='ocrx_word' id='word_1_242' title='bbox 1035 3840 1276 3894; x_wconf 85' lang='lat' dir='ltr'><strong>nondum</strong></span> 
     </span>
     <span class='ocr_line' id='line_1_38' title="bbox 269 3917 1276 3992; baseline 0.002 -20"><span class='ocrx_word' id='word_1_243' title='bbox 269 3923 488 3992; x_wconf 74' lang='lat' dir='ltr'><strong>propria</strong></span> <span class='ocrx_word' id='word_1_244' title='bbox 515 3921 640 3974; x_wconf 82' lang='lat' dir='ltr'><strong>data</strong></span> <span class='ocrx_word' id='word_1_245' title='bbox 669 3917 882 3973; x_wconf 79' lang='lat' dir='ltr'><strong>fuerant</strong></span> <span class='ocrx_word' id='word_1_246' title='bbox 913 3919 1130 3988; x_wconf 84' lang='lat' dir='ltr'><strong>sedilia,</strong></span> <span class='ocrx_word' id='word_1_247' title='bbox 1160 3941 1276 3992; x_wconf 62' lang='lat' dir='ltr'><strong>qua</strong></span> 
     </span>
     <span class='ocr_line' id='line_1_39' title="bbox 271 3999 1279 4072; baseline 0 -19"><span class='ocrx_word' id='word_1_248' title='bbox 271 4019 534 4072; x_wconf 80' lang='lat' dir='ltr'><strong>occupare</strong></span> <span class='ocrx_word' id='word_1_249' title='bbox 551 3999 770 4070; x_wconf 77' lang='lat' dir='ltr'><strong>reliquae</strong></span> <span class='ocrx_word' id='word_1_250' title='bbox 788 3999 1115 4054; x_wconf 83' lang='lat' dir='ltr'><strong>multitudini</strong></span> <span class='ocrx_word' id='word_1_251' title='bbox 1133 3999 1279 4054; x_wconf 83' lang='lat' dir='ltr'><strong>baud</strong></span> 
     </span>
     <span class='ocr_line' id='line_1_40' title="bbox 271 4078 1280 4152; baseline 0.001 -18"><span class='ocrx_word' id='word_1_252' title='bbox 271 4078 464 4147; x_wconf 83' lang='lat' dir='ltr'><strong>liceret,</strong></span> <span class='ocrx_word' id='word_1_253' title='bbox 480 4079 632 4152; x_wconf 79' lang='lat' dir='ltr'><strong>quod</strong></span> <span class='ocrx_word' id='word_1_254' title='bbox 649 4098 792 4132; x_wconf 86' lang='lat' dir='ltr'><strong>nnnc</strong></span> <span class='ocrx_word' id='word_1_255' title='bbox 805 4093 1068 4134; x_wconf 79' lang='lat' dir='ltr'><strong>mutatum</strong></span> <span class='ocrx_word' id='word_1_256' title='bbox 1081 4101 1114 4134; x_wconf 85' lang='lat' dir='ltr'><strong>a</strong></span> <span class='ocrx_word' id='word_1_257' title='bbox 1127 4080 1280 4135; x_wconf 79' lang='lat' dir='ltr'><strong>Clau-</strong></span> 
     </span>
     <span class='ocr_line' id='line_1_41' title="bbox 274 4157 1279 4232; baseline 0.001 -19"><span class='ocrx_word' id='word_1_258' title='bbox 274 4157 374 4215; x_wconf 87' lang='lat' dir='ltr'><strong>dio.</strong></span> <span class='ocrx_word' id='word_1_259' title='bbox 399 4163 598 4214; x_wconf 78' lang='lat' dir='ltr'><strong>Postea</strong></span> <span class='ocrx_word' id='word_1_260' title='bbox 613 4161 800 4232; x_wconf 82' lang='lat' dir='ltr'><strong>Equiti</strong></span> <span class='ocrx_word' id='word_1_261' title='bbox 823 4163 982 4226; x_wconf 84' lang='lat' dir='ltr'><strong>ctiam</strong></span> <span class='ocrx_word' id='word_1_262' title='bbox 1000 4161 1120 4216; x_wconf 79' lang='lat' dir='ltr'><strong>loca</strong></span> <span class='ocrx_word' id='word_1_263' title='bbox 1139 4179 1172 4214; x_wconf 88' lang='lat' dir='ltr'><strong>a</strong></span> <span class='ocrx_word' id='word_1_264' title='bbox 1190 4177 1279 4214; x_wconf 88' lang='lat' dir='ltr'><strong>ce-</strong></span> 
     </span>
    </p>
   </div>
   <div class='ocr_carea' id='block_1_8' title="bbox 1359 2089 2383 3440">
    <p class='ocr_par' dir='ltr' id='par_1_8' title="bbox 1361 2089 2373 2319">
     <span class='ocr_line' id='line_1_42' title="bbox 1361 2089 2367 2163; baseline 0.006 -22"><span class='ocrx_word' id='word_1_265' title='bbox 1361 2089 1426 2142; x_wconf 86' lang='lat' dir='ltr'><strong>de</strong></span> <span class='ocrx_word' id='word_1_266' title='bbox 1449 2090 1555 2143; x_wconf 90' lang='lat' dir='ltr'><strong>bac</strong></span> <span class='ocrx_word' id='word_1_267' title='bbox 1580 2110 1633 2143; x_wconf 87' lang='lat' dir='ltr'><strong>re</strong></span> <span class='ocrx_word' id='word_1_268' title='bbox 1663 2104 1987 2163; x_wconf 82' lang='lat' dir='ltr'><strong>exponentes</strong></span> <span class='ocrx_word' id='word_1_269' title='bbox 2016 2090 2137 2144; x_wconf 77' lang='lat' dir='ltr'><strong>vide</strong></span> <span class='ocrx_word' id='word_1_270' title='bbox 2159 2093 2367 2147; x_wconf 86' lang='lat' dir='ltr'><strong>Fabric.</strong></span> 
     </span>
     <span class='ocr_line' id='line_1_43' title="bbox 1363 2167 2373 2242; baseline 0.003 -22"><span class='ocrx_word' id='word_1_271' title='bbox 1363 2168 1432 2220; x_wconf 84' lang='lat' dir='ltr'><strong>ad</strong></span> <span class='ocrx_word' id='word_1_272' title='bbox 1459 2169 1618 2221; x_wconf 86' lang='lat' dir='ltr'><strong>Dion.</strong></span> <span class='ocrx_word' id='word_1_273' title='bbox 1644 2167 1679 2221; x_wconf 91' lang='lat' dir='ltr'><strong>l.</strong></span> <span class='ocrx_word' id='word_1_274' title='bbox 1712 2188 1757 2221; x_wconf 90' lang='lat' dir='ltr'><strong>c.</strong></span> <span class='ocrx_word' id='word_1_275' title='bbox 1792 2182 1845 2221; x_wconf 89' lang='lat' dir='ltr'><strong>et</strong></span> <span class='ocrx_word' id='word_1_276' title='bbox 1862 2208 1880 2236; x_wconf 92' lang='lat'><strong>,</strong></span> <span class='ocrx_word' id='word_1_277' title='bbox 1904 2187 2061 2242; x_wconf 88' lang='lat' dir='ltr'><strong>quem</strong></span> <span class='ocrx_word' id='word_1_278' title='bbox 2085 2188 2270 2225; x_wconf 87' lang='lat' dir='ltr'><strong>omnes</strong></span> <span class='ocrx_word' id='word_1_279' title='bbox 2294 2190 2373 2225; x_wconf 89' lang='lat' dir='ltr'><strong>se-</strong></span> 
     </span>
     <span class='ocr_line' id='line_1_44' title="bbox 1361 2247 2368 2319; baseline 0.004 -20"><span class='ocrx_word' id='word_1_280' title='bbox 1361 2248 1473 2299; x_wconf 88' lang='lat' dir='ltr'><strong>cuti</strong></span> <span class='ocrx_word' id='word_1_281' title='bbox 1499 2260 1655 2309; x_wconf 84' lang='lat' dir='ltr'><strong>sunt,</strong></span> <span class='ocrx_word' id='word_1_282' title='bbox 1683 2249 1827 2319; x_wconf 88' lang='lat' dir='ltr'><strong>Lips.</strong></span> <span class='ocrx_word' id='word_1_283' title='bbox 1852 2247 1921 2299; x_wconf 86' lang='lat' dir='ltr'><strong>ad</strong></span> <span class='ocrx_word' id='word_1_284' title='bbox 1944 2249 2113 2301; x_wconf 82' lang='lat' dir='ltr'><strong>Tacit.</strong></span> <span class='ocrx_word' id='word_1_285' title='bbox 2140 2250 2255 2317; x_wconf 80' lang='lat' dir='ltr'><strong>XV,</strong></span> <span class='ocrx_word' id='word_1_286' title='bbox 2281 2252 2368 2304; x_wconf 83' lang='lat'><strong>32.</strong></span> 
     </span>
    </p>

    <p class='ocr_par' dir='ltr' id='par_1_9' title="bbox 1360 2326 2373 2637">
     <span class='ocr_line' id='line_1_45' title="bbox 1435 2326 2373 2399; baseline 0.005 -20"><span class='ocrx_word' id='word_1_287' title='bbox 1435 2326 1484 2379; x_wconf 87' lang='grc'><strong>8.</strong></span> <span class='ocrx_word' id='word_1_288' title='bbox 1511 2328 1584 2379; x_wconf 79' lang='lat' dir='ltr'><strong>Et</strong></span> <span class='ocrx_word' id='word_1_289' title='bbox 1604 2326 1901 2399; x_wconf 66' lang='lat' dir='ltr'><strong>Africanas.</strong></span> <span class='ocrx_word' id='word_1_290' title='bbox 1923 2327 2055 2395; x_wconf 83' lang='lat' dir='ltr'><strong>Dio,</strong></span> <span class='ocrx_word' id='word_1_291' title='bbox 2078 2329 2197 2395; x_wconf 80' lang='lat' dir='ltr'><strong>LX,</strong></span> <span class='ocrx_word' id='word_1_292' title='bbox 2220 2347 2270 2399; x_wconf 88' lang='grc'><strong>7.</strong></span> <span class='ocrx_word' id='word_1_293' title='bbox 2290 2333 2373 2384; x_wconf 77' lang='lat' dir='ltr'><strong>Ita</strong></span> 
     </span>
     <span class='ocr_line' id='line_1_46' title="bbox 1361 2404 2371 2477; baseline 0.006 -20"><span class='ocrx_word' id='word_1_294' title='bbox 1361 2404 1603 2476; x_wconf 74' lang='lat' dir='ltr'><strong>Caligula</strong></span> <span class='ocrx_word' id='word_1_295' title='bbox 1618 2406 1689 2477; x_wconf 91' lang='lat' dir='ltr'><strong>(c.</strong></span> <span class='ocrx_word' id='word_1_296' title='bbox 1716 2408 1799 2477; x_wconf 85' lang='lat'><strong>18)</strong></span> <span class='ocrx_word' id='word_1_297' title='bbox 1817 2406 1978 2459; x_wconf 86' lang='lat' dir='ltr'><strong>modo</strong></span> <span class='ocrx_word' id='word_1_298' title='bbox 1997 2408 2371 2463; x_wconf 80' lang='lat' dir='ltr'><strong>Africanarum</strong></span> 
     </span>
     <span class='ocr_line' id='line_1_47' title="bbox 1360 2486 2373 2557; baseline 0.006 -20"><span class='ocrx_word' id='word_1_299' title='bbox 1360 2487 1697 2539; x_wconf 78' lang='lat' dir='ltr'><strong>venationem</strong></span> <span class='ocrx_word' id='word_1_300' title='bbox 1710 2524 1727 2553; x_wconf 87' lang='lat'><strong>,</strong></span> <span class='ocrx_word' id='word_1_301' title='bbox 1744 2486 1905 2539; x_wconf 81' lang='lat' dir='ltr'><strong>modo</strong></span> <span class='ocrx_word' id='word_1_302' title='bbox 1920 2487 2091 2557; x_wconf 75' lang='lat' dir='ltr'><strong>Trojoe</strong></span> <span class='ocrx_word' id='word_1_303' title='bbox 2108 2487 2373 2543; x_wconf 80' lang='lat' dir='ltr'><strong>decursio·</strong></span> 
     </span>
     <span class='ocr_line' id='line_1_48' title="bbox 1363 2565 2225 2637; baseline 0.003 -19"><span class='ocrx_word' id='word_1_304' title='bbox 1363 2585 1488 2619; x_wconf 89' lang='lat' dir='ltr'><strong>nem</strong></span> <span class='ocrx_word' id='word_1_305' title='bbox 1507 2565 1849 2618; x_wconf 84' lang='lat' dir='ltr'><strong>Circensibus</strong></span> <span class='ocrx_word' id='word_1_306' title='bbox 1874 2569 2225 2637; x_wconf 83' lang='lat' dir='ltr'><strong>interjecerat.</strong></span> 
     </span>
    </p>

    <p class='ocr_par' dir='ltr' id='par_1_10' title="bbox 1359 2645 2383 3440">
     <span class='ocr_line' id='line_1_49' title="bbox 1433 2645 2367 2722; baseline 0.006 -24"><span class='ocrx_word' id='word_1_307' title='bbox 1433 2665 1486 2717; x_wconf 85' lang='lat'><strong>9.</strong></span> <span class='ocrx_word' id='word_1_308' title='bbox 1499 2649 1755 2700; x_wconf 68' lang='lat' dir='ltr'><strong>Praeoem</strong></span> <span class='ocrx_word' id='word_1_309' title='bbox 1770 2645 2036 2701; x_wconf 72' lang='lat' dir='ltr'><strong>Thessalos</strong></span> <span class='ocrx_word' id='word_1_310' title='bbox 2044 2650 2254 2722; x_wconf 76' lang='lat' dir='ltr'><strong>equites,</strong></span> <span class='ocrx_word' id='word_1_311' title='bbox 2268 2663 2367 2704; x_wconf 88' lang='lat' dir='ltr'><strong>etc.</strong></span> 
     </span>
     <span class='ocr_line' id='line_1_50' title="bbox 1365 2727 2383 2798; baseline 0.006 -20"><span class='ocrx_word' id='word_1_312' title='bbox 1365 2727 1494 2780; x_wconf 85' lang='lat' dir='ltr'><strong>Plin.</strong></span> <span class='ocrx_word' id='word_1_313' title='bbox 1518 2728 1665 2794; x_wconf 85' lang='lat' dir='ltr'><strong>vm,</strong></span> <span class='ocrx_word' id='word_1_314' title='bbox 1684 2727 1751 2794; x_wconf 76' lang='grc'><strong>45</strong></span> <span class='ocrx_word' id='word_1_315' title='bbox 1770 2727 1925 2798; x_wconf 85' lang='lat' dir='ltr'><strong>(7o):</strong></span> <span class='ocrx_word' id='word_1_316' title='bbox 1955 2748 1979 2773; x_wconf 78' lang='grc' dir='ltr'>ι</span> <span class='ocrx_word' id='word_1_317' title='bbox 1996 2728 2383 2784; x_wconf 73' lang='lat' dir='ltr'><strong>Thessalorum</strong></span> 
     </span>
     <span class='ocr_line' id='line_1_51' title="bbox 1360 2808 2373 2882; baseline 0.005 -22"><span class='ocrx_word' id='word_1_318' title='bbox 1360 2808 1533 2879; x_wconf 72' lang='lat' dir='ltr'><strong>gentis</strong></span> <span class='ocrx_word' id='word_1_319' title='bbox 1574 2809 1845 2860; x_wconf 77' lang='lat' dir='ltr'><strong>inventurn</strong></span> <span class='ocrx_word' id='word_1_320' title='bbox 1887 2822 1967 2860; x_wconf 88' lang='lat' dir='ltr'><strong>est</strong></span> <span class='ocrx_word' id='word_1_321' title='bbox 1986 2847 2005 2876; x_wconf 94' lang='lat'><strong>,</strong></span> <span class='ocrx_word' id='word_1_322' title='bbox 2044 2828 2184 2882; x_wconf 89' lang='lat' dir='ltr'><strong>equo</strong></span> <span class='ocrx_word' id='word_1_323' title='bbox 2216 2812 2373 2880; x_wconf 83' lang='lat' dir='ltr'><strong>juxta</strong></span> 
     </span>
     <span class='ocr_line' id='line_1_52' title="bbox 1364 2886 2374 2959; baseline 0.007 -20"><span class='ocrx_word' id='word_1_324' title='bbox 1364 2886 1809 2959; x_wconf 83' lang='lat' dir='ltr'><strong>quadrupedante</strong></span> <span class='ocrx_word' id='word_1_325' title='bbox 1834 2907 2008 2940; x_wconf 89' lang='lat' dir='ltr'><strong>cornu</strong></span> <span class='ocrx_word' id='word_1_326' title='bbox 2036 2891 2233 2944; x_wconf 83' lang='lat' dir='ltr'><strong>intorta</strong></span> <span class='ocrx_word' id='word_1_327' title='bbox 2260 2911 2374 2945; x_wconf 90' lang='lat' dir='ltr'><strong>cer-</strong></span> 
     </span>
     <span class='ocr_line' id='line_1_53' title="bbox 1359 2968 2373 3044; baseline 0.006 -26"><span class='ocrx_word' id='word_1_328' title='bbox 1359 2968 1474 3020; x_wconf 76' lang='lat' dir='ltr'><strong>vice</strong></span> <span class='ocrx_word' id='word_1_329' title='bbox 1499 2978 1683 3018; x_wconf 84' lang='lat' dir='ltr'><strong>tauros</strong></span> <span class='ocrx_word' id='word_1_330' title='bbox 1706 2985 1914 3019; x_wconf 80' lang='lat' dir='ltr'><strong>necat-e.</strong></span> <span class='ocrx_word' id='word_1_331' title='bbox 1948 2969 2148 3022; x_wconf 75' lang='lat' dir='ltr'><strong>Primus</strong></span> <span class='ocrx_word' id='word_1_332' title='bbox 2172 2970 2229 3022; x_wconf 83' lang='lat' dir='ltr'><strong>id</strong></span> <span class='ocrx_word' id='word_1_333' title='bbox 2251 2991 2373 3044; x_wconf 86' lang='lat' dir='ltr'><strong>spe-</strong></span> 
     </span>
     <span class='ocr_line' id='line_1_54' title="bbox 1363 3044 2373 3106; baseline 0.009 -10"><span class='ocrx_word' id='word_1_334' title='bbox 1363 3044 1796 3098; x_wconf 81' lang='lat' dir='ltr'><strong>ctaculumdedit</strong></span> <span class='ocrx_word' id='word_1_335' title='bbox 1807 3046 1987 3098; x_wconf 62' lang='lat' dir='ltr'><strong>Roma·</strong></span> <span class='ocrx_word' id='word_1_336' title='bbox 2002 3049 2176 3102; x_wconf 67' lang='lat' dir='ltr'><strong>Cesar</strong></span> <span class='ocrx_word' id='word_1_337' title='bbox 2192 3050 2373 3106; x_wconf 84' lang='lat' dir='ltr'><strong>Dicta-</strong></span> 
     </span>
     <span class='ocr_line' id='line_1_55' title="bbox 1366 3127 2370 3187; baseline 0.008 -8"><span class='ocrx_word' id='word_1_338' title='bbox 1366 3140 1464 3179; x_wconf 88' lang='lat' dir='ltr'><strong>tor.</strong></span> <span class='ocrx_word' id='word_1_339' title='bbox 1486 3151 1509 3176; x_wconf 73' lang='lat' dir='ltr'><em>n</em></span> <span class='ocrx_word' id='word_1_340' title='bbox 1544 3127 1625 3179; x_wconf 84' lang='lat' dir='ltr'><strong>cf.</strong></span> <span class='ocrx_word' id='word_1_341' title='bbox 1660 3127 1909 3180; x_wconf 87' lang='lat' dir='ltr'><strong>Oudend.</strong></span> <span class='ocrx_word' id='word_1_342' title='bbox 1950 3127 2019 3180; x_wconf 83' lang='lat' dir='ltr'><strong>ad</strong></span> <span class='ocrx_word' id='word_1_343' title='bbox 2056 3146 2217 3183; x_wconf 81' lang='lat' dir='ltr'><strong>nostr.</strong></span> <span class='ocrx_word' id='word_1_344' title='bbox 2262 3132 2370 3187; x_wconf 90' lang='lat' dir='ltr'><strong>loc.</strong></span> 
     </span>
     <span class='ocr_line' id='line_1_56' title="bbox 1364 3205 2373 3284; baseline 0.007 -25"><span class='ocrx_word' id='word_1_345' title='bbox 1364 3208 1547 3278; x_wconf 73' lang='lat' dir='ltr'><strong>Argol-</strong></span> <span class='ocrx_word' id='word_1_346' title='bbox 1568 3205 1635 3258; x_wconf 88' lang='lat' dir='ltr'><strong>ad</strong></span> <span class='ocrx_word' id='word_1_347' title='bbox 1654 3209 1721 3260; x_wconf 84' lang='lat' dir='ltr'><strong>Pa</strong></span> <span class='ocrx_word' id='word_1_348' title='bbox 1730 3211 1870 3260; x_wconf 82' lang='lat' dir='ltr'><strong>nvin.</strong></span> <span class='ocrx_word' id='word_1_349' title='bbox 1890 3205 1961 3260; x_wconf 87' lang='lat' dir='ltr'><strong>de</strong></span> <span class='ocrx_word' id='word_1_350' title='bbox 1979 3209 2112 3261; x_wconf 83' lang='lat' dir='ltr'><strong>Lud.</strong></span> <span class='ocrx_word' id='word_1_351' title='bbox 2136 3213 2273 3264; x_wconf 89' lang='lat' dir='ltr'><strong>Circ.</strong></span> <span class='ocrx_word' id='word_1_352' title='bbox 2298 3214 2373 3284; x_wconf 84' lang='lat'><strong>11,</strong></span> 
     </span>
     <span class='ocr_line' id='line_1_57' title="bbox 1365 3285 2373 3364; baseline 0.007 -27"><span class='ocrx_word' id='word_1_353' title='bbox 1365 3286 1398 3340; x_wconf 84' lang='lat'><strong>3</strong></span> <span class='ocrx_word' id='word_1_354' title='bbox 1428 3285 1617 3355; x_wconf 85' lang='lat' dir='ltr'><strong>(Thes.</strong></span> <span class='ocrx_word' id='word_1_355' title='bbox 1648 3287 1814 3338; x_wconf 74' lang='lat' dir='ltr'><strong>Groev.</strong></span> <span class='ocrx_word' id='word_1_356' title='bbox 1842 3301 1969 3339; x_wconf 85' lang='lat' dir='ltr'><strong>tom.</strong></span> <span class='ocrx_word' id='word_1_357' title='bbox 1996 3290 2095 3356; x_wconf 88' lang='lat' dir='ltr'><strong>IX,</strong></span> <span class='ocrx_word' id='word_1_358' title='bbox 2120 3311 2176 3362; x_wconf 85' lang='lat' dir='ltr'><strong>p.</strong></span> <span class='ocrx_word' id='word_1_359' title='bbox 2201 3292 2373 3364; x_wconf 85' lang='lat'><strong>390),</strong></span> 
     </span>
     <span class='ocr_line' id='line_1_58' title="bbox 1367 3365 2240 3440; baseline 0.005 -21"><span class='ocrx_word' id='word_1_360' title='bbox 1367 3381 1422 3420; x_wconf 84' lang='lat' dir='ltr'><strong>et</strong></span> <span class='ocrx_word' id='word_1_361' title='bbox 1441 3369 1669 3420; x_wconf 80' lang='lat' dir='ltr'><strong>Reimar.</strong></span> <span class='ocrx_word' id='word_1_362' title='bbox 1698 3366 1768 3418; x_wconf 81' lang='lat' dir='ltr'><strong>ad</strong></span> <span class='ocrx_word' id='word_1_363' title='bbox 1796 3365 1999 3438; x_wconf 81' lang='lat' dir='ltr'><strong>Xiphil.</strong></span> <span class='ocrx_word' id='word_1_364' title='bbox 2022 3370 2164 3436; x_wconf 79' lang='lat' dir='ltr'><strong>LXI,</strong></span> <span class='ocrx_word' id='word_1_365' title='bbox 2185 3389 2240 3440; x_wconf 85' lang='lat'><strong>9.</strong></span> 
     </span>
    </p>
   </div>
   <div class='ocr_carea' id='block_1_9' title="bbox 1447 3441 2479 3503">
    <p class='ocr_par' dir='ltr' id='par_1_11' title="bbox 1447 3441 2479 3503">
     <span class='ocr_line' id='line_1_59' title="bbox 1447 3441 2479 3503; baseline 0.002 -3"><span class='ocrx_word' id='word_1_366' title='bbox 1447 3465 1524 3500; x_wconf 84' lang='grc' dir='ltr'><strong>ιο.</strong></span> <span class='ocrx_word' id='word_1_367' title='bbox 1568 3445 1899 3499; x_wconf 71' lang='lat' dir='ltr'><strong>Gladiatoria</strong></span> <span class='ocrx_word' id='word_1_368' title='bbox 1922 3465 2202 3502; x_wconf 76' lang='lat' dir='ltr'><strong>munem...</strong></span> <span class='ocrx_word' id='word_1_369' title='bbox 2224 3450 2375 3503; x_wconf 74' lang='lat' dir='ltr'><strong>exhi-</strong></span> <span class='ocrx_word' id='word_1_370' title='bbox 2466 3441 2479 3454; x_wconf 73' lang='grc'><em>”</em></span> 
     </span>
    </p>
   </div>
   <div class='ocr_carea' id='block_1_10' title="bbox 1365 3526 2375 4140">
    <p class='ocr_par' dir='ltr' id='par_1_12' title="bbox 1365 3526 2075 3594">
     <span class='ocr_line' id='line_1_60' title="bbox 1365 3526 2075 3594; baseline -0.003 -12"><span class='ocrx_word' id='word_1_371' title='bbox 1365 3528 1490 3582; x_wconf 72' lang='lat' dir='ltr'><strong>buit.</strong></span> <span class='ocrx_word' id='word_1_372' title='bbox 1511 3528 1669 3582; x_wconf 84' lang='lat' dir='ltr'><strong>Conf.</strong></span> <span class='ocrx_word' id='word_1_373' title='bbox 1686 3527 1791 3578; x_wconf 89' lang='lat' dir='ltr'><strong>Dio</strong></span> <span class='ocrx_word' id='word_1_374' title='bbox 1806 3564 1825 3594; x_wconf 91' lang='lat'><strong>,</strong></span> <span class='ocrx_word' id='word_1_375' title='bbox 1848 3526 1937 3578; x_wconf 86' lang='lat' dir='ltr'><strong>Lx</strong></span> <span class='ocrx_word' id='word_1_376' title='bbox 1952 3565 1969 3594; x_wconf 94' lang='lat'><strong>,</strong></span> <span class='ocrx_word' id='word_1_377' title='bbox 1996 3527 2075 3580; x_wconf 82' lang='lat'><strong>13.</strong></span> 
     </span>
    </p>

    <p class='ocr_par' dir='ltr' id='par_1_13' title="bbox 1367 3606 2375 4140">
     <span class='ocr_line' id='line_1_61' title="bbox 1443 3606 2374 3683; baseline 0.006 -25"><span class='ocrx_word' id='word_1_378' title='bbox 1443 3623 1462 3658; x_wconf 87' lang='lat'>1</span> <span class='ocrx_word' id='word_1_379' title='bbox 1481 3623 1498 3658; x_wconf 83' lang='grc' dir='ltr'>ι</span> <span class='ocrx_word' id='word_1_380' title='bbox 1511 3646 1523 3659; x_wconf 93' lang='grc'><strong>.</strong></span> <span class='ocrx_word' id='word_1_381' title='bbox 1538 3606 1967 3658; x_wconf 79' lang='lat' dir='ltr'><strong>Anniversan‘um</strong></span> <span class='ocrx_word' id='word_1_382' title='bbox 1985 3608 2041 3658; x_wconf 80' lang='lat' dir='ltr'><strong>in</strong></span> <span class='ocrx_word' id='word_1_383' title='bbox 2056 3610 2233 3662; x_wconf 75' lang='lat' dir='ltr'><strong>castris</strong></span> <span class='ocrx_word' id='word_1_384' title='bbox 2244 3629 2374 3683; x_wconf 60' lang='lat' dir='ltr'><strong>pm</strong></span> 
     </span>
     <span class='ocr_line' id='line_1_62' title="bbox 1367 3684 2373 3758; baseline 0.002 -18"><span class='ocrx_word' id='word_1_385' title='bbox 1367 3687 1608 3753; x_wconf 66' lang='lat' dir='ltr'><strong>tationis,</strong></span> <span class='ocrx_word' id='word_1_386' title='bbox 1638 3699 1739 3738; x_wconf 88' lang='lat' dir='ltr'><strong>etc.</strong></span> <span class='ocrx_word' id='word_1_387' title='bbox 1763 3703 1869 3757; x_wconf 87' lang='lat' dir='ltr'><strong>quo</strong></span> <span class='ocrx_word' id='word_1_388' title='bbox 1892 3684 1979 3739; x_wconf 82' lang='lat' dir='ltr'><strong>die</strong></span> <span class='ocrx_word' id='word_1_389' title='bbox 1996 3687 2277 3758; x_wconf 85' lang='lat' dir='ltr'><strong>imperium</strong></span> <span class='ocrx_word' id='word_1_390' title='bbox 2298 3689 2373 3743; x_wconf 89' lang='lat' dir='ltr'><strong>ibi</strong></span> 
     </span>
     <span class='ocr_line' id='line_1_63' title="bbox 1368 3767 2374 3842; baseline 0.005 -23"><span class='ocrx_word' id='word_1_391' title='bbox 1368 3781 1651 3840; x_wconf 82' lang='lat' dir='ltr'><strong>acceperat</strong></span> <span class='ocrx_word' id='word_1_392' title='bbox 1668 3805 1685 3834; x_wconf 90' lang='lat'><strong>,</strong></span> <span class='ocrx_word' id='word_1_393' title='bbox 1733 3767 1803 3833; x_wconf 69' lang='lat'><strong>24</strong></span> <span class='ocrx_word' id='word_1_394' title='bbox 1852 3769 2069 3820; x_wconf 80' lang='lat' dir='ltr'><strong>Januar.</strong></span> <span class='ocrx_word' id='word_1_395' title='bbox 2104 3770 2374 3842; x_wconf 29' lang='lat' dir='ltr'><strong>‘Memorat</strong></span> 
     </span>
     <span class='ocr_line' id='line_1_64' title="bbox 1367 3847 2375 3917; baseline 0.003 -16"><span class='ocrx_word' id='word_1_396' title='bbox 1367 3851 1470 3902; x_wconf 89' lang='lat' dir='ltr'><strong>Dio</strong></span> <span class='ocrx_word' id='word_1_397' title='bbox 1485 3885 1504 3914; x_wconf 87' lang='lat'><strong>,</strong></span> <span class='ocrx_word' id='word_1_398' title='bbox 1521 3847 1643 3914; x_wconf 84' lang='lat' dir='ltr'><strong>LX,</strong></span> <span class='ocrx_word' id='word_1_399' title='bbox 1673 3865 1690 3899; x_wconf 84' lang='grc' dir='ltr'><strong>ι</strong></span> <span class='ocrx_word' id='word_1_400' title='bbox 1704 3865 1752 3917; x_wconf 80' lang='lat'><strong>7.</strong></span> <span class='ocrx_word' id='word_1_401' title='bbox 1776 3847 1983 3900; x_wconf 79' lang='lat' dir='ltr'><strong>Similes</strong></span> <span class='ocrx_word' id='word_1_402' title='bbox 2004 3849 2168 3902; x_wconf 82' lang='lat' dir='ltr'><strong>fuisse</strong></span> <span class='ocrx_word' id='word_1_403' title='bbox 2190 3849 2375 3904; x_wconf 81' lang='lat' dir='ltr'><strong>viden-</strong></span> 
     </span>
     <span class='ocr_line' id='line_1_65' title="bbox 1369 3927 2375 4000; baseline 0.006 -20"><span class='ocrx_word' id='word_1_404' title='bbox 1369 3943 1454 3981; x_wconf 86' lang='lat' dir='ltr'><strong>tur</strong></span> <span class='ocrx_word' id='word_1_405' title='bbox 1481 3927 1593 3981; x_wconf 84' lang='lat' dir='ltr'><strong>ludi</strong></span> <span class='ocrx_word' id='word_1_406' title='bbox 1616 3937 1916 3992; x_wconf 76' lang='lat' dir='ltr'><strong>castrenses,</strong></span> <span class='ocrx_word' id='word_1_407' title='bbox 1946 3927 2015 3980; x_wconf 86' lang='lat' dir='ltr'><strong>de</strong></span> <span class='ocrx_word' id='word_1_408' title='bbox 2040 3929 2231 4000; x_wconf 82' lang='lat' dir='ltr'><strong>quibus</strong></span> <span class='ocrx_word' id='word_1_409' title='bbox 2254 3932 2375 3986; x_wconf 82' lang='lat' dir='ltr'><strong>vide</strong></span> 
     </span>
     <span class='ocr_line' id='line_1_66' title="bbox 1367 4007 2371 4082; baseline 0.005 -22"><span class='ocrx_word' id='word_1_410' title='bbox 1367 4008 1548 4060; x_wconf 86' lang='lat' dir='ltr'><strong>Tiber.</strong></span> <span class='ocrx_word' id='word_1_411' title='bbox 1567 4023 1653 4077; x_wconf 83' lang='lat'><strong>72,</strong></span> <span class='ocrx_word' id='word_1_412' title='bbox 1666 4025 1991 4079; x_wconf 76' lang='lat' dir='ltr'><strong>quamquam</strong></span> <span class='ocrx_word' id='word_1_413' title='bbox 2004 4007 2173 4074; x_wconf 69' lang='lat' dir='ltr'><strong>locuS,</strong></span> <span class='ocrx_word' id='word_1_414' title='bbox 2191 4028 2371 4082; x_wconf 82' lang='lat' dir='ltr'><strong>causa,</strong></span> 
     </span>
     <span class='ocr_line' id='line_1_67' title="bbox 1367 4085 1899 4140; baseline -0.006 0"><span class='ocrx_word' id='word_1_415' title='bbox 1367 4086 1601 4140; x_wconf 84' lang='lat' dir='ltr'><strong>editores</strong></span> <span class='ocrx_word' id='word_1_416' title='bbox 1624 4085 1899 4138; x_wconf 74' lang='lat' dir='ltr'><strong>differunt.</strong></span> 
     </span>
    </p>
   </div>
   <div class='ocr_carea' id='block_1_11' title="bbox 1446 4164 2373 4246">
    <p class='ocr_par' dir='ltr' id='par_1_14' title="bbox 1446 4164 2373 4246">
     <span class='ocr_line' id='line_1_68' title="bbox 1446 4164 2373 4246; baseline 0.008 -27"><span class='ocrx_word' id='word_1_417' title='bbox 1446 4185 1527 4220; x_wconf 84' lang='lat'><strong>12.</strong></span> <span class='ocrx_word' id='word_1_418' title='bbox 1572 4164 1861 4239; x_wconf 71' lang='lat' dir='ltr'><strong>Appellare</strong></span> <span class='ocrx_word' id='word_1_419' title='bbox 1897 4167 2065 4240; x_wconf 76' lang='lat' dir='ltr'><strong>coept&#39;t.</strong></span> <span class='ocrx_word' id='word_1_420' title='bbox 2103 4169 2373 4246; x_wconf 83' lang='lat' dir='ltr'><strong>Interpre-</strong></span> 
     </span>
    </p>
   </div>
  </div>
 </body>
</html>
