3050 5004
658 485 787 563 442
1406 484 1477 545 C.
1531 482 2004 549 SUETONII

653 622 723 679 eat
754 604 1033 702 quidem
1063 608 1431 675 immunia:
1474 623 1550 679 ut
1585 624 1773 677 tanta
1809 608 2162 679 mercede⁶
2191 608 2362 679 nihil
2389 632 2628 703 sapere
2655 610 2754 679 di·-

653 742 898 789 sceres.
930 750 955 779 ν
1296 712 1313 723 .,
1516 778 1530 796 .

747 834 862 899 v1.
910 833 983 897 C.
1012 834 1340 917 Annum-111³
1366 830 1554 897 Saus
1570 882 1590 913 ,
1615 834 2044 901 Novariensis
2060 882 2080 914 ,
2107 856 2324 927 quum
2343 832 2662 903 aedilitate
2686 835 2755 901 in

650 942 869 1033 patria
894 938 1321 1030 fungeretur,
1358 964 1574 1034 quum
1597 940 1770 1009 forte
1789 938 1908 1034 jus
1933 940 2188 1011 diceret
2207 996 2224 1026 ,
2259 944 2346 1013 ab
2371 947 2452 1013 iis
2471 998 2490 1027 ,
2523 962 2758 1013 eontra

652 1072 827 1144 quos
868 1047 1364 1141 pronunciabat
1380 1102 1398 1131 ,
1440 1049 1726 1142 pedibus
1741 1102 1760 1131 ‚
1803 1075 1842 1117 e
1887 1052 2210 1123 tribunali
2249 1053 2594 1124 detractus
2633 1072 2755 1124 est.

651 1156 854 1244 Quod
874 1158 1149 1251 indigne
1172 1158 1397 1227 ferens
1412 1212 1431 1243 ‚
1462 1162 1690 1229 statim
1711 1162 2060 1231 contendit
2079 1162 2167 1231 ad
2189 1182 2456 1259 portam
2471 1218 2490 1247 ,
2513 1182 2582 1233 et
2603 1164 2760 1235 inde

650 1272 971 1339 Romam:
1012 1285 1460 1363 receptusque
1498 1272 1570 1337 in
1609 1270 1839 1339 Planci
1877 1276 2162 1343 oratoris
2203 1274 2722 1345 contubernium
2737 1328 2756 1359 ,

652 1380 763 1447 cui
782 1377 1245 1449 declamaturo
1266 1404 1417 1450 mos
1436 1397 1584 1449 erat
1605 1384 1796 1474 prius
1813 1381 2110 1479 aliquem
2122 1436 2140 1467 ,
2163 1386 2458 1479 quiante
2473 1384 2759 1469 diceret,

652 1491 942 1575 excitare
956 1543 975 1573 ‚
997 1494 1293 1583 suscepit
1311 1514 1423 1559 eas
1443 1506 1698 1584 partes,
1723 1508 1930 1587 atque
1947 1494 2042 1562 ita
2061 1494 2366 1588 implevit
2379 1548 2398 1577 ,
2417 1512 2496 1563 ut
2514 1495 2761 1565 Planco

653 1597 995 1669 silentium
1032 1602 1445 1693 imponeret,
1483 1624 1626 1669 non
1661 1600 1939 1671 audenti
1975 1605 2048 1671 in
2079 1609 2654 1697 comparationem
2693 1630 2764 1675 se

652 1708 1026 1781 demittere.
1070 1710 1201 1781 Sed
1235 1735 1321 1779 ex
1353 1735 1435 1779 eo
1474 1711 1700 1781 clarus
1713 1763 1732 1796 ‚
1765 1717 2041 1807 propria
2070 1714 2404 1783 auditoria
2439 1719 2761 1797 instituit,

652 1820 889 1891 solitus
905 1874 923 1905 ,
953 1824 1301 1915 proposita
1328 1826 1789 1891 controversia
1811 1824 2057 1895 sedens
2085 1828 2417 1919 incipere,
2447 1843 2518 1898 et
2541 1827 2764 1897 calore

651 1933 929 2003 demum
970 1949 1332 2027 provectus
1376 1958 1784 2028 consurgere
1828 1960 1908 2005 ac
1951 1961 2290 2031 perorare.
2336 1938 2766 2009 Declamabat

653 2064 881 2119 autem
929 2070 1174 2139 genere
1224 2051 1447 2120 vario:
1498 2046 1704 2116 modo
1753 2048 2106 2141 splendide
2153 2067 2358 2146 atque
2403 2050 2760 2121 adornate:

652 2174 801 2227 tum
817 2211 835 2242 ,
886 2182 975 2227 ne
1025 2182 1516 2255 usquequaque
1569 2158 2012 2232 scholasticus
2061 2164 2590 2243 existimaretur,
2641 2166 2764 2231 cir·

652 2275 949 2343 cumcise
990 2296 1071 2342 ac
1112 2270 1381 2343 sordide
1402 2326 1421 2355 ,
1470 2289 1540 2341 et
1581 2276 2052 2346 tantummodo
2099 2276 2472 2347 trivialibus
2521 2277 2760 2346 verbis..

654 2387 807 2476 Egit
838 2402 906 2454 et
936 2408 1211 2467 causas,
1244 2408 1485 2455 verum
1517 2389 1736 2455 rarius
1753 2440 1770 2467 ,
1807 2386 1975 2457 dum
2005 2388 2492 2480 amplissimam
2529 2413 2761 2485 quam·

654 2521 789 2593 que
820 2513 1154 2580 sectatur;
1185 2521 1315 2568 nec
1340 2497 1552 2568 alium
1579 2500 1652 2568 in
1680 2498 1822 2566 ulla
1847 2498 2110 2584 locum,
2146 2525 2352 2596 quam
2377 2500 2760 2594 perorandi.

655 2613 895 2677 Postea
929 2611 1357 2680 renunciavit
1397 2616 1602 2692 Foro,
1646 2613 1894 2703 partim
1928 2611 2193 2704 pudore
2209 2663 2228 2693 ,
2269 2614 2517 2706 partim
2554 2629 2760 2682 metu.

654 2725 829 2788 Nam
877 2743 1095 2813 quum
1138 2723 1210 2792 in
1265 2720 1383 2788 lite
1434 2721 1730 2814 quadam
1783 2721 2287 2805 centumvirali,
2343 2720 2728 2792 adversario
2745 2773 2764 2806 ,

655 2854 863 2924 quem
891 2846 970 2897 ut
996 2833 1281 2922 impium
1311 2855 1471 2924 erga
1497 2848 1813 2923 parentes
1843 2831 2248 2915 incessebat,
2285 2829 2766 2926 jusjurandum

654 2943 847 3037 quasi
874 2965 997 3034 per
1024 2944 1313 3034 figuram
1338 2947 1433 3014 sic
1457 2943 1844 3012 obtulisset:
1879 2975 1908 3004 α
1930 2948 2096 3014 Jura
2123 2969 2248 3038 per
2270 2949 2480 3038 patris
2505 2949 2766 3014 matris-

656 3077 791 3150 que
829 3057 1121 3136 cineres,
1160 3057 1278 3148 qui
1310 3052 1634 3126 inconditi
1666 3051 1928 3147 jacent:
1953 3085 1980 3116 υ
2029 3071 2098 3122 et
2132 3054 2264 3122 alia
2298 3058 2369 3122 in
2401 3054 2590 3123 hunc
2625 3079 2766 3124 mo-

656 3164 859 3236 dum:
890 3168 1253 3259 arripiente
1278 3192 1358 3236 eo
1380 3167 1838 3236 conditionem
1852 3219 1871 3250 ,
1897 3190 2026 3236 nec
2042 3164 2385 3261 judicibus
2407 3191 2772 3259 aspernan-

656 3275 835 3344 tibus
857 3328 876 3358 ,
911 3299 1052 3344 non
1088 3279 1233 3344 sine
1267 3299 1513 3372 magna
1544 3281 1649 3345 sui
1679 3275 1929 3346 invidia
1967 3280 2311 3372 negotium
2349 3275 2648 3344 afflixit².
2689 3281 2770 3345 Et

660 3410 895 3456 rursus
924 3389 997 3454 in
1030 3389 1410 3479 cognitione
1438 3385 1640 3456 caedis
1659 3441 1678 3470 ,
1708 3385 2106 3472 Mediolani,
2138 3383 2324 3481 apud
2350 3389 2427 3456 L.
2460 3389 2770 3456 Pisonem

659 3498 1141 3568 proconsulem
1178 3499 1549 3568 defendens
1587 3523 1782 3567 reum
1797 3551 1813 3582 ‚
1853 3523 2070 3594 quum
2090 3551 2106 3582 ‚
2147 3498 2502 3570 cohibente
2539 3500 2770 3568 lictore

660 3611 901 3679 nimias
920 3606 1343 3678 laudantium
1360 3627 1383 3656 ²
1411 3634 1610 3680 voces
1627 3663 1644 3694 ,
1670 3612 1762 3676 ita
1785 3607 2260 3680 excanduisset
2275 3663 2294 3692 ,
2321 3625 2398 3678 ut
2421 3626 2519 3693 et,
2545 3609 2774 3704 deplo-

660 3737 808 3792 rato
834 3721 1044 3790 Italiae
1068 3737 1246 3794 statu
1267 3773 1285 3806 ,
1313 3724 1507 3817 quasi
1531 3725 1778 3792 iterum
1801 3724 1872 3790 in
1897 3721 2192 3790 formam
2213 3725 2578 3816 provinciae
2601 3720 2771 3792 redi·

732 3955 783 4008 6.
828 3955 1002 4010 Tanta
1035 3953 1281 4008 mercede.
1312 3953 1476 4030 Apud
1502 3955 1670 4008 Cicer.
1839 3974 1887 4010 2.
1909 3955 2296 4018 Laudantium5
2317 3955 2430 4008 scil.
2449 3956 2768 4020 auditorum,

664 4036 824 4108 vulgo
860 4061 882 4083 a
899 4054 996 4109 pro
1024 4049 1171 4088 tanta
1200 4036 1459 4090 mercede.
1482 4060 1504 4084 ιι
1763 4038 1990 4090 maxime
2013 4055 2077 4090 ex
2095 4033 2396 4109 discipulis,
2423 4053 2654 4107 quorum
2675 4053 2768 4088 co-

732 4118 821 4169 vl.
856 4133 900 4170 1.
939 4117 1222 4189 Negotium
1256 4115 1485 4190 afflixit,·
1527 4130 1582 4170 ut
1613 4116 1672 4172 lis
1761 4134 1895 4169 rona
1931 4130 2274 4188 perorantem
2313 4117 2618 4186 magistrum
2659 4117 2770 4171 cin·-

666 4192 997 4264 perderetur‚
1024 4195 1168 4246 fecit.
1765 4196 1942 4266 gebat.
