3050 5004
686 495 817 563 356

1435 496 1506 559 C.
1561 494 2025 560 SUETONII

680 622 851 693 ctael*
878 646 1003 715 pro
1031 620 1397 689 concubitu
1435 624 1738 689 sestertia
1769 620 2263 715 quadringenta
2293 618 2644 705 donasset3
2673 622 2778 689 ad-

680 752 999 804 monente
1028 734 1495 826 dispensatore
1514 784 1532 814 ,
1560 730 2134 828 quemadmodum
2161 756 2498 799 summam
2526 736 2780 801 rationi·

680 848 809 915 bus
838 844 1044 915 vellet
1068 845 1340 924 inferri3
1376 874 1402 905 α
1424 847 1875 936 Vespasiano,
1901 874 1927 905 υ
1960 845 2212 938 inquit,
2251 842 2631 913 «adamato.
2659 876 2684 905 υ

770 963 1013 1027 XXIII.
1068 956 1400 1025 Utebatur
1436 974 1506 1024 et
1531 955 1842 1024 versibus
1878 958 2128 1024 Graecis
2161 959 2556 1049 tempestive
2591 960 2779 1037 satis,

676 1086 757 1137 ut
782 1066 867 1135 de
896 1066 1193 1162 quodam
1221 1090 1522 1160 procerae
1550 1082 1826 1135 staturae
1848 1120 1864 1149 ,
1894 1066 2402 1160 improbiusque
2427 1083 2589 1135 nato
2609 1078 2624 1105 ¹
2655 1095 2670 1133 :

992 1218 1178 1296 Μακρὰ
1198 1218 1345 1295 βιβάς
1358 1224 1410 1290 ²,
1442 1215 1671 1296 κραδάων
1696 1216 2030 1296 δολιχόστιον
2051 1216 2205 1295 ’ἔγχος
2219 1238 2236 1251 ·

675 1372 741 1422 et
758 1353 844 1421 de
861 1351 1104 1429 Cerulo
1126 1350 1365 1418 liberto
1382 1348 1433 1433 ³,
1456 1354 1572 1447 qui
1592 1352 1780 1420 dives
1799 1350 2170 1419 admodum
2188 1351 2277 1419 ob
2294 1350 2780 1442 subterfugien-

740 1575 792 1641 4.
817 1574 1117 1635 Perductoe5
1142 1573 1211 1625 ad
1232 1588 1501 1646 stuprum,
1525 1587 1586 1627 ut
1599 1576 1685 1627 Ti·

668 1654 780 1705 ber.
808 1652 896 1719 45.
935 1652 1016 1703 ΑΙ.
1052 1652 1336 1723 productae.
1371 1652 1601 1705 Casaub.
1632 1667 1686 1706 et

664 1737 954 1785 Burmann.
976 1728 1083 1802 legi
1100 1731 1387 1789 voluerunt
1400 1732 1652 1805 perducta
1659 1773 1678 1801 ‚

666 1827 729 1864 ut
760 1812 956 1864 femina
983 1812 1313 1882 Vespasiano
1342 1811 1488 1863 illam
1514 1830 1683 1883 pecu—

666 1893 809 1944 niam
834 1888 1043 1942 dederit
1063 1890 1216 1961 quasi
1234 1890 1480 1956 μίσθωμα.
1500 1892 1581 1947 erik
1606 1913 1687 1942 συ-

592 2036 597 2044 .
668 1970 868 2036 novolae,
881 1968 1031 2042 quod
1042 1987 1173 2021 sano
1185 1973 1363 2023 sensui
1374 1990 1483 2023 non
1494 1974 1604 2024 min
1611 1990 1686 2039 us,

668 2070 829 2124 quam
843 2048 1088 2120 legitimae
1101 2048 1389 2101 verborum
1404 2063 1684 2103 structurae

668 2147 989 2203 repugnare,
1004 2128 1131 2179 satis
1147 2126 1492 2199 disputarunt
1506 2128 1684 2180 Duke-

666 2228 779 2277 rus‚
803 2210 1007 2260 Ernest.
1030 2209 1085 2259 in
1105 2210 1373 2274 Excursu‚
1394 2222 1446 2261 et
1463 2206 1686 2261 Ouden-

668 2287 821 2362 dorp.
856 2288 984 2340 Mox
1014 2286 1399 2363 quadrinqenta
1424 2307 1554 2340 cum
1577 2289 1688 2341 Ou-

668 2367 930 2441 dendorp.
957 2364 1220 2419 edidimus
1244 2386 1274 2419 e
1297 2366 1512 2418 Memm.
1541 2367 1688 2419 aliis-

670 2466 776 2521 que
822 2465 923 2519 pro
966 2444 1315 2520 quaquinta
1335 2484 1354 2513 ‚
1402 2460 1456 2497 et
1503 2445 1689 2518 inferri

668 2549 769 2602 pro
790 2527 1001 2601 referri,
1022 2526 1247 2598 jubente
1270 2526 1440 2587 Codd.
1463 2530 1690 2602 auctori-

669 2622 781 2662 tate
828 2607 1197 2678 sermonisque
1242 2607 1415 2658 Latini
1458 2608 1684 2659 ratione.

669 2687 848 2741 Verba
874 2686 1108 2757 denique
1137 2685 1453 2757 Vespasiano
1474 2688 1690 2739 adama-

674 2779 725 2819 to
743 2806 761 2835 ,
790 2769 849 2819 iu
877 2765 1073 2840 quibus
1102 2767 1301 2837 pariter
1332 2765 1691 2819 hallucinatur

674 2851 1038 2911 Burmannus,
1060 2864 1169 2897 non
1190 2843 1397 2899 dativus
1420 2863 1536 2899 esse
1555 2861 1689 2918 puto

674 2946 801 2978 cum
828 2927 955 2977 viris
979 2925 1185 2992 doctis,
1216 2944 1353 2997 quos
1380 2945 1546 2998 supra
1571 2926 1694 2978 lau-

674 3007 822 3073 davi,
842 3004 937 3058 sed
958 3003 1246 3071 ablativos,
1267 3006 1359 3058 Gr.
1376 3005 1692 3060 oium-‚em-

675 3087 752 3141 νοῦ
776 3081 1084 3156 ὶμσθῖνσος,
1108 3083 1219 3137 scil.
1242 3104 1451 3138 summa
1471 3085 1586 3140 haec
1605 3106 1694 3140 ex-

676 3185 846 3241 pensa
876 3177 969 3218 est.

748 3246 935 3300 XXIII.
969 3262 1015 3297 1.
1038 3245 1433 3318 Impmbiusqae
1454 3259 1614 3309 nato‚·
1637 3247 1694 3299 h.

680 3347 728 3382 e.
754 3327 844 3379 cui
864 3336 1057 3379 natura
1082 3323 1275 3395 (sensu
1295 3325 1582 3396 obscoeno)
1600 3328 1695 3378 im-

678 3405 852 3479 proba
876 3407 988 3458 sive
1006 3423 1199 3474 magna
1224 3417 1359 3456 erat.
1387 3406 1485 3456 Hic
1510 3423 1696 3457 sensus

680 3489 838 3540 unice
852 3503 1026 3539 verus.
1038 3485 1175 3537 Vide
1188 3485 1329 3538 Volf.
1340 3488 1501 3538 Vanae
1516 3499 1697 3538 autem

682 3579 807 3621 sunt
843 3563 1241 3617 emendationes
1279 3566 1438 3631 irato,
1477 3565 1694 3635 pedatu,

682 3656 887 3710 vasato,
914 3645 1237 3710 maconiano,
1262 3656 1458 3696 nasato.

758 3743 807 3779 a.
833 3721 1013 3792 Μαιμιῖ
1036 3719 1213 3788 βιβάς,
1238 3737 1339 3774 etc.
1364 3725 1562 3774 Versus
1584 3723 1698 3774 Ho-

684 3805 847 3871 meri,
868 3803 1016 3856 Iliad.
1040 3803 1165 3870 Vll,
1190 3802 1320 3869 213,
1344 3800 1411 3854 de
1430 3803 1609 3872 Ajace.

759 3885 810 3938 3.
838 3884 914 3936 Et
932 3883 997 3934 de
1024 3881 1205 3934 cerato
1223 3881 1434 3945 liberto,
1454 3894 1558 3933 etc.
1578 3881 1700 3933 Cor-

686 3967 809 4036 rigit
823 3964 1029 4016 Ernest.
1046 3959 1306 4026 libertino,
1319 3962 1570 4034 quoniam
1585 3980 1697 4013 uon

686 4043 943 4098 credibile
978 4043 1247 4107 videatur,
1285 4041 1600 4112 Vespasiani
1633 4041 1700 4094 li-

688 4125 896 4176 bertum
934 4123 1099 4176 fuisse
1132 4119 1400 4174 Gerulum.
1434 4119 1698 4173 Walther.

687 4203 907 4259 Observ.
936 4221 1058 4275 pag.
1080 4201 1177 4270 30,
1196 4213 1369 4255 totum
1386 4199 1669 4256 discrimen
1683 4239 1700 4272 ,

1774 1573 1922 1645 quod
1939 1585 2178 1627 statuunt
2196 1576 2330 1623 inter
2345 1571 2638 1624 libertinum
2656 1585 2708 1623 et
2723 1571 2778 1623 li-

1774 1656 1974 1706 bertum
1995 1665 2238 1725 respectu
2259 1649 2490 1719 domini,
2511 1664 2664 1703 acute
2679 1652 2784 1723 qui·

1773 1734 1896 1787 dem
1911 1738 2216 1806 impugnat,
2236 1736 2308 1785 ita
2322 1747 2500 1785 tamen
2512 1770 2530 1799 ,
2551 1746 2612 1785 ut
2630 1752 2782 1785 usum

1773 1813 2014 1881 dicendi,
2040 1833 2070 1865 a
2099 1812 2442 1883 scriptoribus
2473 1812 2602 1864 alias
2627 1830 2782 1863 accu-

1774 1896 2030 1946 ratissime
2046 1894 2402 1957 observatum,
2419 1895 2668 1944 evertisse
2683 1891 2785 1943 dis-

1771 1976 2052 2045 putatione
2085 1990 2198 2023 uon
2228 1970 2490 2024 videatur.
2517 1973 2634 2042 Ego
2669 1972 2786 2043 qui-

1775 2051 1896 2105 dem
1907 2054 2226 2124 Vespasiani
2236 2050 2484 2104 libertum
2495 2052 2550 2103 fu
2557 2054 2662 2103 isse
2673 2070 2787 2124 per·

1775 2149 1988 2185 suasum
2010 2131 2141 2184 mihi
2158 2130 2356 2199 habeo,
2379 2134 2530 2202 cujus
2550 2130 2788 2183 defuncti

1775 2210 1920 2263 bona
1935 2230 1996 2263 ex
2017 2225 2168 2282 parte
2187 2210 2256 2262 ad
2277 2208 2464 2263 fiscum
2478 2212 2789 2283 Vespasiani

1777 2290 2024 2343 redibant
2039 2329 2056 2357 ,
2095 2304 2155 2343 ut
2193 2292 2425 2362 patroni.
2467 2292 2606 2343 Nam
2645 2290 2792 2363 quod

1776 2373 1986 2423 Ernest.
2009 2370 2222 2440 objicit,
2248 2370 2452 2423 nullum
2473 2370 2548 2423 ibi
2563 2374 2655 2444 jus
2681 2372 2790 2423 fisci

1776 2450 1968 2518 fuisse,
1994 2468 2159 2522 quum
2177 2450 2408 2522 pecunia
2427 2468 2490 2502 ea
2502 2448 2574 2501 ad
2593 2454 2792 2523 Vespa-

1780 2531 1988 2582 sianum
2014 2542 2075 2580 ut
2101 2543 2419 2600 patronum,
2459 2549 2568 2581 non
2597 2543 2659 2582 ut
2683 2532 2788 2582 lm-

1777 2620 2080 2678 peratorem
2092 2646 2108 2674 ‚
2129 2609 2479 2678 pervenisset,
2497 2607 2552 2659 id
2567 2610 2625 2661 in
2643 2626 2794 2680 argu·

1780 2689 1980 2739 tatione
1999 2686 2066 2738 de
2075 2683 2200 2759 fisci
2219 2687 2605 2758 significatione
2627 2708 2794 2742 versa·

1781 2781 1885 2832 tur,
1927 2766 1994 2820 ad
2035 2785 2194 2838 quem
2235 2769 2558 2838 pertinuisse
2600 2768 2788 2834 credo,

1782 2866 1900 2920 quae
1937 2849 2144 2919 privato
2187 2849 2350 2900 etiam
2389 2849 2607 2902 nomine
2641 2851 2791 2901 Prin-

1781 2945 1908 2998 ceps
1937 2926 2251 2998 accipiebat.
2284 2927 2403 2978 Jam
2435 2945 2604 2998 quum
2633 2928 2793 2980 Ceru-

1780 3008 1863 3060 lus
1881 3009 2170 3080 ingenuum
2187 3025 2244 3059 se
2257 3005 2467 3060 tulisset
2481 3006 2638 3078 (vera
2653 3011 2791 3061 enim

1781 3087 1942 3139 lectio
1967 3099 2046 3138 est
2059 3085 2235 3157 ferre,
2254 3105 2367 3138 non
2391 3086 2620 3140 aliorum
2641 3089 2794 3161 effer-

1783 3167 1893 3236 re),
1931 3163 2179 3218 Lachetis
2213 3179 2386 3218 sumto
2419 3167 2668 3232 nomine,
2697 3169 2794 3218 Ve-

1783 3244 2088 3316 spasianus,
2117 3245 2317 3295 mortui
2338 3243 2510 3310 bona,
2537 3258 2598 3295 ut
2621 3243 2794 3301 liberti

1784 3321 1992 3386 Geruli,
2016 3323 2254 3391 quamvis
2277 3321 2476 3376 Laches
2499 3325 2651 3376 vivus
2670 3324 2794 3375 fuis-

1787 3415 1894 3467 set,
1913 3401 1984 3452 ad
2002 3418 2058 3453 se
2079 3415 2424 3474 perventura,
2445 3417 2722 3475 artemque
2739 3402 2796 3453 il·

1787 3481 1892 3532 lam
1918 3497 2110 3551 parum
2127 3483 2466 3553 profuturam
2487 3482 2697 3535 homini
2717 3481 2794 3534 di·-

1787 3559 1963 3623 cebat,
1983 3561 2388 3615 accommodato
2403 3582 2555 3616 versu
2578 3566 2797 3616 Menan·

1788 3639 1872 3690 dri
1913 3637 2170 3708 (Collect.
2209 3641 2427 3708 Clerici,
2457 3661 2581 3714 pag.
2628 3643 2794 3710 248),

1787 3715 1912 3772 ι’πὲν
1939 3717 2222 3781 ἀπαθείας,
2249 3713 2395 3777 αὖθις
2417 3721 2476 3788 ἐξ
2507 3721 2661 3791 ἁρχῖς
2691 3723 2794 3792 icy,

1787 3800 1861 3853 ita
1895 3813 1952 3851 ut
1983 3798 2230 3852 Lachetis
2263 3797 2546 3872 Cerulique
2580 3805 2796 3854 nomina

1787 3881 2022 3933 adderet.
2052 3883 2174 3950 ipsa
2195 3881 2310 3950 joci
2335 3881 2594 3936 festivitas
2627 3897 2680 3936 et
2707 3903 2800 3938 co-

1790 3963 1944 4014 mitas
1970 4000 1985 4027 ,
2035 3962 2339 4032 propiorem
2385 3979 2508 4014 cum
2559 3963 2798 4035 Principe

1791 4039 2232 4092 consuetudinem
2278 4039 2472 4092 Cerulo
2515 4041 2704 4108 fuisse,
2745 4044 2799 4094 in

1789 4119 1962 4172 alieno
1985 4117 2176 4172 liberto
2201 4121 2285 4174 vix
2309 4119 2651 4188 credibilem,
2676 4123 2798 4175 satis

1789 4198 2037 4254 ostendit.
