3050 5004
1168 447 1498 512 GALBA.
2248 447 2379 533 257

291 581 471 646 Nero
501 598 584 643 ex
605 572 975 665 remigibus
990 570 1212 665 justos
1237 573 1486 641 milites
1512 572 1791 655 fecerat,
1818 572 2041 644 redire
2069 572 2157 644 ad
2178 576 2406 668 pristi-

291 709 460 754 num
476 700 726 753 statum
743 700 1011 775 cogeret
1028 708 1045 764 ·‚
1067 698 1479 766 recusantes,
1499 698 1703 776 atque
1718 683 1919 774 insup
1928 706 2003 750 er
2020 683 2313 777 aquilam
2337 699 2405 753 et

247 848 256 855 .
292 800 484 889 signa
505 796 918 888 pertinacius
939 792 1326 886 flagitantes
1341 792 1364 833 ⁵
1386 844 1406 877 ‚
1431 816 1573 861 non
1598 790 1807 860 modo
1832 794 2144 861 immisso
2184 797 2409 889 equite

293 902 632 999 disjecit⁶,
659 903 777 975 sed
807 906 1164 975 decimavit
1193 908 1418 973 etiam.
1449 909 1618 971 Item
1642 908 2143 971 Germanorum
2178 902 2411 973 cohor-

293 1032 432 1082 tem
443 1024 496 1099 ⁷,
520 1038 562 1082 a
579 1014 955 1082 Caesaribus
975 1013 1135 1083 olim
1155 1014 1243 1081 ad
1267 1012 1642 1081 custodiam
1662 1014 1979 1105 corporis
1998 1014 2371 1083 institutam
2388 1066 2409 1097 ,

292 1121 666 1219 multisque
705 1125 1182 1217 experimentis
1223 1120 1717 1205 fidelissimam,
1762 1120 2107 1203 dissolvit,
2146 1146 2227 1191 ac
2262 1125 2406 1192 sine

297 1232 438 1301 ullo
461 1231 818 1301 commodo
846 1236 1104 1301 remisit
1129 1236 1197 1301 in
1229 1234 1547 1327 patriam,
1579 1234 1773 1326 quasi
1804 1235 1927 1299 Cn.
1966 1229 2407 1318 ⁸Dolabellae,

211 1428 224 1435 ·
289 1340 484 1436 juxta
517 1340 712 1435 cujus
739 1341 972 1411 hortos
997 1342 1346 1429 tendebat,
1371 1346 1780 1437 proniorem.
1809 1340 1936 1408 Illa
1971 1366 2241 1437 quoque
2260 1397 2277 1428 ,
2308 1368 2413 1437 ve·

297 1476 460 1521 rene
474 1477 566 1521 an
587 1452 778 1537 falsu,
790 1477 915 1549 per
929 1452 1300 1521 ludibrium
1316 1450 1768 1547 jactabantur,
1788 1456 2103 1546 apposita
2124 1452 2411 1523 lautiore

299 1584 489 1629 coena
513 1563 926 1653 ingemuisse
951 1586 1145 1646 eum;
1175 1578 1243 1630 et
1265 1559 1603 1630 ordinario
1628 1560 1903 1655 quidem
1932 1560 2407 1654 dispensatori,

295 1670 708 1739 breviarium
747 1672 1085 1740 rationum
1130 1673 1475 1757 offerenti,
1521 1672 1951 1765 parapsidem
1968 1680 1996 1721 ⁹
2043 1671 2402 1764 leguminis

295 1805 423 1875 pro
447 1779 801 1851 sedulitate
829 1806 910 1849 ac
939 1780 1288 1877 diligentia
1314 1786 1729 1877 porrexisse3
1774 1787 1959 1851 Cano
1996 1798 2222 1851 autem
2250 1782 2403 1853 cho·

298 1892 545 1979 raulae,
573 1894 744 1960 mire
779 1892 1103 1986 placenti,
1147 1893 1459 1963 denarios
1499 1897 1797 1989 quinque
1831 1892 2127 1961 donasse
2148 1904 2227 1977 ¹⁰,
2252 1918 2401 1987 pro-

299 2000 472 2070 latos
496 2026 704 2069 manu
736 2026 860 2068 sua
883 2027 920 2070 e
941 2003 1398 2097 peculiaribus
1425 2002 1665 2072 loculis
1693 2006 1853 2071 suiS.

364 2117 577 2180 XIII.
623 2116 846 2197 Quare
887 2114 1220 2182 adventus
1261 2112 1410 2207 ejus
1451 2138 1592 2182 non
1630 2114 1915 2208 perinde
1964 2132 2191 2208 gratus
2232 2114 2400 2200 fuit,

301 2220 504 2318 idque
534 2225 843 2317 proximo
877 2223 1264 2318 spectaculo
1292 2227 1637 2318 apparuit:
1674 2224 2010 2329 siquidem
2042 2232 2058 2264 ⁸
2079 2225 2399 2294 Atellanis

301 2334 726 2403 notissimum
747 2338 1084 2403 oenticum
1107 2337 1383 2417 exorsis,
1417 2366 1444 2397 a
1463 2337 1773 2405 Venitio!
1802 2338 2057 2405 Simus²
2088 2360 2131 2403 a
2148 2336 2345 2419 villa;
2356 2367 2384 2400 a

371 2547 422 2600 ⁵.
455 2545 628 2620 Atque
644 2547 1155 2620 insuper-aquilam..
1172 2547 1302 2626 ‚fla-
1391 2563 1515 2600 cum
1538 2548 1753 2601 Othone
1773 2561 1823 2599 et
1844 2549 1929 2600 Pis
1907 2565 2035 2598 sone
2050 2546 2393 2619 adoptionem

296 2627 548 2700 quantes,-
583 2630 795 2699 «signa,
832 2629 1006 2700 inquit
1034 2629 1300 2682 Plutarch.
1387 2625 1567 2680 Galbae
1598 2625 1873 2694 ambiisse,
1913 2637 2095 2676 auctor
2132 2624 2267 2677 Plut.
2305 2625 2390 2677 23.

298 2707 335 2756 l.
359 2724 404 2757 c.
437 2705 636 2776 legioni
658 2724 763 2758 suae
797 2705 1118 2776 flagitantes,
1146 2721 1198 2760 et
1219 2707 1301 2759 lo-

299 2801 420 2834 cum
454 2783 548 2836 nbi
573 2781 863 2836 tenderent.
883 2809 906 2832 n
947 2785 1142 2855 Xiphil.
1181 2785 1216 2836 l.
1248 2800 1294 2837 c.

299 2862 450 2928 ἰξίοω
464 2862 509 2915 ἂν
525 2861 588 2931 ἦ
599 2860 723 2931 αὖα-ἢ
739 2863 961 2931 στρατείᾳ
974 2863 1296 2929 φυλαχθῖηιί,

300 2941 462 3014 qnod,
485 2943 825 2994 manifestum
846 2954 944 3007 est,
971 2961 1080 2994 non
1106 2943 1172 2994 ad
1194 2939 1300 2997 ende

297 3019 564 3092 θορυρὸμυς
588 3021 662 3072 ihi
684 3023 986 3074 nominatos
1014 3025 1298 3095 pertinere,

298 3099 387 3153 sed
411 3099 484 3152 ad
517 3097 692 3168 ὄρθια-ς,
719 3099 976 3172 Xipbilini
1001 3101 1084 3153 vel
1099 3101 1302 3154 librarii

297 3196 476 3232 errore
491 3195 730 3230 onussos.

361 3258 417 3310 6.
445 3259 577 3310 Non
600 3255 816 3308 modo...
845 3255 1059 3328 disjecit,
1089 3269 1190 3308 etc.
1217 3257 1300 3309 Cf.

295 3332 919 3409 Plutarcb.etXiphil.qui
929 3355 1039 3387 non
1053 3339 1302 3408 equitem,

297 3415 389 3466 sed
403 3412 640 3484 peditem
653 3416 944 3468 immissum
963 3413 1116 3481 dicit,
1142 3415 1302 3468 adeo-

299 3513 399 3566 que
422 3497 526 3546 ista
541 3493 719 3548 Galba.-
733 3499 926 3550 saevitia
941 3497 1160 3568 periisse
1181 3492 1304 3546 illo-

299 3591 416 3624 rnm
446 3571 517 3624 ad
552 3585 744 3646 septem
781 3574 956 3628 millia
980 3571 1157 3647 (quod
1177 3576 1300 3644 jure

298 3651 620 3705 Casanbono
643 3655 878 3707 veritatis
905 3653 1119 3707 modum
1145 3671 1301 3705 exce-

301 3729 424 3784 dere
438 3731 709 3804 videtur),
729 3747 918 3806 praeter
931 3736 1198 3804 ingentem
1215 3752 1304 3784 eo-

297 3829 416 3864 rum
443 3831 756 3882 numerum,
783 3817 876 3886 qui
905 3827 1034 3866 tunc
1068 3813 1300 3877 liberati,

297 3907 424 3944 mox
448 3891 697 3943 decimati
725 3905 862 3944 sunt.

369 3989 420 4042 7.
465 3971 847 4024 Germanorum
881 3971 1173 4036 cohortem,
1199 3985 1302 4022 ete.

297 4049 373 4101 Cf.
400 4049 473 4101 ad
502 4051 724 4120 August.
757 4051 852 4122 49,
881 4064 934 4103 et
955 4051 1120 4123 Calig.
1149 4051 1233 4104 58.

371 4131 426 4183 8.
469 4132 563 4182 Cn.
597 4129 918 4192 Dolabelloe3
957 4149 1114 4203 quem
1146 4131 1301 4184 simul

481 4245 580 4311 ΙΙ.

1388 2707 1754 2778 Propinquum
1785 2703 1964 2757 Galboe
1987 2701 2116 2755 dicit
2132 2705 2299 2756 Tacit.
2327 2705 2394 2760 H.

1388 2786 1429 2850 1,
1443 2785 1512 2837 88
1524 2822 1541 2850 ‚
1559 2798 1611 2835 et
1626 2783 1692 2835 ab
1701 2781 1913 2836 Othone
1928 2783 2179 2835 custodiae
2192 2783 2395 2854 datum,

1388 2880 1511 2912 mox
1531 2858 1727 2914 Vitellii
1739 2863 1895 2932 jussu
1920 2861 2184 2913 occisum:
2210 2865 2284 2932 11,
2304 2863 2392 2916 63.

1463 2957 1513 3011 9.
1555 2939 1908 3014 Par-apsidem.
1939 2940 2022 2993 ΔΙ.
2043 2943 2394 3013 paropsidem,

1389 3035 1540 3072 sueta
1571 3020 1836 3072 scribendi
1861 3019 2179 3074 diversitate.

1469 3114 1549 3150 10.
1585 3100 1779 3152 Cano..
1796 3101 2054 3164 donam,
2064 3113 2167 3152 etc.
2177 3101 2257 3153 Cf.
2270 3103 2395 3156 Plu-

1391 3176 1563 3230 tarch.
1588 3177 1668 3230 16.
1681 3177 1986 3250 xiphilinus
2000 3193 2197 3248 autem,
2211 3180 2394 3256 LXIV,

1393 3275 1458 3322 2,
1487 3269 1693 3310 tantam
1716 3255 1895 3311 Galhae
1920 3259 2190 3311 avaritiam
2229 3263 2395 3316 fuisse

1392 3334 1556 3402 dicit,
1586 3349 1647 3388 ut
1684 3336 1972 3407 aliquando
2010 3341 2219 3391 muneri
2246 3341 2397 3396 daret

1391 3417 1575 3466 amicis
1603 3433 1711 3467 non
1736 3415 1983 3467 denarios
2006 3417 2272 3490 integros,
2302 3421 2397 3476 sed

1392 3509 1536 3544 asses
1561 3491 1697 3544 duos
1725 3497 1909 3545 tresve.

1462 3573 1597 3623 xm.
1632 3587 1675 3625 t.
1701 3571 1987 3635 Atellani„
2012 3573 2067 3625 h,
2094 3595 2140 3628 e.
2169 3583 2397 3634 auctori-

1389 3649 1490 3702 bus
1519 3649 1910 3716 Atellanarum,
1945 3649 2011 3704 de
2045 3653 2239 3724 quihus
2275 3657 2395 3711 vide

1393 3731 1460 3782 ad
1479 3729 1656 3780 Tiber.
1685 3728 1770 3794 45:
1800 3756 1873 3770 -
1894 3731 1995 3780 Pro
2025 3734 2237 3800 exorsis,
2273 3749 2396 3787 ante

1389 3807 1705 3862 Beroaldum
1722 3807 1995 3878 legebatur
2008 3829 2233 3876 exorsus,
2252 3812 2398 3866 haud

1394 3887 1557 3939 dubie
1605 3907 1633 3939 e
1680 3889 1828 3939 vitio.
1874 3885 2101 3942 Casaub.
2146 3891 2397 3946 excidisse

1391 3966 1623 4039 putabat
1656 3967 1717 4018 St
1729 4005 1749 4033 ,
1788 3965 1980 4019 silentii
2018 3971 2223 4041 signum
2252 3971 2397 4042 apud

1391 4049 1651 4114 comicos,
1677 4061 1799 4098 ante
1824 4047 1978 4100 venit.

1467 4155 1516 4189 2.
1552 4137 1708 4192 Venit
1732 4139 1816 4191 io!
1836 4139 2036 4206 Simus,
2062 4152 2163 4190 etc.
2189 4140 2247 4190 In
2274 4137 2396 4192 loco

2032 4259 2107 4323 ¹7
