3050 5004
647 467 735 512 20
1397 443 1467 504 c.
1517 393 1988 507 sUETONn

642 567 971 640 consultis
997 565 1246 644 abolita
1262 620 1279 649 ,
1305 567 1589 660 requiri,
1618 583 1687 632 et
1713 588 1863 634 esse
1889 567 1961 633 in
1989 565 2305 634 manibus
2330 566 2749 663 lectitarique

641 682 980 776 permisit:
1009 677 1283 775 quando
1301 679 1594 745 maxime
1615 699 1738 743 sua
1760 679 2145 759 interesset,
2170 693 2249 745 ut
2265 676 2443 745 facta
2458 701 2749 772 quaeque

639 792 930 884 posteris
965 787 1342 856 tradantur.
1384 788 1703 854 Rationes
1744 787 2041 880 imperii⁵
2060 840 2078 869 ,
2120 787 2209 856 ab
2250 794 2552 880 Augusto
2592 811 2750 881 pro-

445 871 466 888 ..
535 883 550 970 τ’
637 905 804 996 poni
841 900 1103 984 solitas,
1143 897 1265 967 sed
1301 924 1342 965 a
1377 897 1651 966 Tiberio
1678 901 2097 968 intermissas
2117 951 2135 981 ‚
2174 899 2563 992 publicavit.
2602 905 2749 966 Ma-

637 1012 1026 1107 gistratibus
1066 1011 1350 1080 liberam
1386 1008 1962 1105 jurisdictionem,
2006 1029 2073 1082 et
2114 1015 2258 1082 sine
2301 1016 2407 1081 sui
2446 1014 2747 1108 appella-

635 1130 820 1196 tione
843 1179 860 1209 ,
904 1123 1296 1194 concessit⁶.
1341 1127 1620 1220 Equites
1662 1129 2002 1200 Romanos
2038 1149 2272 1194 severe
2308 1131 2708 1223 curioseque
2730 1180 2747 1210 ,

635 1262 764 1307 nec
787 1240 933 1306 sine
956 1235 1415 1306 moderatione
1431 1289 1448 1319 ,
1479 1239 1941 1328 recognovit⁷t
1975 1237 2204 1330 palam
2239 1236 2510 1307 ademto
2534 1262 2712 1334 equo
2728 1291 2745 1322 ,

637 1349 886 1444 quibus
912 1364 1034 1416 aut
1052 1345 1286 1440 probri
1311 1345 1571 1441 aliquid
1596 1363 1717 1414 aut
1741 1349 2129 1440 ignominiae
2156 1352 2442 1418 inesset:
2474 1373 2746 1433 eorum,

636 1461 755 1555 qui
787 1449 1281 1551 minore‘culpa
1313 1470 1729 1536 tenerentur,
1764 1458 2153 1527 nominibus
2182 1458 2386 1527 modo
2412 1462 2483 1526 in
2511 1463 2749 1528 recita·

636 1571 821 1637 tione
861 1569 1240 1662 praeteritis.
1293 1571 1385 1634 Ut
1420 1565 1632 1633 levior
1668 1565 1863 1634 labor
1897 1564 2359 1660 judicantibus
2402 1570 2577 1637 foret
2596 1625 2612 1654 ,
2658 1570 2748 1639 ad

636 1695 931 1778 quatuor
952 1681 1214 1773 priores
1233 1681 1543 1774 quintam
1575 1677 1922 1746 decuriam
1953 1679 2269 1749 addidit-⁰³.
2303 1685 2619 1751 Tentavit
2647 1700 2715 1750 et
2730 1736 2747 1766 ,

635 1791 1066 1859 comitiorum
1104 1813 1292 1857 more
1334 1805 1679 1871 revocato,
1728 1790 2053 1882 suffragia
2097 1793 2355 1885 populo
2397 1793 2743 1862 vreddere.

633 1907 886 1994 Legata
918 1922 1002 1967 ex
1029 1915 1431 1968 testamento
1452 1899 1741 1983 Tiberii,
1768 1925 2186 1996 quamquam
2216 1902 2465 1972 abolito
2482 1957 2499 1986 ,
2533 1904 2654 1972 sed
2683 1923 2751 1972 et
2794 1973 2801 1980 ,

635 2009 836 2080 Juliae
870 2016 1222 2102 Augustae,
1265 2007 1452 2105 quod
1488 2010 1802 2079 Tiberius
1843 2031 2344 2106 suppresserat,
2388 2039 2545 2082 cum
2574 2014 2745 2099 fide,

633 2144 715 2188 ac
733 2121 878 2188 sine
898 2116 1241 2186 calumnia
1258 2134 1744 2212 repraesentata
1766 2119 2095 2212 persolvit
2109 2131 2181 2188 ¹⁰.
2204 2127 2749 2194 Ducentesimam

633 2231 1032 2300 auctionum
1072 2228 1284 2298 ltaliae
1325 2231 1613 2297 remisit⁸
1630 2240 1642 2267 ¹
1658 2281 1673 2296 .
1720 2229 1957 2299 Multis
1998 2231 2463 2301 incendio-rum
2501 2233 2749 2304 damna

709 2476 760 2533 ⁵.
805 2475 1049 2530 Rationes
1080 2474 1321 2547 imperii,
1349 2488 1450 2529 etc.
1485 2476 1646 2531 Conf.

635 2558 771 2625 nio,
795 2556 910 2608 le
927 2592 944 2621 ‚
968 2572 1022 2626 9.

705 2636 758 2689 6.
799 2633 1193 2710 Μαςίπναεὶὸαε
1214 2671 1227 2686 .
1253 2674 1265 2687 .
1290 2672 1302 2685 .
1329 2672 1340 2685 .
1367 2634 1613 2687 concessit
1629 2655 1649 2695 ‚-

635 2713 781 2767 unde
812 2708 1278 2781 ἢμοκρωικοίτισος
1303 2713 1458 2765 initio
1485 2713 1651 2765 fuisse

634 2792 832 2846 dicitur
860 2792 1022 2843 Dion.
1045 2790 1164 2841 LIX
1179 2827 1196 2857 ,
1219 2790 1270 2842 3.
1300 2790 1380 2844 De
1407 2790 1651 2864 appella·

636 2872 778 2924 tione
812 2868 884 2921 ad
923 2869 1227 2942 Principem
1266 2867 1386 2921 vide
1421 2882 1535 2921 not.
1582 2868 1650 2921 ad

635 2953 863 3021 August.
894 2947 980 3001 33.

710 3048 762 3101 7.
799 3028 1040 3101 Equites.
1057 3068 1070 3080 .
1087 3066 1129 3081 ..
1155 3027 1464 3101 recognovit.
1491 3029 1647 3080 Conf.

637 3108 708 3162 ad
733 3110 961 3181 August.
991 3108 1080 3162 38.

705 3188 762 3242 8.
822 3187 1076 3258 Quintam
1119 3185 1381 3239 decuriam
1428 3186 1647 3239 addidit.

635 3266 773 3321 Vide
794 3264 866 3319 ad
887 3265 1026 3336 Aug.
1057 3282 1124 3335 29
1145 3277 1199 3316 et
1219 3264 1288 3317 32
1313 3286 1324 3316 ε
1351 3266 1494 3317 conf.
1516 3264 1651 3322 Plin.

637 3346 1074 3413 Euxxxm,
1105 3362 1124 3397 ι
1153 3340 1270 3415 (7).

709 3444 764 3498 9.
803 3422 1082 3496 Suffragia
1099 3422 1302 3496 populo
1323 3422 1546 3475 reddere.
1567 3424 1649 3476 Cf.

637 3506 774 3573 Dio,
791 3502 904 3555 LIX
921 3539 939 3569 ,
962 3519 1014 3573 9.
1043 3502 1259 3554 Tiberio
1284 3503 1426 3554 enim
1450 3504 1653 3555 Caesare

637 3584 898 3657 primum,
917 3592 979 3631 ut
995 3580 1165 3631 Tacit.
1188 3580 1378 3631 Annal.
1396 3582 1447 3646 1,
1471 3580 1531 3633 15
1546 3618 1563 3646 ,
1581 3604 1603 3628 ιι
1622 3599 1651 3633 e

639 3660 844 3733 Campo
865 3659 1080 3711 comitia
1105 3656 1177 3711 ad
1199 3660 1378 3712 Patres
1397 3658 1651 3712 translata

638 3754 765 3794 sunt
789 3760 804 3791 ι
833 3756 958 3791 nam
981 3735 1049 3791 ad
1073 3756 1192 3790 eam
1216 3738 1357 3790 diem
1373 3776 1392 3806 ‚
1416 3740 1516 3791 etsi
1545 3758 1651 3810 po-

639 3820 842 3873 tissima
860 3815 1082 3870 arbitrio
1100 3817 1360 3888 Principis
1371 3856 1389 3885 ‚
1405 3816 1650 3888 quiedam

637 3911 817 3951 tamen
867 3893 1058 3947 stadiis
1099 3894 1334 3948 tribuum
1375 3895 1592 3949 fiebant.
1621 3918 1645 3945 ιι

637 3977 859 4029 Biennio
891 3987 1051 4048 post,
1087 3992 1214 4027 ann.
1243 3990 1344 4045 792
1363 4014 1380 4042 ,
1399 3978 1489 4045 jus
1517 3975 1651 4028 illud

636 4052 842 4129 populo
869 4052 1028 4108 Caius
1057 4050 1238 4107 denuo
1266 4054 1476 4125 eripuit.
1513 4053 1651 4107 Vide

637 4134 796 4189 Dion.
825 4132 974 4201 ux,
1005 4150 1090 4186 ao.

1818 2495 1897 2530 io.
1920 2478 2189 2552 ἅρπαι...
2208 2481 2474 2553 persolvit.
2489 2481 2567 2535 Cf.
2586 2481 2743 2534 Dion.

1738 2556 1851 2607 LIX
1867 2594 1884 2621 .,
1913 2574 1940 2607 2
1959 2596 1976 2623 .,
2001 2572 2351 2611 memoratum
2371 2560 2437 2612 ad
2454 2560 2629 2611 Tiber.
2651 2560 2744 2611 fin.

1738 2636 1819 2687 De
1836 2655 2099 2709 suppresso
2117 2639 2273 2691 Liviae
2294 2652 2605 2693 testamento
2624 2639 2749 2693 vide

1740 2716 1901 2767 etiam
1924 2716 1993 2768 ad
2016 2718 2061 2767 Τ
2063 2716 2194 2769 iber.
2224 2718 2309 2770 51.

1819 2810 1837 2845 ι
1855 2811 1900 2846 ι.
1936 2796 2357 2848 Ducentesimam
2380 2836 2391 2848 .
2416 2836 2428 2847 .
2454 2836 2465 2847 .
2492 2838 2504 2849 .
2534 2799 2749 2852 remisit.

1741 2874 2041 2924 instituerat
2059 2873 2387 2925 centesimam
2405 2892 2573 2926 rerum
2595 2894 2754 2928 vena-

1742 2950 1875 3003 lium
1913 2964 2038 3024 post
2072 2949 2214 3003 bella
2242 2952 2413 3004 civilia
2443 2953 2751 3025 Augustus,

1742 3043 1802 3082 ut
1816 3028 2053 3082 militaris
2069 3031 2237 3083 aerarii
2252 3030 2543 3085 subsidium
2553 3032 2748 3104 (Tacit.

1742 3108 1937 3160 Annal.
1979 3111 2003 3160 1
2017 3146 2034 3174 ‚
2072 3109 2212 3180 78),
2250 3128 2472 3183 eamque
2504 3112 2750 3167 Tiberius

1740 3202 2003 3241 servatam
2038 3190 2186 3259 prius
2206 3228 2223 3256 ‚
2268 3192 2509 3261 quamvis
2550 3191 2749 3264 depre-

1740 3281 1896 3320 cante
1910 3266 2115 3340 populo
2134 3267 2341 3339 (Tacit.
2356 3268 2393 3322 l.
2410 3270 2516 3341 e.),
2536 3287 2751 3342 postea,

1739 3344 1957 3399 redacta
1983 3346 2329 3418 Cappadocia
2356 3363 2480 3419 post
2503 3350 2752 3403 Archelai

1740 3426 1875 3493 regis
1904 3437 2129 3475 mortem
2157 3425 2212 3476 in
2241 3427 2565 3497 provinciam
2584 3464 2601 3492 ,
2640 3447 2749 3500 quo

1740 3500 2007 3554 levaretur
2046 3502 2271 3575 vectigal
2291 3542 2309 3572 ‚
2348 3518 2646 3557 mutaverat
2690 3508 2751 3561 in

1740 3580 2147 3633 ducentesimam
2171 3599 2296 3634 ann.
2322 3600 2426 3653 770
2450 3584 2654 3651 (Tacit.
2680 3590 2747 3640 A.

1738 3663 1818 3729 11,
1837 3660 1903 3729 42
1919 3662 1957 3734 ).
1983 3661 2128 3715 Idem
2148 3675 2328 3716 tamen
2352 3682 2511 3716 senex
2534 3665 2603 3717 ad
2626 3684 2750 3719 ava—

1738 3741 1913 3793 ritiam
1944 3744 2197 3813 pronior,
2231 3741 2500 3796 reduxisse
2533 3748 2752 3800 centesi-

1738 3838 1882 3872 mam
1900 3819 2101 3873 dicitur
2120 3823 2278 3875 Dion.
2296 3824 2483 3891 Lvm,
2510 3826 2600 3891 16,
2620 3846 2746 3879 ann.

1740 3899 1845 3969 784
1863 3934 1882 3965 ‚
1933 3914 2059 3971 post
2104 3914 2333 3953 mortem
2378 3904 2570 3974 Sejani.
2625 3908 2749 3958 Jam

1740 3996 1905 4049 quum
1927 3976 2033 4029 hoc
2056 3978 2179 4032 loco
2205 3996 2390 4034 nostro
2415 3999 2599 4032 omnes
2624 3980 2749 4036 libri

1739 4058 2052 4131 conspirent
2086 4061 2143 4111 in
2178 4057 2407 4112 lectione
2446 4060 2751 4114 Ducentesi-

1740 4154 1909 4204 mam‚
1933 4151 2092 4210 atque
2113 4153 2301 4193 auctor
2312 4138 2534 4194 accedat
2552 4158 2746 4195 numus
