3050 5004
667 448 800 526 242
1415 440 1486 502 c,
1536 436 1997 505 suss'rouu

665 570 841 662 ptias
887 567 1332 633 Veientanum
1367 584 1569 630 suum
1606 563 1923 629 revisenti
1940 614 1959 646 ,
2001 560 2483 653 praetervolans
2524 562 2756 657 aquila

668 676 986 770 gallinam
1013 674 1270 757 albam,
1311 672 1653 743 ramulum
1686 672 1861 741 lauri
1894 688 2113 743 rostro
2146 674 2523 757 tenentem,
2550 676 2645 741 ita
2678 692 2757 741 ut

657 800 1010 912 rapuerat,
1044 781 1356 851 demisit
1340 808 1410 849 111
1443 784 1811 875 gremium.
1845 806 2192 879 quumque
2225 784 2467 851 nutriri
2482 784 2754 867 alitem,

657 888 868 989 pangi
895 895 1236 963 ramulum
1276 893 1669 987 placuisset,
1714 910 1897 961 tanta
1933 894 2279 986 pullorum
2309 894 2573 963 soboles
2605 919 2754 987 pro-
2805 947 2815 961 .

665 1007 881 1087 venit,
916 1020 994 1071 ut
1017 1002 1216 1072 hodie
1241 1026 1510 1098 quoque
1546 1026 1626 1069 ea
1650 1001 1811 1069 villa
1843 1002 1929 1067 ad
1956 1003 2251 1071 Gallinas
2273 1020 2582 1087 vocetur;
2618 1003 2753 1071 tale

665 1138 825 1183 vero
854 1112 1190 1181 lauretum
1205 1164 1222 1195 ‚
1243 1128 1321 1180 ut
1347 1111 1820 1205 triumphaturi
1846 1116 2142 1203 Caesares
2170 1110 2327 1181 inde
2351 1112 2614 1180 laureas
2638 1113 2754 1181 de-

663 1243 1047 1318 cerperent:
1093 1225 1350 1319 fuitque
1373 1248 1520 1291 mos
1550 1222 2117 1316 triumphantibus
2134 1277 2151 1307 ,
2178 1223 2368 1291 illas—²¹
2392 1227 2767 1293 confestim·

663 1335 903 1403 eodem
944 1334 1092 1402 loco
1129 1356 1456 1427 pangere:
1507 1350 1573 1403 et
1608 1333 2040 1403 observatum
2086 1350 2219 1417 est,
2252 1334 2379 1403 sub
2422 1334 2751 1432 cujusque

661 1444 922 1513 obitum
945 1444 1280 1527 arborem,
1306 1442 1391 1511 ab
1415 1446 1564 1535 ipso
1581 1446 1957 1511 institutam
1973 1495 1991 1526 ‚
2016 1443 2413 1537 elanguisse.
2441 1451 2617 1537 Ergo
2642 1470 2749 1513 no·

659 1559 935 1625 vissimo
959 1559 1242 1623 Neronis
1278 1578 1457 1623 anno
1491 1572 1559 1621 et
1582 1555 1749 1623 silva
1780 1558 1998 1622 omnis
2024 1559 2285 1622 exaruit
2306 1556 2658 1641 radicitus,
2684 1574 2751 1625 et

663 1666 981 1763 quicquid
1007 1666 1098 1735 ibi
1121 1666 1524 1759 gallinarum
1550 1681 1716 1749 erat,
1745 1668 2033 1733 interiit:
2060 1690 2143 1735 ac
2166 1665 2451 1735 subinde
2468 1684 2648 1736 tacta
2666 1668 2748 1736 de

661 1776 828 1845 caelo
849 1782 1190 1845 Caesarum
1228 1775 1442 1859 aede4,
1483 1780 1702 1869 capita
1724 1776 2037 1843 omnibus
2066 1776 2268 1844 simul
2308 1780 2544 1845 statuis
2580 1777 2749 1847 deci-

657 1887 940 1970 derunt3
967 1882 1250 1979 Augusti
1273 1890 1475 1955 etiam
1492 1904 1833 1979 sceptrum
1850 1910 1886 1955 e
1908 1888 2222 1955 manibus
2238 1912 2598 1957 excussum
2622 1908 2743 1956 est.

755 2002 844 2063 ΙΙ.
897 1998 1145 2062 Neroni
1190 1995 1404 2063 Galba
1441 1999 1797 2079 successit,
1842 1996 2033 2063 nullo
2085 1994 2297 2087 gradu
2348 2000 2743 2091 contingens

657 2114 1000 2177 Coesarum
1033 2107 1312 2175 domum
1332 2118 1348 2147 ¹
1371 2162 1387 2190 ‚
1429 2107 1550 2175 sed
1590 2107 1773 2175 haud
1800 2107 2005 2176 dubie
2043 2097 2574 2192 nobilissimi-usn
2611 2134 2749 2177 ma-

659 2243 928 2314 gnaque
963 2234 1031 2286 et
1049 2236 1276 2287 vetere
1299 2221 1643 2311 prosapia,
1677 2234 1755 2285 ut
1778 2221 1893 2315 qui
1922 2232 2293 2286 statuarum
2318 2219 2528 2286 titulis
2562 2226 2752 2291 PRO-

660 2332 1077 2397 NEPOTEM
1115 2353 1187 2396 se
1213 2334 1292 2415 Q.
1321 2330 1642 2396 CATULI
1669 2331 2163 2396 CAPITOLINI
2204 2353 2469 2422 semper
2504 2330 2751 2399 adscri-

660 2444 904 2534 pserit;
954 2445 1328 2534 Imperator
1375 2463 1539 2508 vero
1584 2440 1787 2508 etiam
1834 2455 2119 2510 stemma
2164 2442 2237 2510 in
2282 2442 2453 2508 atrio
2502 2466 2750 2537 propo—

564 2612 573 2621 ,
659 2553 900 2635 suerit,
935 2577 1074 2646 quo
1101 2567 1452 2644 paternam
1481 2553 1809 2642 originem
1835 2550 1923 2617 ad
1950 2555 2218 2636 Jovem‚
2258 2567 2633 2621 maternam
2664 2553 2749 2622 ad

661 2657 1038 2752 Pasiphaen
1061 2661 1309 2730 Minois
1334 2683 1617 2727 uxorem
1638 2659 1921 2729 referret
1934 2659 1985 2726 ³.

661 2847 922 2923 nuez-unt,
958 2853 1196 2919 serendi,
1231 2869 1286 2908 et
1307 2853 1501 2908 durant
1523 2855 1663 2910 silva

660 2933 967 2986 nominibus
993 2935 1102 2986 suis
1131 2933 1396 2998 discretae,
1425 2935 1663 2986 fortassis

660 3014 786 3068 ideo
801 3015 1015 3066 mutatis
1033 3011 1490 3085 triumphalibus.·
1517 3013 1664 3066 Idem

659 3094 793 3157 Dio,
817 3094 1057 3156 XLVIII,
1083 3092 1180 3158 52,
1209 3091 1278 3145 ad
1297 3111 1421 3144 ann.
1450 3111 1577 3163 7¹7·

731 3173 786 3226 3.
821 3171 972 3226 Illas.
1009 3172 1090 3226 Ita
1106 3170 1499 3224 emendandum
1517 3171 1665 3242 judi·-

661 3251 800 3304 cavit
823 3252 1109 3304 Burmann.
1135 3262 1256 3320 post
1275 3250 1512 3320 Lipsium
1528 3287 1545 3316 ‚
1574 3252 1666 3322 qui

661 3342 904 3384 suaserat
933 3325 1266 3400 mavulgo,
1299 3329 1447 3382 alias.
1485 3327 1665 3382 Edidit

665 3421 788 3464 ante
811 3425 909 3460 nos
935 3406 1180 3460 WVoffiuS.

735 3489 788 3554 4.
827 3489 1082 3542 Cenaeum
1105 3487 1230 3540 cede.
1270 3489 1489 3540 Veneria
1505 3489 1667 3542 Geni·

661 3567 809 3620 tricis
849 3565 1108 3638 tenplum
1151 3568 1395 3638 intelligit
1439 3569 1668 3619 Torren-

663 3649 781 3700 tius.
813 3645 900 3710 ld,
928 3660 1094 3718 puto,
1123 3660 1309 3699 auctor
1327 3667 1426 3698 suo
1451 3649 1663 3699 uomina

663 3723 985 3795 oppellasaet
993 3763 1014 3791 .,
1024 3739 1084 3776 ut
1097 3724 1212 3777 aliis
1223 3725 1375 3777 locis.
1390 3725 1664 3778 Pantheon

663 3802 884 3874 aliquod
927 3802 1192 3856 Caesamm
1231 3805 1391 3855 faisse
1425 3803 1661 3870 videtur,

661 3879 730 3934 de
766 3885 918 3951 cujus
963 3883 1066 3933 situ
1119 3895 1173 3932 et
1217 3881 1490 3934 conditore
1532 3881 1666 3934 nihii

663 3971 874 4014 constat
885 3997 902 4026 .,
917 3979 1090 4032 neque
1107 3961 1340 4034 :uultum
1359 3963 1520 4014 refert
1532 3962 1677 4014 talia.

661 4037 982 4108 explorasse.
1061 4069 1064 4074 -

733 4120 800 4172 11.
844 4118 1675 4192 1.Nuu09mduoonan9enr

1750 2856 1983 2908 domum.
2022 2857 2215 2908 Liviam
2242 2869 2459 2908 auctore
2483 2855 2747 2910 Plutarch.

1750 2934 1903 2986 Galb.
1932 2937 1963 2986 3
1974 2974 1995 3002 ,
2012 2935 2195 3007 aliquo
2214 2935 2375 2986 modo
2392 2937 2749 3006 contingebat.

1752 3011 1855 3064 Sed
1866 3031 1983 3064 eam
1994 3017 2367 3084 cognationem
2384 3052 2401 3080 ‚
2429 3015 2571 3067 haud
2586 3015 2753 3067 dubie

1753 3112 1784 3146 a
1816 3112 2043 3146 novem
2068 3093 2250 3146 Galba
2266 3131 2283 3161 ,
2314 3097 2459 3148 Livia
2482 3095 2751 3163 Occi-lina,

1752 3171 2119 3225 ddueendam
2154 3172 2305 3243 (vide
2344 3192 2463 3246 cap.
2494 3175 2595 3246 3),
2632 3177 2753 3246 jure

1752 3253 1947 3306 Noster
1980 3255 2055 3305 ad
2094 3253 2349 3307 Caesarum
2390 3256 2604 3308 domum
2642 3273 2753 3308 non

1752 3332 1931 3384 refiert.

1826 3427 1877 3462 2.
1912 3409 2019 3462 Sed
2019 3445 2151 3462 .....
2188 3411 2543 3464 nobilissimus.
2582 3413 2751 3466 Tacit.

1753 3491 1887 3540 nist.
1912 3491 1963 3555 1,
2001 3489 2101 3558 49,
2136 3505 2325 3543 «vetus
2354 3493 2407 3542 in
2430 3489 2629 3544 far-ilia
2654 3511 2754 3546 no·

1752 3566 1945 3633 bilitas,
1960 3585 2163 3640 ωερε
2180 3587 2328 3639 opes.
2345 3594 2368 3618 ι
2389 3570 2467 3622 Cf.
2482 3571 2749 3624 Plutarch.

1751 3643 1786 3696 l.
1810 3665 1861 3697 c.
1888 3675 1961 3686 —-—
1986 3649 2065 3698 De
2094 3647 2285 3700 Catulo
2318 3649 2613 3720 Capitolino
2634 3649 2753 3702 vide

1753 3741 1912 3792 supra
1940 3725 2067 3776 Caes.
2100 3726 2193 3786 153
2220 3723 2287 3777 de
2312 3727 2642 3796 cognationis
2664 3743 2749 3778 ra·

1752 3803 1901 3855 tione
1923 3821 2045 3854 mox
2070 3821 2187 3874 cap.
2212 3805 2267 3856 3.

1823 3881 1877 3934 3.
1912 3885 2217 3934 Maternum
2250 3884 2324 3934 ad
2346 3884 2743 3955 Pasiphaen....

1754 3962 1991 4032 referret,-
2034 3961 2176 4013 unde
2213 3961 2279 4014 de
2317 3961 2421 4014 alio
2460 3962 2627 4016 Galba
2657 3961 2741 4016 Sil.

1701 4045 1707 4048 ’
1730 4048 1733 4055 ²
1752 4039 1867 4092 11³1.
1883 4041 2030 4109 vlu,
2050 4041 2151 4110 472
2168 4079 2186 4110 ‚

1702 4135 1853 4180 Huic
1864 4147 1995 4193 umus
2002 4134 2163 4180 ordita
2174 4136 2329 4190 uiuos,
2339 4137 2551 4196 hiis-que
2562 4146 2677 4182 nuto
2712 4199 2723 4212 '
