3050 5004
1181 462 1462 529 NERO.

2242 486 2367 531 201

285 589 498 657 xanda
521 592 888 684 quiequam
909 590 1104 681 pensi
1135 586 1402 669 habuit,
1441 589 1815 655 summissis
1836 638 1855 668 ‚
1892 590 2010 681 qui
2048 602 2116 655 et
2142 592 2375 669 Romae

282 718 656 769 morantem
678 700 905 767 litibus
927 715 954 745 ²
974 753 991 778 ‚
1026 715 1096 767 et
1117 701 1187 766 in
1220 722 1489 767 secessu
1519 702 1977 792 quiescentem
1999 723 2122 791 per
2154 701 2379 767 convi-

282 814 372 878 cia
397 828 468 877 et
481 807 714 901 jocos3
731 862 746 889 ,
779 824 958 875 terra
981 810 1286 902 marique
1312 806 1877 899 praetervehentes
1902 810 2375 902 inquietarent.

277 928 530 989 Verum
567 922 768 987 minis
805 916 952 1012 ejus
988 943 1068 987 ac
1101 918 1414 987 violentia
1455 921 1723 985 territus
1757 917 2040 1010 perdere
2074 916 2103 969 4
2122 922 2373 989 statuit.

277 1038 360 1100 Et
403 1058 624 1127 quum
670 1048 774 1099 ter
819 1055 1082 1100 veneno
1111 1032 1134 1070 ⁵
1181 1048 1506 1099 tentasset
1539 1083 1557 1113 ,
1606 1033 2017 1125 sentiretque
2060 1030 2378 1099 antidotis

275 1146 785 1238 praemunitam3
821 1142 1204 1225 lacunaria,
1245 1166 1396 1237 quae
1437 1159 1645 1211 noctu
1684 1166 1890 1234 super
1935 1140 2381 1211 dormientem

277 1254 496 1323 laxata
520 1251 832 1321 machina
855 1250 1272 1335 decidere-nt,
1299 1255 1577 1345 paravit.
1608 1257 1753 1321 Hoc
1776 1251 2055 1321 consilio
2080 1278 2201 1345 per
2228 1278 2379 1323 con-

279 1368 448 1433 scios
483 1388 732 1458 parum
761 1363 976 1433 celato
995 1420 1011 1447 ,
1045 1362 1389 1431 solutilem
1411 1360 1699 1465 navem‘6
1721 1415 1738 1445 ,
1772 1360 1965 1456 cujus
1990 1362 2097 1430 vel
2124 1365 2385 1433 naufra-

281 1478 386 1569 gio
415 1473 528 1543 vel
565 1498 848 1543 camerae
883 1476 1076 1541 ruina
1110 1478 1394 1567 periret,
1429 1490 1850 1543 commentus
1884 1492 2006 1544 est.
2044 1480 2261 1569 Atque
2288 1478 2383 1545 ita

281 1584 822 1653 reconciliatione
851 1584 1164 1653 simulata
1183 1638 1200 1667 ,
1219 1584 1727 1678 jucundissimis
1764 1586 1977 1653 literis
2004 1588 2193 1655 Baias
2227 1611 2377 1655 evo·

283 1696 453 1799 cavit
499 1692 589 1760 ad
639 1692 990 1761 sollemnia
1030 1696 1579 1789 Quinquatruum
1608 1710 1635 1758 7
1682 1693 1882 1761 simul
1930 1692 2379 1780 celebranda3

282 1882 410 1934 tiens
443 1884 562 1952 ipse
593 1878 722 1932 illuc
759 1882 1069 1948 ventitaret,
1105 1895 1287 1950 septus

283 1959 434 2011 turba
459 1961 874 2025 centurionum,
907 1972 959 2011 et
987 1973 1110 2029 post
1131 1959 1288 2011 breve

283 2039 524 2093 osculum
559 2039 877 2110 digrediens,
903 2064 924 2088 ιι
964 2040 1046 2091 Cf.
1085 2038 1284 2112 xiphil.

279 2118 415 2185 Lxl,
447 2120 500 2171 8.
537 2120 618 2170 De
645 2116 848 2189 duplici
870 2116 1116 2171 custodia
1139 2117 1287 2169 mili-

281 2208 388 2249 tum
397 2196 832 2267 praetorianorum
843 2210 896 2249 et
910 2199 1285 2250 Get-manorum

281 2276 394 2329 vide
415 2278 566 2347 Lips.
593 2275 662 2328 ad
685 2277 854 2327 Tacit.
877 2276 912 2327 l.
938 2294 984 2328 c.

349 2374 397 2409 a.
433 2357 541 2427 Qui
567 2368 620 2407 et
639 2356 832 2409 Romoe.
850 2394 862 2405 .
879 2395 890 2407 .
907 2394 918 2405 .
951 2354 1154 2421 litibus,
1182 2370 1282 2407 etc.

281 2435 408 2487 Vide
431 2454 550 2510 quae
573 2435 741 2487 Tacit.
770 2454 888 2506 cap.
917 2451 1007 2505 19,
1031 2434 1096 2487 de
1119 2436 1286 2487 ,Iunia

279 2515 462 2570 Silana
478 2540 498 2570 .·
529 2539 551 2564 ιι
570 2513 696 2582 Illa,
721 2535 814 2587 spe
839 2517 1054 2568 ultionis
1077 2516 1286 2582 oblata,

277 2609 428 2666 parat
437 2609 780 2647 accusatores
793 2613 855 2646 ex
865 2594 1144 2646 clientibus
1155 2596 1283 2660 suis,

277 2677 499 2727 Iturium
529 2687 580 2725 et
609 2671 894 2726 Calvisium
912 2712 930 2740 ‚
963 2692 1074 2726 nou
1111 2687 1285 2725 vetera

280 2767 330 2805 et
341 2757 530 2826 sapius
538 2755 654 2825 jam
669 2752 848 2805 audita
855 2752 1122 2819 deferens,
1138 2751 1285 2826 quod

281 2835 566 2887 Britannici
609 2846 846 2885 -mortem
898 2832 1100 2903 lugeret
1123 2871 1140 2900 ‚
1193 2845 1288 2885 aut

281 2913 510 2966 Octaviae
525 2913 746 2983 injurias
766 2911 1064 2983 evulgaret3
1085 2910 1180 2964 sed
1199 2910 1286 2963 de-

284 2983 1286 3058 stinavisseeam,Rub'elliumPlautum‚

281 3089 376 3143 per
391 3085 688 3124 maternam
705 3073 960 3144 originem
975 3073 1093 3143 pari
1112 3089 1174 3124 ac
1187 3073 1289 3123 Ne-

283 3167 342 3200 ro
363 3149 530 3222 gradu
553 3169 584 3202 a
611 3152 681 3201 D.
707 3152 979 3220 Augusto,
1005 3149 1072 3201 ad
1093 3169 1176 3202 res
1195 3167 1288 3201 no·

283 3247 370 3282 vas
395 3229 654 3283 extollere
669 3269 686 3296 ‚
709 3230 1072 3301 conjugioque
1097 3232 1209 3300 ejus
1235 3241 1286 3282 et

278 3312 382 3379 jam
415 3311 644 3382 imperio
675 3309 962 3382 Rempubl.
993 3327 1172 3361 rursus
1207 3309 1284 3361 in-

281 3388 494 3454 vadere,
525 3401 631 3440 etc.
653 3411 676 3436 a

347 3467 397 3519 3.
413 3469 486 3519 Et
502 3467 558 3518 in
573 3483 814 3519 secessu..
831 3483 982 3537 per...
984 3468 1135 3536 jocos
1144 3505 1162 3532 ,
1181 3479 1281 3517 etc.

282 3545 442 3598 Tacit.
461 3543 659 3597 Annal.
677 3544 818 3608 XIV,
838 3543 870 3594 3
883 3581 900 3610 ,
927 3565 948 3590 α
963 3543 1104 3594 Nero
1120 3545 1284 3594 vitare

280 3639 509 3678 secretos
547 3627 664 3696 ejus
702 3625 1017 3694 congressus
1037 3643 1052 3685 ;
1097 3621 1283 3674 absce—

281 3700 494 3756 dentem
529 3704 588 3753 in
628 3701 814 3753 hortos
837 3739 854 3767 ‚
899 3711 992 3750 aut
1027 3698 1284 3750 Tuscula-

279 3799 432 3850 num,
457 3781 544 3834 vel
567 3783 834 3832 Antiatem
855 3783 910 3831 in
933 3797 1148 3851 agrum,
1174 3778 1284 3831 lau·

281 3859 436 3928 dare,
472 3859 618 3934 quod
643 3861 812 3912 otium
845 3857 1130 3910 lacesseret
1159 3855 1282 3928 (ca-

281 3937 564 4009 pesseret.)
583 3961 606 3984 ι
1273 3976 1280 3984 .

347 4018 398 4085 4.
438 4018 494 4072 V
489 4035 696 4070 erum...
722 4016 934 4088 perdere
957 4015 1150 4068 statuit.
1185 4013 1281 4064 xi-

283 4096 408 4166 phil.
451 4099 602 4162 Lm,
651 4113 751 4162 ta,
791 4097 1059 4148 Senecam·
1085 4095 1284 4146 Neroni

287 4177 506 4229 criminis
535 4175 700 4245 hujus
737 4185 1012 4226 auctorem
1039 4173 1168 4225 facit
1205 4184 1280 4224 at-

1378 1900 1482 1953 que
1509 1882 1851 1951 impulsorem
1881 1883 2128 1947 unicum,
2156 1880 2319 1953 idque
2348 1900 2380 1934 u

1377 1959 1549 2031 dignis
1592 1959 1695 2013 fide
1734 1959 1911 2012 multis
1949 1959 2205 2011 traditum
2246 1978 2379 2013 esse.

1377 2040 1632 2092 Senecam
1660 2040 1875 2091 crimine
1912 2038 2138 2092 liberare
2166 2039 2383 2093 student

1373 2120 1518 2191 Lips.
1542 2134 1596 2171 et
1622 2120 1854 2172 Gronov.
1890 2120 1959 2171 ad
1985 2121 2155 2171 Tacit.
2186 2119 2377 2173 Annal.

1376 2200 1513 2264 xlv,
1547 2217 1607 2270 73
1635 2198 1803 2251 Graeci
1825 2217 1954 2251 vero
1982 2200 2251 2269 scriptoris
2280 2218 2381 2253 au-

1376 2280 1675 2331 ctoritatem
1696 2278 1920 2330 adstruit
1937 2280 2163 2330 Reimar.
2186 2278 2253 2330 ad
2272 2278 2306 2329 l.
2330 2296 2377 2330 c.

1374 2356 1643 2409 Othonem
1665 2356 1825 2427 hujus
1852 2358 2010 2409 etiam
2034 2356 2241 2408 consilii
2260 2376 2381 2428 par-

1373 2438 1589 2507 ticipem
1634 2436 1799 2487 fuisse
1823 2472 1840 2499 ,
1890 2434 2120 2487 ostendit
2162 2437 2382 2501 Noster,

1373 2515 1574 2568 Othon.
1607 2533 1726 2586 cap.
1756 2517 1807 2567 3.

1448 2593 1498 2646 5.
1540 2596 1609 2646 Et
1639 2612 1856 2666 quum...
1886 2611 2112 2658 veneno,
2146 2606 2247 2645 etc.
2278 2595 2385 2646 Ta-

1373 2675 1462 2724 cit.
1487 2674 1628 2738 xlv,
1654 2673 1717 2724 3:
1750 2695 1771 2718 a
1794 2671 1999 2724 Placuit
2016 2673 2191 2744 primo
2218 2691 2382 2724 vene-

1373 2771 1518 2804 num.
1548 2751 1652 2806 Sed
1680 2754 1815 2804 inter
1836 2751 2019 2822 epulas
2049 2751 2305 2822 Principis
2334 2753 2379 2804 si

1375 2831 1609 2899 daretur,
1634 2833 1820 2884 referri
1845 2831 1913 2883 ad
1937 2849 2118 2883 casum
2146 2849 2255 2882 non
2282 2849 2379 2903 po·

1375 2925 1541 2980 terat,
1562 2913 1655 2964 tali
1679 2914 1784 2982 jam
1808 2912 2097 2963 Britannici
2122 2912 2309 2973 exitio;
2330 2925 2385 2963 et

1375 2993 1643 3044 ministros
1675 3004 1879 3044 tentare
1912 2989 2137 3042 arduum
2168 2988 2383 3042 videba-

1375 3081 1463 3122 tur
1485 3070 1748 3138 mulieris,
1780 3088 1881 3122 usu
1910 3068 2169 3122 scelerum
2196 3068 2387 3122 adver-

1377 3167 1463 3202 sus
1504 3149 1721 3202 insidias
1760 3151 2009 3209 intentae,
2061 3160 2221 3217 atque
2265 3148 2385 3218 ipsa

1375 3229 1743 3300 praesumendo
1758 3225 1991 3280 remedia
2002 3228 2266 3292 munierat
2274 3243 2385 3276 cor·

1375 3326 1494 3380 pus.
1519 3332 1542 3355 ιο
1570 3308 1653 3359 Cf.
1678 3304 1879 3378 xiphit.
1908 3303 1941 3355 l.
1972 3323 2018 3355 c.

1444 3387 1496 3438 6.
1536 3383 1813 3438 Solutilem
1836 3397 2051 3445 naveta,
2079 3393 2179 3432 etc.
2207 3380 2385 3432 inven-

1375 3479 1490 3517 tore
1536 3462 1645 3515 doli
1688 3463 1909 3514 Aniceto
1950 3459 2145 3512 liberto
2163 3495 2180 3524 ‚
2227 3457 2383 3510 classi

1375 3541 1519 3614 apud
1548 3543 1809 3592 Misenum
1834 3539 2119 3611 praefecto,
2146 3537 2263 3607 qui,
2288 3553 2383 3587 au-

1373 3635 1491 3673 tore
1505 3621 1675 3671 Tacit.
1691 3618 1727 3669 l.
1744 3637 1791 3670 c.
1814 3641 1835 3665 α
1854 3635 2039 3669 navem
2059 3633 2220 3687 posse
2239 3632 2382 3665 com-

1373 3700 1506 3772 poni
1525 3697 1711 3764 docet,
1732 3698 1883 3767 cujus
1898 3713 2047 3766 pars,
2066 3697 2185 3766 ipso
2201 3695 2255 3744 in
2276 3712 2382 3745 ma·

1373 3779 1420 3830 ri
1463 3797 1563 3848 per
1603 3790 1767 3829 artem
1814 3773 1988 3828 soluta
2012 3811 2029 3840 ‚
2077 3770 2381 3824 effunderet

1372 3855 1629 3924 ignaram.
1650 3877 1673 3902 n
1698 3851 1827 3904 Vide
1852 3849 2050 3922 Xiphil.
2078 3849 2113 3900 l.
2140 3869 2189 3901 c.

1442 3951 1492 4003 7.
1520 3933 1608 3984 Ad
1628 3931 1906 3985 sollemnia
1928 3931 2377 4001 Quinquatruum,

1372 4026 1470 4065 etc.
1501 4014 1671 4064 Tacit.
1702 4013 1847 4080 XW,
1888 4010 1954 4075 4:
1992 4031 2015 4054 ι
2036 4009 2239 4060 Placuit
2270 4007 2380 4060 sol-

1368 4092 1548 4158 lertia,
1582 4107 1818 4162 tempore
1848 4092 2005 4142 etiam
2028 4092 2175 4160 juta,
2206 4105 2373 4160 quan-

1371 4169 1442 4222 do
1459 4171 1892 4240 Quinquatruum
1910 4167 2073 4220 festos
2092 4167 2207 4219 dies
2228 4163 2379 4237 apud
