3050 5004
715 444 800 509 30
1468 436 1541 501 C.
1594 437 2059 504 SUETONII

707 568 796 637 ob
824 562 1308 658 ignobilitatem
1335 560 1484 656 ejus
1508 562 1809 631 volebat:
1838 564 2412 659 succensebatque
2432 618 2449 647 ,
2480 566 2678 659 siqui
2710 565 2818 634 vel

707 679 1008 745 oratione
1026 728 1044 758 ‚
1069 674 1178 743 vel
1202 675 1499 741 carmine
1520 726 1537 755 ,
1568 673 1973 766 imaginibus
2008 697 2165 741 eum
2188 679 2531 743 Caesarum
2560 678 2819 743 insere-

705 805 880 858 rent.
917 784 1331 855 Praedicabat
1353 801 1584 852 autem
1604 838 1621 867 ‚
1653 800 1941 853 matrem
1976 808 2169 853 suam
2194 808 2277 853 ex
2305 789 2559 854 incesto
2580 838 2598 868 ‚
2628 785 2821 882 quod

709 908 1046 992 Augustus
1073 920 1230 966 cum
1252 894 1432 963 Julia
1455 895 1592 964 filia
1615 893 2031 964 admisisset²
2049 949 2067 980 ‚
2094 914 2533 989 procreatam.
2561 906 2653 965 Ac
2678 922 2821 967 non

703 1025 1062 1079 contentus
1095 1007 1226 1084 hac
1255 1010 1539 1101 Augusti
1566 1009 2042 1091 insectatione,
2082 1010 2383 1076 Actiacas
2420 1008 2820 1105 Siculasque

702 1124 1015 1189 victorias
1035 1169 1052 1202 ‚
1101 1136 1180 1188 ut
1217 1120 1518 1187 funestas
1562 1118 1821 1212 populo
1862 1124 2169 1187 Romano
2187 1172 2205 1199 ,
2250 1134 2319 1186 et
2356 1118 2781 1187 calamitosas
2800 1172 2819 1202 ,

702 1233 916 1298 vetuit
971 1226 1388 1298 sollennibus
1448 1228 1629 1297 feriis
1695 1227 2043 1297 celebrari.
2108 1232 2367 1297 Liviam
2438 1236 2821 1322 Augustam

702 1344 1050 1436 proaviam
1070 1394 1088 1425 ,
1121 1343 1403 1432 Ulyxem
1425 1341 1728 1408 stolatum
1744 1340 1772 1389 3
1802 1338 2171 1409 identidem
2193 1340 2543 1436 appellans
2564 1394 2580 1425 ,
2610 1344 2819 1409 etiam

703 1456 1137 1549 ignobilitatis
1151 1451 1182 1506 4
1209 1452 1502 1549 quadam
1525 1452 1616 1521 ad
1639 1458 1965 1523 Senatum
1989 1453 2273 1547 epistola
2298 1476 2583 1547 arguere
2606 1478 2819 1522 ausus

703 1583 835 1651 est,
863 1568 1057 1662 quasi
1081 1580 1385 1633 materno
1409 1588 1538 1633 avo
1562 1568 1942 1633 Decurione
1968 1561 2297 1632 Fundano
2322 1581 2572 1649 ortam3
2599 1588 2821 1659 quum

702 1674 990 1770 publicis
1040 1678 1498 1742 monumentis
1553 1692 1813 1744 certum
1865 1678 1951 1743 sit
1968 1726 1987 1757 ,
2041 1674 2386 1743 Aufidium
2434 1680 2825 1743 Lurconem

704 1794 936 1857 Romae
971 1786 1344 1855 honoribus
1382 1788 1716 1857 functum.
1764 1792 1945 1857 Aviae
1987 1792 2293 1856 Antoniae
2330 1805 2666 1856 secretum
2696 1812 2821 1881 pe·

703 1902 870 1967 tenti
895 1897 1287 1991 denegavit,
1317 1901 1448 1967 nisi
1479 1917 1557 1968 ut
1578 1902 2020 1969 interveniret
2046 1906 2279 1969 Macro
2308 1900 2687 1994 praefectus.
2720 1906 2823 1969 Ac

704 2035 827 2107 per
853 2010 1233 2079 istiusmodi
1265 2009 1699 2104 indignitates
1724 2030 1791 2079 et
1822 2012 2023 2080 taedia
2048 2037 2255 2081 causa
2278 2014 2529 2081 exstitit
2549 2014 2821 2097 mortis3

701 2122 866 2191 dato
886 2138 1116 2191 tamen
1142 2176 1159 2206 ,
1189 2138 1268 2191 ut
1290 2123 1570 2218 quidam
1596 2141 1843 2216 putant
1860 2176 1878 2209 ‚
1912 2141 1981 2193 et
2001 2148 2286 2193 veneno.
2314 2130 2453 2191 Nec
2478 2122 2821 2192 defunctae

703 2232 922 2301 ullum
942 2231 1276 2301 honorem
1299 2234 1539 2302 habuit
1558 2262 1574 2316 3
1602 2237 2081 2330 prospexitque
2101 2260 2139 2304 e
2157 2236 2446 2303 triclinio
2463 2232 2823 2301 ardentem

704 2368 968 2438 rogum.
987 2351 1291 2414 Fratrem
1303 2346 1325 2385 ⁵
1342 2346 1693 2415 Tiberium
1704 2349 2171 2439 inopinantem
2185 2399 2203 2430 ‚
2220 2362 2500 2440 repente
2514 2347 2823 2415 immisso

703 2547 811 2587 tem
829 2532 932 2586 sub
946 2533 1082 2585 Divo
1097 2534 1337 2604 Augusto
1351 2533 1570 2587 libertas
1584 2536 1687 2588 fuit
1697 2571 1715 2600 ‚

703 2628 765 2666 ut
806 2614 1128 2686 praepotenti
1174 2627 1303 2666 tunc
1344 2615 1418 2666 M.
1467 2616 1717 2687 Agrippae

703 2710 813 2744 non
854 2690 1122 2744 defuerint
1140 2729 1158 2759 ‚
1199 2693 1294 2763 qui
1333 2693 1716 2766 iqnobilitatem

703 2767 1105 2842 exprobrarent.
1128 2791 1150 2815 ι

777 2865 826 2900 2.
851 2847 936 2898 Ex
959 2847 1177 2911 inceste,
1195 2841 1339 2920 quod
1355 2848 1617 2924 Anqustus
1618 2888 1712 2903 .....

701 2925 1002 2980 admisisset.
1041 2927 1240 2978 Contra
1275 2925 1544 3000 vulgarem
1589 2949 1715 2982 sen-

706 3005 922 3058 tentiam
941 3042 958 3070 ,
988 3023 1100 3077 quae
1125 3002 1192 3054 ad
1217 3003 1320 3056 hoc
1345 3007 1609 3058 incestum
1633 3026 1717 3060 ex·

705 3082 806 3136 sitii
829 3093 1047 3134 causam
1071 3081 1276 3148 retulit,
1299 3101 1406 3155 quo
1432 3083 1715 3137 damnatus

702 3161 948 3227 Ovidius,
964 3161 1199 3234 disputat
1219 3166 1272 3214 in
1293 3162 1486 3216 ovidio
1507 3177 1714 3234 nostro,

705 3255 834 3294 tom.
852 3243 998 3308 VIII,
1015 3260 1136 3314 pag.
1157 3241 1249 3294 261
1268 3280 1285 3310 ,
1299 3245 1380 3296 vir
1391 3243 1565 3296 doctis
1578 3245 1716 3299 bene

701 3334 866 3374 notus
888 3322 1206 3372 Vincunt.

777 3401 827 3452 3.
856 3398 1082 3470 Ulyxem
1099 3397 1348 3452 stolatum
1358 3421 1378 3461 ,-
1401 3399 1456 3452 id
1477 3413 1585 3466 est,
1605 3399 1714 3454 cal·

701 3477 864 3531 lidam
880 3479 1131 3531 feminam
1145 3499 1158 3541 3
1181 3497 1290 3532 non
1306 3478 1537 3533 inficete.
1554 3479 1715 3533 Haud

702 3554 890 3610 deerat
913 3559 1183 3628 ingenium
1208 3559 1507 3612 Germanici
1532 3559 1659 3612 filio.

775 3638 826 3705 4.
848 3637 1027 3689 Etiam
1055 3637 1421 3710 iqnobilitatis,
1441 3651 1545 3691 etc.
1567 3641 1715 3693 Livia

705 3721 844 3770 enim
871 3731 1001 3788 gens
1028 3717 1240 3789 plebeia
1265 3729 1395 3770 erat.
1421 3719 1502 3772 cf.
1528 3721 1710 3775 Tiber.

701 3797 758 3850 3.
785 3797 986 3850 'riberii
1014 3809 1192 3848 autem
1216 3811 1505 3850 maternam
1544 3803 1713 3853 aviam

703 3876 1016 3929 Fundanam
1049 3877 1240 3941 fuisse,
1277 3877 1452 3948 prodit
1486 3881 1710 3947 Noster,

702 3953 884 4007 Tiber-
923 3955 971 4008 5.
1009 3981 1082 3995 —
1111 3953 1384 4027 Aufidium
1422 3957 1712 4010 Lurconem

705 4033 808 4104 (ita
833 4037 972 4088 enim
996 4035 1096 4087 viri
1129 4034 1272 4087 docti
1303 4053 1653 4106 consensere,
1683 4059 1712 4091 e

703 4111 848 4166 MSS.
881 4113 1216 4167 scribendum
1253 4131 1356 4186 pro
1395 4114 1713 4188 Linqonm)

1806 2532 2103 2608 Glandorp.
2125 2535 2406 2586 Onomast.
2430 2553 2485 2606 p.
2515 2533 2641 2598 138,
2664 2549 2823 2586 eum—

1805 2613 1928 2665 dem
1952 2626 2133 2684 putat,
2158 2613 2251 2684 qui
2272 2611 2443 2665 Cicer.
2470 2614 2568 2663 Pro
2592 2611 2823 2678 Flacco,

1807 2694 1868 2761 4,
1898 2693 1967 2745 ad
1997 2694 2155 2746 Attic.
2184 2693 2239 2759 Ι,
2274 2691 2370 2756 16,
2400 2704 2453 2744 et
2478 2691 2614 2744 Ptin.
2635 2691 2717 2758 X,
2748 2709 2825 2744 20

1804 2775 2055 2842 (Varron.
2082 2773 2150 2824 de
2173 2773 2251 2824 Re
2273 2773 2424 2824 Rust.
2450 2773 2551 2837 ΙΙΙ,
2580 2771 2671 2842 6),
2702 2791 2825 2824 me-

1806 2863 2059 2903 moratur.
2076 2851 2232 2904 Conf.
2250 2853 2450 2903 Ernest.
2466 2850 2611 2903 Clav.
2628 2850 2736 2902 Cic.
2760 2853 2823 2903 in

1805 2930 1885 2980 M.
1915 2929 2099 2980 Lurco.

1879 3006 1928 3060 5.
1966 3007 2201 3059 Fratrem
2227 3007 2509 3060 Tiberium.
2527 3047 2539 3059 .
2556 3043 2597 3058 ..
2628 3007 2825 3060 intere-

1804 3087 1919 3138 mit.
1941 3089 2022 3140 Cf.
2048 3089 2181 3152 Dio,
2205 3087 2321 3138 LIX
2337 3125 2353 3152 ‚
2380 3087 2429 3141 8.
2454 3089 2583 3139 Rem
2602 3089 2673 3139 ita
2696 3105 2827 3140 nar-

1804 3180 1886 3217 rat
1914 3165 2102 3231 Philo,
2136 3180 2194 3218 ut
2231 3165 2469 3218 fabulam
2502 3185 2564 3218 ex
2596 3161 2823 3237 ingenio

1804 3258 1981 3299 texere
2002 3246 2273 3298 videatur:
2300 3245 2560 3298 Mandata
2584 3247 2697 3298 Caii
2722 3248 2827 3299 tri-

1802 3324 1978 3378 bunos
2000 3338 2053 3376 et
2072 3327 2409 3377 centuriones
2434 3324 2695 3397 quosdam
2720 3343 2825 3376 ve-

1803 3405 1945 3457 nisse
1960 3404 2031 3457 ad
2046 3404 2505 3458 adolescentuium
2516 3404 2821 3468 Tiberium;

1804 3497 1856 3535 et
1878 3486 2127 3553 jussisse,
2156 3499 2213 3536 nt
2238 3503 2295 3537 se
2324 3487 2437 3556 ipse
2462 3483 2781 3537 interficeret
2805 3507 2823 3550 ς

1800 3582 1977 3634 neque
2016 3567 2155 3617 enim
2191 3565 2273 3618 fas
2315 3583 2463 3632 esse,
2503 3576 2565 3616 ut
2600 3563 2823 3618 soboles

1800 3645 2145 3715 Imperatoria
2183 3664 2280 3717 per
2306 3642 2466 3696 alium
2498 3642 2783 3696 tolleretur
2806 3669 2821 3698 ε

1800 3723 1980 3790 illum,
2015 3725 2105 3794 qui
2137 3725 2405 3776 neminem
2436 3722 2610 3776 adhuc
2640 3723 2825 3779 occidi

1802 3801 2047 3869 vidisset,
2085 3815 2139 3856 et
2170 3805 2225 3854 in
2262 3822 2467 3856 summa
2497 3821 2675 3856 rerum
2713 3805 2823 3855 im-

1800 3881 1995 3951 peritia
2017 3895 2242 3954 propter
2266 3895 2467 3934 aetatem
2490 3896 2821 3951 versaretur,

1800 3963 1977 4033 primo
2001 3961 2068 4013 ab
2092 3963 2183 4031 iis,
2212 3965 2303 4035 qui
2326 3976 2607 4030 venerant,
2626 3965 2823 4035 petiis-

1802 4059 1889 4110 se,
1924 4055 1985 4094 ut
2020 4041 2123 4096 sibi
2160 4043 2347 4116 aliquis
2376 4047 2639 4110 cervices,
2679 4062 2823 4114 quas

1801 4121 2146 4194 protenderet
2166 4160 2183 4190 ‚
2245 4137 2541 4196 amputaret
2574 4145 2587 4174 t
2650 4123 2779 4176 dein
2802 4167 2823 4194 ,

2878 3065 2907 3083 Ρ
