3050 5004
1212 484 1490 548 NERO.

2268 488 2395 577 237

2078 568 2109 593 ..

315 640 450 709 quo
493 611 838 709 quondam
873 614 1218 678 Octaviam
1261 614 1731 678 interemerat²
1748 663 1764 692 ‚
1809 626 2207 708 tantumque
2248 638 2406 706 gau-

316 724 502 791 dium
525 722 795 816 publice
818 720 1136 813 praebuit,
1161 735 1239 786 ut
1259 718 1449 811 plebs
1473 720 1759 812 pileata3
1782 736 1923 787 tota
1946 720 2129 789 Urbe
2152 720 2405 791 discur-

319 852 515 904 reret.
549 840 636 902 Et
660 851 889 901 tamen
925 856 1066 901 non
1096 831 1489 915 defuerunt,
1525 836 1644 926 qui
1670 856 1793 924 per
1829 831 2111 925 longum
2137 850 2404 927 tempus

320 950 540 1016 vernis
588 948 967 1040 aestivisque
1013 942 1296 1011 floribus
1343 942 1684 1011 tumulum
1729 940 1875 1036 ejus
1926 962 2281 1030 ornarent3
2325 970 2404 1014 ac

321 1058 520 1127 modo
561 1060 884 1151 imagines
911 1072 1336 1150 praetextatas
1371 1058 1442 1123 in
1479 1060 1737 1124 Rostris
1760 1056 2145 1150 proferrent
2158 1111 2175 1142 ‚
2204 1058 2408 1127 modo

323 1168 538 1237 edicta
556 1222 574 1251 ,
605 1171 796 1265 quasi
835 1170 1120 1235 viventis
1137 1219 1154 1251 ,
1185 1181 1253 1234 et
1278 1158 1467 1234 brevi
1498 1190 1747 1258 magno
1775 1169 2199 1236 inimicorum
2230 1168 2409 1237 malo

324 1283 658 1348 reversuri
671 1278 718 1347 4.
748 1283 928 1365 Quin
961 1282 1162 1347 etiam
1192 1278 1601 1371 VologesuS‚
1636 1278 2037 1347 Parthorum
2066 1304 2213 1363 rex,
2252 1284 2411 1348 mis—

325 1392 412 1456 sis
459 1385 547 1456 ad
597 1394 916 1459 Senatum
966 1387 1200 1481 legatis
1251 1386 1338 1456 de
1387 1387 1825 1456 instauranda
1880 1391 2225 1473 societate,
2282 1388 2413 1458 hoc

326 1502 522 1567 etiam
544 1523 792 1592 magno
813 1522 1016 1592 opere
1040 1500 1278 1581 oravit,
1304 1515 1382 1566 ut
1402 1502 1687 1567 Neronis
1706 1502 2031 1579 memoria
2054 1499 2408 1569 coleretur.

327 1657 424 1707 nisi
455 1656 608 1728 sequi
634 1654 753 1727 quis
787 1654 1034 1708 maluerit
1065 1650 1323 1707 Dodwell.

327 1736 556 1790 Praelect.
599 1736 890 1791 Cambden.
933 1756 1054 1809 pag.
1097 1736 1199 1790 253
1216 1774 1235 1802 ‚
1273 1750 1328 1789 et

327 1818 483 1891 Ryck.
524 1817 594 1870 ad
623 1820 792 1871 Tacit.
831 1817 1021 1871 Annal.
1060 1818 1190 1885 ΧΠ,
1227 1817 1326 1883 25,

329 1898 520 1949 erroris
553 1910 835 1967 arguentes
868 1897 1212 1961 Suetonium,
1243 1895 1329 1947 vel

329 1974 666 2027 emendantes
691 1997 714 2021 ιι
727 1975 900 2045 primo
921 1988 974 2026 et
994 1976 1283 2038 tricesimo,
1300 1996 1322 2021 ιι

331 2072 448 2105 cum
475 2051 724 2107 Oudend.
753 2052 1089 2106 statuendum
1115 2054 1207 2117 sit,
1231 2070 1329 2105 au-

329 2146 530 2185 ctorem
558 2150 680 2184 ann.
722 2148 826 2203 790
861 2151 962 2204 pro
993 2134 1202 2203 integro
1231 2150 1331 2203 po—

331 2212 496 2263 misse
541 2224 596 2264 et
633 2229 1024 2265 annumerasse.
1067 2210 1224 2263 Plura
1264 2210 1331 2262 de

335 2308 473 2342 anno
512 2304 566 2342 et
602 2308 782 2341 mense
817 2290 1004 2342 mortis
1041 2286 1160 2341 vide
1188 2286 1333 2359 apud

333 2370 557 2421 Reimar.
599 2367 669 2421 ad
703 2367 902 2439 xiphil.
943 2368 978 2421 Ι.
1016 2386 1061 2419 c.
1101 2367 1334 2437 Tempus

336 2459 507 2499 autem
543 2448 750 2519 imperii
775 2444 982 2498 silentio
1015 2444 1333 2517 praetermis-

335 2545 476 2593 sum,
499 2545 567 2578 ne
598 2527 802 2578 mireris
835 2544 956 2578 cum
984 2521 1335 2590 Casaubono‚

339 2623 500 2676 quum
519 2604 891 2676 significaverit
905 2604 1015 2673 jam
1033 2613 1220 2654 auctor
1237 2602 1338 2653 ini-

337 2684 410 2734 tio
438 2701 556 2754 cap.
592 2683 689 2750 4ο,
719 2683 813 2734 ubi
842 2681 960 2734 vide
988 2700 1102 2753 qnae
1129 2683 1338 2754 notavi-

342 2781 468 2814 mus.
494 2792 568 2802 —
588 2764 854 2828 umnam,
879 2761 1026 2814 Emi
1047 2780 1135 2813 sur
1161 2758 1230 2812 les
1255 2761 1337 2811 νὸ-

339 2859 482 2912 φιεε,
502 2855 603 2893 etc.
627 2839 654 2911 §
677 2857 696 2891 t
713 2841 801 2892 13:
830 2863 853 2886 ιι
871 2840 945 2892 Le
959 2851 1194 2891 munstre
1209 2838 1340 2890 n'est

349 2919 520 2991 «plus.
558 2921 622 2972 Je
659 2917 899 2970 m’arrete
933 2917 1207 2970 immobile
1241 2916 1338 2968 de-

348 3019 370 3043 ·
386 3012 511 3051 vant
533 3017 634 3050 son
656 2997 908 3050 cadavre:
933 2999 966 3050 ὲ
989 2995 1195 3066 chaque
1221 2997 1337 3046 for·

350 3097 370 3120 ιι
389 3077 482 3128 fait
514 3095 617 3148 que
644 3077 702 3145 je
734 3093 818 3128 me
845 3072 1115 3147 rappe11e‚
1137 3077 1193 3144 je
1221 3093 1340 3127 sens

351 3179 372 3202 ιι
389 3176 512 3208 mon
529 3156 860 3226 indignation
881 3152 1188 3208 redoubler:
1212 3155 1342 3206 mais

351 3257 492 3309 uque
525 3237 602 3290 lui
639 3238 900 3308 importe?
935 3235 972 3287 il
1008 3253 1077 3287 ne
1113 3253 1197 3287 me
1233 3235 1346 3286 voit

352 3341 374 3365 ιι
391 3321 558 3391 point.
581 3315 722 3370 C’est
739 3336 803 3369 en
824 3318 946 3369 vain
967 3335 1073 3389 que
1089 3317 1146 3386 je
1173 3315 1248 3367 lui
1265 3333 1344 3368 re-

353 3418 374 3444 ·
393 3396 590 3468 proche
603 3396 682 3450 les
699 3409 954 3449 meurtres
970 3393 1316 3466 d'Agrippine
1327 3429 1345 3458 ‚

354 3498 375 3521 ιι
393 3477 457 3530 de
470 3476 727 3540 Buri-hus,
741 3475 808 3528 de
821 3475 1084 3546 seneque,
1102 3472 1169 3527 de
1181 3473 1347 3526 Thra-

355 3577 376 3600 ·
395 3558 536 3622 sene,
560 3554 628 3607 de
651 3555 815 3607 vetus
845 3566 898 3608 et
925 3553 992 3606 de
1025 3573 1084 3607 sa
1117 3551 1346 3616 familie3

355 3656 376 3680 ιι
393 3635 430 3687 il
449 3654 514 3688 ne
533 3633 800 3687 m’entend
819 3633 971 3706 plut:
997 3633 1074 3686 les
1091 3633 1272 3685 Fut-ies
1291 3651 1346 3684 se

354 3739 377 3762 ιι
395 3729 513 3770 sont
539 3717 834 3787 &loigneess
863 3729 916 3768 et
947 3734 1004 3768 sa
1039 3714 1235 3767 cendre
1262 3733 1348 3767 re-

356 3814 378 3838 ·
395 3813 522 3865 pose
573 3796 716 3848 aussi
765 3791 1198 3864 tranquillement
1243 3811 1349 3863 que

357 3871 524 3924 -cene
560 3870 628 3924 de
665 3869 914 3922 l'homme
940 3877 1208 3922 vertueux.
1243 3869 1350 3937 Qui

357 3969 380 3992 ιι
397 3963 554 4002 est-ce
579 3951 672 4021 qui
706 3947 970 4001 absoudra
997 3949 1072 4000 les
1097 3947 1254 4000 (lieux
1282 3946 1348 4000 de

359 4047 382 4070 ι
399 4043 458 4078 sa
473 4029 556 4079 vie
577 4042 636 4080 et
662 4026 728 4080 de
755 4025 808 4078 la
837 4041 974 4079 mort
997 4026 1066 4079 de
1093 4044 1174 4079 ses
1196 4026 1348 4078 insti-

361 4125 380 4148 ·
397 4105 629 4158 tuteurs?
657 4105 796 4156 Tant
823 4103 891 4157 de
923 4107 1111 4158 crimes
1139 4103 1349 4156 sont-ils

361 4183 776 4237 «suffisamment
805 4185 981 4256 expie's
1013 4201 1112 4254 par
1139 4182 1188 4234 le
1223 4201 1350 4254 sup-

1422 1675 1445 1700 «
1462 1653 1603 1725 plice
1630 1653 1755 1705 d'un
1798 1656 2067 1705 moment?
2094 1653 2271 1707 Est-il
2306 1660 2417 1708 vrai

1421 1754 1444 1778 ιι
1466 1750 1570 1803 que
1596 1731 1649 1785 le
1676 1732 1773 1785 ciel
1808 1733 1867 1785 fit
1890 1750 2035 1785 assez
2064 1751 2205 1803 pour
2225 1752 2299 1785 un
2321 1736 2417 1787 Se-

1422 1836 1444 1860 ·
1465 1818 1668 1886 neque,
1700 1812 1939 1885 lorsqu’il
1969 1813 2018 1867 le
2051 1817 2171 1867 crea
2198 1814 2337 1877 bon;
2366 1832 2421 1869 et

1422 1917 1444 1940 ι
1465 1892 1629 1966 qu’un
1651 1896 1833 1947 Neron
1858 1913 1923 1946 en
1948 1894 2031 1945 fut
2052 1912 2192 1947 assez
2218 1893 2421 1963 chame,

1423 1995 1446 2018 ιι
1465 1970 1701 2043 lorsqu’il
1731 1972 1781 2023 le
1808 1973 1931 2024 crea
1964 1970 2251 2024 mechant?
2275 1974 2339 2025 Je
2372 1975 2421 2027 le

1425 2064 1448 2089 ι
1468 2044 1643 2104 crois;
1687 2044 1779 2094 oui
1798 2079 1815 2108 ‚
1851 2045 1907 2113 je
1946 2040 1995 2094 le
2037 2044 2177 2095 crois
2200 2064 2215 2107 ς
2256 2058 2308 2097 et
2344 2044 2423 2098 s'il

1425 2144 1446 2167 ιι
1469 2120 1635 2173 fallait
1677 2135 1833 2193 opter
1869 2135 2016 2173 entre
2055 2118 2107 2174 le
2148 2137 2263 2175 sort
2298 2123 2423 2177 d'un

1426 2220 1449 2247 ιι
1468 2198 1693 2251 scelerat
1728 2200 1941 2251 fortune
1962 2236 1981 2266 ‚
2023 2211 2075 2250 et
2119 2199 2257 2253 celui
2298 2201 2424 2254 d’un

1426 2298 1448 2322 ιι
1469 2276 1683 2329 homme
1733 2276 1801 2329 de
1855 2274 1977 2327 bien
2032 2276 2379 2332 malheureux
2407 2319 2425 2346 ‚

1429 2376 1451 2400 ιι
1470 2368 1641 2408 certes
1663 2394 1680 2421 ‚
1720 2356 1778 2424 je
1819 2373 1887 2406 ne
1931 2352 2261 2408 balancerais
2305 2376 2424 2429 pas.

1431 2457 1454 2480 ιι
1473 2433 1614 2504 Quel
1664 2446 1743 2485 est
1792 2434 1841 2485 le
1889 2434 2047 2485 motis
2090 2434 2215 2487 d’un
2272 2432 2431 2489 choix

1431 2537 1454 2560 ιι
1476 2516 1621 2568 aussi
1644 2513 1865 2566 decide?
1882 2515 1957 2566 La
1972 2517 2286 2587 persuasion
2306 2516 2431 2590 qn’il

1430 2615 1452 2639 ιι
1473 2593 1557 2665 n’y
1586 2611 1617 2644 a
1643 2593 1799 2664 point
1819 2591 1886 2645 de
1908 2593 2157 2647 mechant
2184 2598 2275 2666 qui
2298 2597 2430 2650 n’ait

1432 2693 1455 2717 ι
1475 2684 1702 2723 souvent
1720 2668 1893 2722 desire
1909 2669 2073 2724 d’etre
2095 2671 2203 2724 bon
2216 2710 2233 2738 ‚
2252 2686 2307 2724 et
2326 2691 2453 2744 qne-

1433 2771 1456 2795 ιι
1475 2749 1524 2800 le
1550 2748 1664 2800 bon
1692 2768 1761 2802 ne
1791 2748 2021 2803 desirera
2048 2751 2240 2821 jamnis
2268 2749 2431 2805 d'etre

1433 2851 1456 2876 ιι
1475 2828 1741 2882 mechant.
1765 2852 1787 2877 ιι

1503 2927 1553 2961 2.
1591 2909 1719 2975 Die,
1744 2927 1925 2981 qum...
1954 2909 2225 2962 Octaviam
2249 2911 2436 2964 intere-

1428 2997 1615 3040 merat.
1643 2987 1775 3040 Vide
1808 2989 2031 3040 Reimur.
2071 2986 2141 3040 nd
2174 2988 2433 3060 xiphilin.

1428 3068 1597 3134 LXII,
1633 3067 1710 3120 13.

1503 3147 1557 3198 3.
1602 3146 1672 3198 Ut
1687 3144 1829 3218 plebs
1847 3146 2078 3218 pilenta,
2102 3161 2201 3202 etc.
2229 3148 2311 3200 cf.
2335 3150 2439 3201 Au-

1431 3224 1524 3277 rel.
1549 3226 1749 3277 Victor.
1774 3224 1811 3276 l.
1837 3244 1884 3277 c.
1906 3224 2104 3297 xiphil.
2130 3225 2317 3292 LXIII,
2344 3243 2437 3295 29,

1435 3307 1528 3377 qui
1562 3318 1740 3358 tamen
1770 3317 1894 3357 ante
1924 3307 2037 3375 ejus
2072 3317 2295 3356 mortem
2332 3303 2437 3357 hoc

1432 3385 1635 3436 factum
1658 3396 1856 3435 narrat.

1505 3463 1557 3530 4.
1602 3463 1758 3534 Quasi
1781 3464 2023 3528 viventia
2046 3473 2153 3515 ct...
2175 3463 2438 3514 revemrt'.

1433 3543 1602 3595 Tacit.
1642 3542 1775 3592 Hist.
1815 3540 1892 3604 11,
1934 3541 1999 3607 8,
2035 3541 2103 3592 ad
2141 3559 2262 3593 ann.
2304 3541 2439 3607 823,

1442 3640 1464 3664 ι
1484 3616 1593 3669 Sub
1622 3616 1763 3670 idem
1796 3629 2005 3688 tempus
2044 3616 2243 3669 Achaia
2280 3629 2443 3690 atque

1435 3699 1561 3753 Asia
1598 3696 1736 3750 falso
1778 3699 2035 3749 exterritoe
2054 3736 2071 3764 ‚
2112 3695 2255 3748 velut
2296 3697 2445 3749 Nero

1439 3781 1773 3845 adventaret,
1800 3779 1967 3833 vario·
1980 3795 2141 3848 super
2162 3778 2305 3829 exitu
2328 3779 2442 3847 ejus

1437 3880 1666 3926 rumore,
1684 3878 1857 3930 eoque
1872 3857 2117 3929 pluribus
2129 3859 2305 3910 vivere
2320 3877 2443 3910 eum

1439 3940 1762 4011 fingentibus
1800 3936 2308 4008 credentibusque.»
2350 3938 2444 3988 Vi-

1437 4021 1504 4073 de
1530 4019 1835 4072 Casaubon.
1861 4017 1929 4068 ad
1956 4017 2132 4068 locum
2160 4027 2323 4068 nostr.
2352 4017 2443 4085 qui

1437 4115 1626 4172 praeter
1644 4099 1776 4152 alios
1792 4099 1973 4150 citavit
1990 4097 2267 4166 Augustin.
2285 4094 2353 4147 de
2364 4095 2444 4148 Ci-

1438 4182 1529 4231 vit.
1554 4180 1678 4246 Dei,
1702 4179 1826 4244 XX,
1854 4196 1931 4246 ¹9·
