3050 5004
1142 528 1150 535 -
1220 484 1498 549 NERO.
2281 489 2405 577 173

304 608 439 675 lam
454 608 477 645 ⁵
524 610 809 675 omnino
840 607 1080 675 darent
1098 660 1115 690 ,
1156 609 1501 701 praebente
1543 611 1782 676 aerario
1823 615 2112 701 gratuita
2140 640 2153 679 ε
2199 630 2411 707 utque

308 744 534 788 rerum
558 736 717 787 actu
744 719 831 788 ab
848 723 1093 788 aerario
1120 744 1344 789 causae
1378 720 1467 789 ad
1506 728 1758 789 Forum
1789 748 1870 791 ac
1901 742 2410 818 recuperatores

310 828 917 900 transferrentur⁶t
948 848 1018 898 et
1037 847 1117 898 ut
1142 856 1376 899 omnes
1401 832 1886 925 appellationes
1907 860 1952 901 a
1967 833 2308 927 judicibus
2327 835 2414 903 ad

311 948 631 1012 Senatum
658 934 954 1011 fierent7.

401 1060 649 1123 XVIII.
701 1054 1007 1154 Augendi
1038 1056 1596 1152 propagandique
1628 1060 1892 1149 imperii
1923 1082 2146 1153 neque
2174 1059 2415 1127 volun·
2477 1092 2482 1097 ·

312 1184 443 1234 tate
466 1165 641 1249 ulla,
674 1188 899 1261 neque
928 1160 1049 1259 spe
1080 1183 1304 1235 motus
1328 1191 1635 1263 unquam
1655 1220 1672 1252 ,
1707 1170 1908 1235 etiam
1933 1192 2014 1236 ex
2041 1179 2057 1207 ¹
2077 1172 2416 1238 Britannia

312 1276 649 1345 deducere
685 1278 1055 1345 exercitum
1096 1280 1448 1370 cogitavit:
1494 1302 1621 1345 nec
1669 1280 1800 1345 nisi
1839 1278 2244 1347 verecundia
2263 1332 2280 1361 ‚
2327 1305 2416 1349 ne

312 1388 689 1456 obtrectare
712 1391 1010 1481 parentis
1034 1386 1263 1479 gloriae
1286 1389 1656 1468 videretur,
1688 1389 1961 1459 destitit.
1991 1393 2183 1458 Ponti
2211 1388 2416 1459 modo

314 1522 597 1591 regnum
617 1551 636 1579 ,
662 1497 1073 1565 concedente
1101 1498 1463 1566 Polemone
1480 1508 1503 1537 ³
1518 1550 1537 1578 ‚
1567 1502 1730 1567 item
1753 1500 2025 1592 Alpium
2045 1552 2062 1583 ,
2093 1500 2415 1569 defuncto

314 1611 528 1677 Cottio
543 1661 565 1691 ,
594 1610 667 1675 in
698 1610 1061 1700 provinciae
1086 1610 1371 1677 formam
1397 1608 1676 1701 redegit.

314 1818 455 1856 tores
486 1801 610 1856 illos
638 1807 833 1871 secuti,
860 1818 1129 1857 auctorem
1158 1804 1317 1857 docta

315 1882 678 1955 disputatione
714 1882 971 1937 defendit.
1009 1884 1167 1937 conf.
1203 1905 1318 1957 quae

314 1962 568 2029 Baebius,
588 1981 712 2035 pag.
740 1962 863 2030 354.

382 2042 433 2095 5.
485 2044 594 2095 Pro
634 2042 890 2112 subselliis
928 2044 1174 2105 nullam3
1216 2063 1315 2115 pro

316 2121 504 2193 quibus
560 2122 859 2175 mercedem
914 2139 1071 2175 antea
1138 2122 1317 2176 datam

314 2200 639 2273 mancipibus
652 2202 881 2254 Casaub.
899 2216 952 2255 et
968 2204 1316 2269 Burmannus,

312 2281 494 2331 erar-io
520 2298 682 2344 vero,
711 2299 741 2332 a
770 2280 957 2333 scribis
987 2294 1259 2349 exactam,
1288 2301 1319 2334 e

315 2358 588 2428 Cicerone,
604 2360 746 2411 Brut.
766 2362 833 2427 84
845 2398 863 2427 ,
876 2362 1137 2413 existimat
1150 2364 1319 2413 Erne-

315 2452 459 2493 SUBS-

385 2520 437 2572 6.
474 2521 645 2594 thue
664 2539 833 2574 rerum
855 2533 1052 2576 actm...
1078 2543 1317 2577 catum...

318 2598 749 2670 tranfferrenturg
774 2599 833 2652 h.
862 2621 909 2653 e.
942 2614 1002 2652 nt
1028 2621 1199 2656 causae
1228 2622 1321 2654 eo-

318 2695 461 2746 rum,
487 2683 582 2751 qui
604 2681 789 2732 aerario
814 2679 1019 2754 aliquid
1038 2681 1321 2746 deberent,

320 2777 425 2810 non
453 2759 523 2810 ad
550 2759 829 2813 Praefectos
857 2762 1075 2828 aerario,
1108 2761 1175 2814 de
1206 2763 1324 2833 qui-

318 2836 416 2889 bus
437 2837 559 2890 vide
582 2838 653 2889 ad
680 2837 869 2892 Claud.
896 2856 961 2907 9,
984 2839 1105 2907 sed,
1128 2854 1187 2892 ut
1211 2841 1323 2892 aliae

318 2936 485 2970 causa
508 2919 827 2990 pecuniariae
858 2920 1180 2989 privatorum
1195 2957 1215 2986 ‚
1256 2919 1323 2971 ad

320 3010 695 3068 recuperatores
734 2997 1091 3066 deferrentur,
1128 3001 1183 3050 in
1213 3015 1322 3070 quo

320 3080 545 3128 maxima
572 3096 697 3149 erga
727 3075 985 3130 obaeratos
1006 3076 1321 3147 benignitas.

320 3158 396 3208 De
423 3157 893 3230 recuperatoribus,
922 3160 1029 3210 sive
1052 3157 1324 3228 judicibus

320 3235 385 3288 de
410 3237 752 3308 possessione
775 3235 1044 3308 rebusque
1071 3237 1327 3307 pecunia-

322 3317 434 3383 riis,
452 3315 571 3368 vide
584 3318 789 3368 Ernest.
807 3315 954 3368 Clav.
970 3318 1079 3370 Cic.
1098 3329 1150 3368 et
1164 3317 1321 3370 Bach.

320 3413 442 3468 pag.
476 3395 575 3462 ¹04
603 3415 716 3467 seq.

392 3491 441 3542 7.
480 3475 555 3526 Et
579 3485 641 3526 ut
669 3493 847 3528 omnes
868 3473 1321 3548 appellationes....

321 3553 389 3604 ad
414 3555 667 3606 Senatum
684 3553 900 3627 fierent.
925 3557 1094 3606 Tacit.
1130 3555 1322 3608 Annal.

322 3629 463 3700 xlv,
503 3635 571 3687 28
593 3670 609 3700 ,
656 3655 681 3680 κ
698 3635 861 3686 Auxit
898 3637 1111 3686 Patrum
1149 3632 1327 3685 hono·

321 3729 429 3763 rem
444 3749 463 3778 ,
489 3713 805 3778 statuendo,
829 3725 916 3778 ut,
942 3714 1035 3785 qui
1058 3731 1089 3764 a
1114 3715 1327 3782 privatis

315 3790 585 3859 judicibus
615 3791 685 3844 ad
712 3791 965 3844 Senatum
992 3795 1329 3863 provocavis·

322 3882 469 3938 sent,
498 3870 741 3942 ejusdem
773 3873 1011 3942 pecunia:
1030 3871 1327 3943 periculum

322 3949 558 4002 facerent
582 3969 705 4004 cum
724 3951 815 4016 iis,
836 3952 931 4022 qui
951 3953 1329 4021 Imperatorem

324 4029 676 4101 appellavere.
694 4054 715 4077 ιι
730 4033 853 4084 Haec
868 4031 1027 4084 verba
1039 4032 1212 4083 Taciti
1224 4032 1331 4082 No·

326 4125 433 4163 stro
469 4111 627 4164 valde
666 4122 999 4181 repugnant,
1028 4112 1119 4184 qui
1154 4129 1331 4164 omnes

324 4191 714 4265 appellationes
739 4189 811 4242 ad
831 4193 1083 4244 Senatum
1104 4208 1329 4243 revoca-

1410 1817 1514 1868 tas,
1533 1804 1778 1858 affirmat.
1794 1806 2088 1877 Utrumque
2102 1803 2416 1858 historicum
2491 1795 2500 1806 ⁸

1409 1882 1850 1954 conjungendum
1893 1902 2038 1949 esse,
2079 1896 2139 1935 ut
2178 1882 2310 1935 alter
2344 1882 2414 1935 ab

1408 1960 1574 2014 altero
1597 1965 1851 2015 omissum
1871 1963 2075 2029 tradat,
2092 1974 2218 2033 post
2233 1963 2413 2032 Cujac.

1406 2042 1684 2095 Observat-
1733 2042 1888 2110 XXI,
1933 2043 2000 2096 33
2016 2082 2033 2109 ,
2071 2044 2277 2115 judicat
2319 2046 2418 2097 Ba-

1408 2121 1588 2189 ebius,
1619 2143 1740 2197 pag.
1779 2124 1901 2177 356.
1931 2125 2036 2191 Qui
2075 2124 2143 2176 de
2178 2124 2417 2195 appella-

1408 2202 1638 2255 tionibus
1659 2202 1728 2254 ad
1747 2205 1918 2255 Taciti
1941 2204 2214 2257 laudatum
2238 2204 2417 2256 locum

1409 2280 1714 2335 doctissime
1733 2282 2008 2347 disseruit,
2029 2284 2266 2355 Lipsius,
2287 2303 2420 2337 con-

1407 2362 1586 2414 ciliare
1623 2380 1714 2413 eos
1749 2380 1807 2413 se
1839 2380 2000 2433 posse
2035 2376 2226 2432 negat,
2259 2377 2418 2436 atque

1408 2442 1630 2493 nimium
1651 2440 1843 2493 dixisse
1859 2442 2174 2493 Suetonium
2189 2443 2292 2512 ipsi
2307 2444 2418 2493 fere

1409 2520 1690 2573 credimus.
2005 2517 2013 2526 ’

1480 2601 1667 2654 XVIII.
1695 2617 1714 2652 ι
1729 2637 1742 2650 .
1755 2601 1841 2650 Ex
1855 2600 2150 2652 Britannia.
2173 2601 2252 2652 De
2267 2599 2419 2652 clade

1410 2681 1710 2732 Britannica
1730 2679 1848 2732 vide
1866 2679 2032 2745 infra,
2057 2697 2178 2750 cap.
2207 2679 2294 2750 39.
2317 2683 2422 2732 Eu-

1412 2773 1553 2830 trop.
1578 2761 1699 2825 VII,
1728 2776 1795 2828 9,
1830 2782 1852 2805 ι
1874 2762 1932 2810 In
1965 2778 2020 2810 re
2046 2759 2258 2811 militari
2285 2758 2420 2811 nihil

1413 2839 1632 2890 omnino
1675 2856 1864 2905 ausus,
1907 2839 2228 2890 Britanniam
2269 2857 2419 2910 paene

1414 2921 1605 2973 amisit.
1627 2943 1650 2966 κ
2043 2965 2046 2970 .

1424 3023 1433 3032 ·
1488 3017 1538 3050 2.
1584 2997 1888 3052 Polemone.
1929 2997 2133 3050 Crebra
2173 2997 2422 3051 Polemo-

1413 3095 1544 3128 num
1575 3079 1779 3130 mentio
1819 3077 1966 3149 apud
2001 3078 2247 3130 Dionem.
2287 3075 2420 3130 Vide

1412 3155 1624 3208 Fabric.
1656 3155 1724 3208 ad
1751 3157 1946 3224 XLIX,
1977 3156 2043 3208 25
2071 3169 2124 3208 et
2147 3155 2248 3222 443
2275 3157 2420 3219 LIII,

1416 3234 1514 3297 25;
1544 3236 1679 3302 LIV,
1705 3235 1800 3301 243
1831 3237 1976 3302 LIX,
2011 3252 2102 3298 123
2141 3247 2192 3286 et
2218 3236 2342 3300 LX,
2366 3237 2418 3288 8.

1414 3314 1491 3366 Ex
1520 3316 1722 3378 Nostro
1753 3315 2000 3367 Aurelius
2023 3315 2160 3365 Vict.
2199 3313 2328 3366 Caes.
2356 3315 2421 3382 5,

1420 3417 1442 3442 a·
1462 3395 1688 3446 Pontum
1720 3396 1776 3445 in
1809 3396 1896 3464 jus
1927 3393 2241 3463 provinciae,
2270 3391 2424 3446 Pole-

1412 3473 1590 3525 monis
1603 3473 1884 3544 permissu,
1899 3471 2119 3541 redegit,
2133 3473 2285 3540 cujus
2297 3489 2420 3542 gra-

1414 3555 1489 3604 tia
1518 3551 1920 3604 Polemoniacus
1950 3553 2150 3602 Pontus
2177 3551 2421 3622 appella-

1414 3643 1532 3693 tur;
1553 3632 1784 3699 itemque
1810 3629 2010 3680 Cottias
2027 3625 2219 3698 Alpes,
2244 3627 2421 3680 Cottio

1416 3729 1541 3781 rege
1577 3723 1807 3774 mortuo,
1831 3731 1854 3756 υ
1887 3707 2176 3777 Eutropius
2193 3743 2209 3771 ,
2253 3727 2275 3752 ι
2294 3705 2422 3757 Duae

1416 3802 1594 3841 tamen
1609 3787 1894 3860 provinciae
1909 3785 2008 3838 sub
2024 3805 2088 3838 eo
2105 3785 2256 3838 factae
2271 3797 2422 3850 sunt,

1416 3871 1619 3922 Pontus
1639 3869 2073 3933 Polemoniacus,
2093 3864 2422 3919 concedente

1417 3969 1542 4022 rege
1575 3949 1888 4016 Polemone,
1929 3960 1980 4001 et
2013 3947 2175 4020 Alpes
2209 3949 2424 4014 Cottiae,

1418 4031 1598 4083 Cottio
1635 4048 1757 4099 rege
1791 4028 2062 4082 defuncto.
2086 4051 2108 4074 ιι
2141 4027 2221 4080 Cf.
2255 4027 2422 4096 Vopi-

1418 4130 1599 4176 scum,
1639 4109 1816 4162 Aurel.
1860 4129 1978 4180 cap.
2017 4111 2102 4162 ai.
2139 4109 2217 4161 De
2253 4109 2420 4161 Cottio

1418 4192 1500 4243 cf.
1535 4189 1604 4242 ad
1641 4188 1817 4243 Tiber.
1857 4191 1942 4259 37.
