3050 5004
538 406 677 493 ‘236
1282 429 1353 491 c.
1406 426 1871 495 SUEToNu

548 551 685 642 gilii
703 549 1071 619 Turnum³.
1104 554 1190 617 Et
1207 568 1390 634 suut,
1411 555 1529 645 qui
1551 550 1840 633 tradant,
1868 549 2174 618 Paridem
2200 550 2636 619 4histriouem

550 664 847 730 occisum
863 663 949 730 ab
975 686 1076 745 e0,
1102 666 1295 758 quasi
1318 686 1593 753 gravem
1617 662 2098 730 adversarium.

642 776 779 839 LV.
832 779 994 839 Erat
1033 772 1129 840 illi
1170 775 1554 841 aeternitatis
1597 789 2078 869 perpetuaeque
2121 775 2318 841 famae
2354 772 2638 865 cupid0,

554 880 673 949 sed
700 882 1111 967 inconsulta;
1145 883 1431 978 ideoque
1462 868 1703 952 multis·
1727 882 1930 950 rebus
1959 908 2038 951 ac
2074 884 2236 952 locis
2271 900 2496 951 vetere
2527 907 2646 975 ap-

551 991 911 1082 pellatione
936 993 1261 1076 detracta,
1289 1017 1536 1060 novam
1570 992 1832 1060 induxit
1861 1018 1944 1061 ex
1972 992 2098 1061 suo
2125 997 2423 1062 nomine.
2449 998 2644 1059 Men-

555 1126 699 1171 sem
714 1128 989 1200 quoque
1004 1104 1303 1197 Aprilem
1325 1110 1714 1174 Neroneum
1735 1105 2130 1199 appellavit¹
2144 1159 2157 1172 .
2181 1108 2648 1174 Destinaverat

554 1230 622 1281 et
646 1219 927 1283 Romam
952 1216 1319 1309 Neropolin
1343 1241 1739 1309 nuncupare
1756 1234 1802 1284 ².

648 1328 817 1394 LVI.
832 1326 1257 1418 Religionum
1266 1351 1756 1423 usquequaque
1766 1344 2165 1409 contemtor,
2179 1342 2428 1420 praeter
2441 1328 2647 1393 unius

558 1440 715 1504 Deae
738 1439 967 1530 Syriae.
1000 1442 1191 1505 Hanc
1212 1462 1373 1505 mox
1396 1441 1485 1505 ita
1510 1441 1794 1531 sprevit,
1816 1455 1894 1505 ut
1914 1440 2111 1504 urina
2129 1439 2650 1517 contaminaret;

558 1545 691 1613 alia
726 1549 1201 1639 superstitione
1224 1565 1462 1641 captus
1479 1600 1495 1631 ,
1520 1550 1592 1614 in
1630 1572 1765 1643 qua
1793 1545 1936 1614 sola
1963 1548 2490 1640 pertinacissime
2517 1544 2656 1613 hae-

560 1660 669 1726 sit.
708 1659 1051 1754 Siquidem
1097 1659 1483 1727 icunculam
1503 1676 1521 1707 ¹
1563 1657 1937 1752 puellarem
1972 1683 2187 1754 quum
2215 1660 2408 1753 quasi
2445 1680 2655 1725 reme-

560 1770 751 1838 dium
780 1770 1178 1838 insidiarum
1206 1796 1247 1837 a
1273 1770 1540 1864 plebeio
1578 1770 1873 1865 quodam
1903 1787 1968 1836 et
1994 1771 2221 1862 ignoto
2248 1770 2512 1836 muneri
2549 1791 2658 1835 ac-

560 1884 849 1974 cepisset
865 1935 883 1963 ,
908 1881 1170 1949 detecta
1198 1882 1554 1949 confestim
1575 1879 2038 1973 conjuratione
2055 1934 2071 1963 ‚
2097 1905 2222 1973 pro
2247 1903 2514 1947 summo
2533 1903 2655 1946 nu-

562 1995 743 2060 mine
761 2046 778 2075 ,
831 1995 1160 2087 trinisque
1208 1996 1279 2060 in
1326 1991 1433 2059 die
1477 1994 1816 2061 sacrificiis
1836 2048 1852 2075 ,
1903 1993 2124 2061 colere
2163 1994 2648 2084 perseveravit:

563 2102 969 2198 volebatque
994 2101 1178 2171 credi
1202 2105 1570 2171 monitione
1595 2099 1742 2194 ejus
1775 2102 2001 2169 futura
2023 2124 2462 2194 praenoscere.
2487 2106 2686 2167 Ante·

565 2238 819 2306 paucos
840 2268 857 2297 ,
881 2237 1090 2308 quam
1113 2216 1386 2307 periret,
1410 2238 1679 2281 menses
1695 2266 1713 2296 ,
1737 2213 2021 2282 attendit
2043 2230 2112 2281 et
2134 2215 2474 2304 extispicio
2488 2266 2506 2293 ,
2533 2236 2660 2280 nec

566 2350 869 2421 unquam
898 2325 1112 2393 litavit
1126 2341 1175 2391 ².

661 2442 867 2506 LVII.
920 2436 1102 2506 Obiit
1138 2436 1438 2507 secundo
1482 2454 1552 2506 et
1591 2440 1925 2507 tricesimo
1967 2441 2176 2506 aetatis
2223 2453 2471 2518 ann01,
2513 2432 2622 2504 die
2641 2488 2662 2520 ,

1731 2627 1861 2677 LVI.
1905 2641 1949 2677 1.
1989 2622 2323 2677 leunculum.
2359 2623 2665 2674 Lectionem

1662 2701 1920 2754 librorum
1951 2703 2262 2755 acunculam
2296 2701 2536 2754 defendit
2563 2699 2669 2753 Ca—

639 2624 690 2676 3.
728 2625 1162 2699 Saltum-umque
1195 2625 1406 2701 Vir-qiua·
1442 2625 1576 2678 Tur-

570 2719 729 2766 num,
758 2704 1139 2772 pantomimica
1166 2702 1465 2756 saltatione.

642 2779 692 2846 4.
746 2780 993 2832 Paridem
1036 2780 1333 2833 histrionem
1354 2803 1373 2841 ;
1417 2798 1575 2853 quem

570 2857 815 2908 Domitiae
842 2856 1093 2910 libertum
1119 2857 1247 2909 dicit
1268 2859 1436 2909 Tacit.
1466 2860 1582 2909 An-

570 2934 678 2986 nal.
700 2936 849 3002 XIII,
875 2950 953 3002 ¹9·
980 2934 1135 2986 Couf.
1160 2933 1361 3004 Xiphil.
1387 2935 1576 2997 anl,

460 3061 473 3076 ,
581 3013 661 3066 18.

640 3092 745 3144 LV.
766 3109 786 3144 1
798 3132 809 3144 .
820 3093 1117 3145 Neroneum
1130 3092 1436 3163 appellavit.
1449 3096 1578 3146 Post

572 3187 809 3224 eversam
832 3171 1035 3222 Pisonis
1056 3171 1476 3239 conjurationem
1499 3173 1576 3222 in-

576 3265 657 3304 ter
690 3251 790 3302 alia
830 3269 859 3302 a
894 3248 1091 3300 Senatu
1127 3248 1431 3317 decretum,
1474 3274 1496 3297 α
1517 3263 1578 3301 ut

578 3334 773 3385 mensis
795 3330 991 3404 Aprilis
1012 3331 1239 3382 Neronis
1265 3348 1584 3402 cognomen·

582 3425 689 3463 tum
717 3413 1008 3482 acciperet,
1026 3433 1051 3457 ιι
1078 3423 1265 3462 auctor
1285 3411 1452 3462 Tacit.
1473 3413 1585 3463 An·

579 3491 685 3546 nal.
712 3493 828 3558 XV,
854 3491 945 3560 74;
976 3492 1047 3542 cf.
1078 3491 1225 3557 XVI,
1257 3507 1335 3543 12.

654 3591 702 3625 2.
739 3571 1033 3643 Ner-cpolin
1066 3591 1385 3645 nuncupare.
1410 3573 1581 3625 Tacit.

579 3650 771 3706 Annal.
788 3651 904 3717 XV,
918 3649 987 3716 4ο
1000 3688 1017 3717 ,
1037 3671 1060 3695 ι
1073 3649 1471 3722 Videbaturque
1486 3651 1588 3702 Ne·

579 3751 641 3784 ro
662 3729 953 3783 condendae
973 3728 1115 3782 urbis
1139 3749 1287 3782 novae
1314 3743 1365 3784 et
1388 3747 1588 3800 cogno-

582 3822 761 3862 mento
772 3825 867 3860 suo
880 3807 1205 3878 appellandae
1214 3807 1437 3879 gloriam
1448 3826 1586 3879 quae·

579 3905 710 3940 rere.
732 3910 755 3934 a·
785 3885 982 3939 Urbem
1014 3886 1261 3940 Artaxata
1292 3885 1583 3939 a‘Tiridate

579 3962 806 4034 Nape-'vua
820 3964 1141 4037 appellatam
1152 4005 1170 4033 ‚
1191 3979 1367 4018 narrat
1382 3965 1582 4038 xiphil.

576 4045 763 4111 Lxm,
794 4062 845 4115 7,
875 4044 967 4096 ubi
1004 4045 1131 4098 alias
1158 4045 1318 4118 hujus
1352 4048 1584 4100 nominis

579 4137 818 4176 recenset
846 4125 1133 4178 Reimarus.

1665 2781 1938 2834 saubonus
1958 2819 1975 2847 ‚
2028 2782 2120 2834 sed
2159 2785 2280 2852 jure
2326 2780 2668 2853 exploserunt

1667 2862 1951 2912 Burmann.
1984 2873 2036 2914 et
2063 2861 2408 2934 Oudendorp.

1741 2958 1788 2992 2.
1809 2943 1922 2993 Nec
1939 2959 2173 3013 unquam
2199 2939 2370 2994 litavit
2379 2965 2398 3004 ‚·
2423 2940 2508 2992 οὑκ
2526 2939 2671 2992 ἕωλ-

1666 3017 1852 3089 λιὶρησι.
1869 3019 2002 3073 Vide
2023 3033 2133 3074 not.
2157 3021 2226 3073 ad
2239 3021 2368 3074 Caes.
2393 3024 2480 3088 81,
2500 3034 2552 3073 et
2569 3023 2672 3073 Au-

1665 3111 1804 3168 gust.
1831 3097 1916 3168 96.

1739 3177 1888 3228 LVII.
1915 3194 1932 3228 1
1945 3215 1957 3227 .
1973 3177 2205 3230 Secundo
2222 3188 2274 3229 et
2289 3177 2538 3230 tricesimo
2551 3188 2674 3228 oeta-

1671 3257 1734 3308 tis
1773 3273 1932 3307 anno.
1970 3257 2141 3309 Etiam
2177 3257 2397 3328 Eutrop.
2432 3256 2564 3320 VII,
2601 3272 2635 3325 9
2656 3292 2674 3323 ‚

1678 3359 1700 3382 ι
1723 3335 1973 3388 tricesimo
2003 3347 2056 3387 et
2074 3335 2238 3389 altero
2261 3337 2425 3388 aetatis
2453 3353 2626 3402 anno,
2647 3358 2670 3382 a

1673 3429 1725 3468 et
1747 3415 1927 3468 Aurel.
1949 3417 2150 3484 Victor,
2174 3417 2312 3488 Epit.
2341 3416 2404 3483 V,
2428 3417 2479 3469 8.
2503 3417 2676 3466 Accu-

1675 3495 1839 3546 ratius
1857 3495 2022 3547 Graeci
2034 3533 2052 3560 .,
2077 3506 2136 3546 ut
2151 3492 2353 3565 Xiphil.
2375 3493 2536 3545 LXIII
2547 3531 2564 3560 ,
2581 3493 2674 3543 fin.

1673 3570 1895 3633 §.ele-‘in
1933 3570 2182 3640 'rpeiam-a
2216 3570 2296 3622 aa}
2327 3571 2475 3637 μῗνας
2511 3567 2674 3632 inte,

1674 3650 1818 3703 unde
1851 3653 2007 3702 etiam
2042 3652 2303 3722 interpres
2327 3651 2537 3702 Graecus
2565 3651 2677 3700 Eu·
2741 3701 2750 3710 ,

1677 3731 1864 3800 tropii‚
1889 3730 2070 3781 nescio
2091 3747 2156 3782 an
2180 3748 2243 3781 ex
2265 3729 2482 3802 propria
2503 3747 2679 3780 emen-

1675 3809 1893 3862 datione
1919 3827 2090 3881 eaque
2124 3829 2276 3875 vera,
2304 3808 2581 3878 τριαωοτοῧ
2599 3804 2680 3857 aa.)

1675 3884 1767 3943 ὅνδε
1788 3885 1919 3943 ἔτους
1941 3887 2022 3944 ‘riie
2045 3886 2220 3944 ὔλικίας
2245 3883 2480 3939 ἀπόλοιτο.
2507 3887 2679 3938 Nimi-

1677 3985 1794 4018 rum
1828 3980 1983 4018 natus
2027 3983 2204 4018 mense
2242 3965 2522 4018 Decembri
2555 3982 2677 4016 aun.

1679 4063 1809 4116 790,
1839 4059 1898 4096 ut
1925 4044 2148 4097 vidimus
2187 4044 2254 4097 ad
2291 4064 2409 4116 cap.
2445 4043 2481 4096 6
2502 4083 2516 4110 ,
2549 4043 2682 4094 obiit

1677 4145 1854 4178 mense
1891 4127 2051 4178 sunio
2085 4145 2211 4178 ann.
2247 4126 2379 4191 821,
2417 4137 2478 4175 ut
2511 4122 2682 4188 adeo,
