3050 5004
858 449 1365 516 EXCURSUS
1410 450 1523 530 11,
1573 448 1714 513 ΙΙΙ.
2207 454 2341 542 479

237 581 559 635 militaribus
592 580 857 650 suspensi.
884 576 1045 646 Quod
1080 575 1151 629 ad
1176 576 1485 630 dissensum
1508 573 1732 648 Josepbi
1765 588 1822 628 et
1847 577 2090 632 Suetonii
2121 580 2342 648 attinet,

234 674 430 714 neuter
450 659 660 712 videtur
678 676 788 710 rem
804 697 821 724 ,
849 661 928 710 uti
947 669 1095 728 gesta
1123 670 1262 709 esset
1277 695 1293 718 ,
1321 669 1414 710 aut
1436 659 1736 727 ignorasse,
1759 667 1879 722 aut,
1901 659 1980 708 uti
2001 672 2210 724 nosset,
2235 673 2346 714 tra-

235 739 365 791 dere
386 736 640 789 noluisse.
667 738 853 806 Itaque
876 737 1135 806 optimum
1162 735 1347 799 fuerit,
1374 735 1701 800 existimare,
1733 733 1801 785 de
1830 735 1989 788 rebus
2019 735 2234 790 diversis
2257 738 2343 790 lo-

235 818 331 889 qui
356 829 657 885 utrumque.
683 813 826 866 Olim
848 816 1069 887 summis
1099 812 1299 866 artibus
1326 813 1687 884 precibusque
1715 814 1941 880 Tiberii,
1968 833 1998 866 a
2020 815 2234 869 Vitellio
2257 819 2342 869 in—

231 899 459 961 vitatus,
493 893 795 946 Artabanus
822 893 890 945 ad
918 894 1089 964 ripam
1120 893 1406 966 Euphratis
1431 906 1485 946 et
1512 889 1841 963 colloquium
1871 896 2043 959 venit,
2075 896 2130 946 in
2162 895 2342 949 medio

232 977 466 1028 fluminis
488 986 681 1047 ponte,
710 972 804 1024 ubi
834 973 995 1025 etiam
1028 974 1268 1024 convivio
1294 975 1500 1044 excepti
1522 985 1650 1024 sunt
1678 971 1747 1024 ab
1774 971 2004 1025 Herode.
2035 975 2152 1026 Hoc
2179 974 2344 1027 tradit

229 1053 532 1126 Josephus,
556 1053 593 1104 l.
615 1072 661 1104 c.
686 1071 804 1123 cap.
830 1051 981 1120 4,nil
1002 1051 1247 1122 amplius.
1268 1053 1425 1104 Nunc
1455 1065 1668 1119 autem,
1695 1071 1856 1124 quum
1881 1052 2022 1105 idem
2051 1052 2226 1106 adhuc
2248 1055 2343 1105 vi-

232 1134 409 1188 tellius
427 1134 587 1208 Syriai
606 1146 880 1206 praeesset,
904 1131 1048 1183 ultro
1068 1133 1234 1199 venit,
1255 1133 1539 1184 amicitiam
1557 1133 1739 1204 petiit,
1757 1133 1933 1201 ipsum
1953 1133 2147 1186 flumen
2168 1147 2342 1186 trans-

228 1217 321 1280 iit,
356 1215 605 1284 venitque
642 1213 699 1264 in
728 1225 899 1265 castra
926 1214 1196 1278 Romana,
1228 1225 1282 1264 et
1309 1214 1458 1282 signa
1492 1211 1749 1266 adoravit.
1779 1213 1907 1264 Eun.
1940 1214 2066 1266 Non
2093 1215 2338 1286 profecto

228 1294 355 1346 talis
378 1305 568 1345 auctor
594 1305 675 1345 est
692 1290 991 1366 Josephus,
1018 1303 1079 1343 ut
1106 1293 1221 1362 ejus
1246 1289 1574 1344 defendendi
1595 1308 1788 1346 caussa
1815 1311 1924 1346 rem
1949 1313 2046 1364 per
2069 1311 2125 1346 se
2147 1299 2338 1366 parum

228 1372 568 1444 probabilem
590 1373 789 1444 fingere
812 1383 1078 1444 oporteat.
1098 1369 1369 1424 Wonrms.

776 1755 1529 1856 EXCURSUS
1607 1759 1784 1853 ΙΙΙ

636 2017 772 2086 AD
830 2011 1517 2102 CALIGUL‘AM,
1574 2013 1746 2086 cu».
1808 2040 1920 2114 17.

226 2527 475 2614 Pluinna
494 2554 871 2635 (consulatum)
890 2573 953 2607 ex
971 2550 1098 2606 Kal.
1118 2552 1309 2619 saliis,
1332 2564 1431 2605 etc.
1451 2552 1628 2604 Prima
1645 2550 1735 2604 hic
1752 2552 2044 2607 Burmanni
2068 2554 2332 2611 dubitatio

226 2654 335 2707 est,
371 2658 557 2712 quare,
593 2655 758 2709 quum
788 2654 969 2688 mense
992 2634 1231 2685 Μαι-εἰσ·
1210 2652 1323 2704 Jam
1347 2645 1587 2685 mortuus
1616 2644 1754 2684 esset
1774 2631 2051 2701 Tiberius,
2079 2637 2336 2693 Kalendis

224 2721 357 2774 Julii
388 2720 603 2773 demum
625 2718 803 2769 inierit
829 2715 1192 2769 consulatum.
1230 2732 1390 2786 quam
1418 2712 1708 2765 dissolvere
1742 2712 1830 2765 ille
1851 2732 1965 2766 non
1993 2720 2187 2788 potuit.
2217 2720 2332 2789 Ego

226 2801 537 2856 solvendam
573 2813 707 2872 puto
736 2800 841 2865 sic,
876 2808 938 2849 ut
970 2795 1237 2863 dicamus,
1272 2793 1547 2847 Kalendas
1577 2794 1748 2848 Julias
1776 2794 2107 2851 sollemnes'
2091 2803 2336 2873 inprimis

224 2884 392 2935 fuisse
418 2878 740 2933 Consulibus
774 2878 1041 2943 suffectis,
1070 2876 1174 2935 sub,
1201 2877 1443 2945 Augusto
1476 2876 1742 2945 inprimis,
1769 2889 1832 2929 ut
1861 2896 1974 2929 non
2001 2880 2158 2932 facile
2175 2920 2192 2948 ,
2230 2884 2334 2936 nisi

224 2976 443 3013 mortuo
472 2958 653 3029 aliquo
680 2954 913 3011 Consule
930 2994 949 3023 ,
977 2954 1355 3008 succederetur
1382 2952 1701 3022 ordinariis,
1737 2956 1841 3008 nisi
1867 2954 2122 3012 Kalendis
2147 2960 2300 3014 Juliis
2317 2984 2332 3015 ι

225 3038 283 3091 id
305 3038 450 3111 quod
468 3038 612 3089 Fasti
630 3033 937 3089 consulares
962 3034 1267 3107 planissime
1288 3032 1672 3087 demonstrant.
1693 3033 1895 3089 Caussa
1915 3050 2093 3090 autem
2116 3042 2230 3111 ejus
2255 3043 2337 3095 rei

224 3121 330 3171 fuit
352 3118 466 3169 haec
482 3156 499 3184 ,
530 3114 679 3190 quod
702 3135 775 3169 eze
801 3129 926 3168 sunt
953 3116 1165 3167 initium
1192 3113 1407 3167 alterius
1436 3116 1736 3183 semestris,
1765 3136 1904 3171 anno
1931 3119 2092 3190 vulgo
2115 3120 2172 3173 in
2199 3120 2334 3175 duas

226 3212 408 3271 partes
432 3197 632 3263 diviso,
662 3208 885 3267 propter
914 3214 1074 3267 quarn
1099 3212 1343 3248 caussam
1367 3194 1527 3247 etiam
1549 3193 1844 3249 locationes
1869 3211 1922 3250 et
1948 3196 2332 3254 conductiones

224 3278 420 3331 edium
443 3274 545 3329 bac
569 3275 655 3328 die
678 3276 846 3328 factas
861 3314 879 3343 ,
905 3274 1129 3327 vidimus
1146 3276 1384 3327 Excursu
1404 3274 1476 3327 ad
1494 3274 1674 3328 Tiber.
1707 3294 1825 3347 cap.
1848 3276 1935 3329 35.
1960 3278 2063 3330 Dio
2089 3280 2333 3352 quidem,

222 3360 323 3411 lib.
347 3360 495 3425 LIX,
517 3376 640 3429 pag.
671 3357 813 3426 644,
846 3356 1037 3409 diserte
1068 3354 1260 3421 tradit,
1296 3357 1482 3409 Caium
1519 3356 1790 3423 noluisse,
1811 3356 2171 3428 popularitate
2199 3378 2334 3431 qua-

224 3441 384 3504 darn,
411 3442 558 3511 prius
586 3438 923 3492 consulatum
954 3438 1120 3501 inire,
1152 3455 1307 3508 quam
1340 3449 1590 3489 semestre
1619 3436 1914 3489 Consulum
1944 3436 2332 3493 ordinariorum

226 3522 472 3587 exiisset,
498 3518 781 3591 additque,
807 3519 859 3569 in
884 3529 964 3568 tot
987 3534 1194 3569 menses
1218 3518 1280 3568 iis
1305 3514 1640 3569 consulatum
1665 3514 1850 3567 datum
1873 3518 2035 3571 fuisse
2051 3556 2068 3584 ,
2094 3520 2241 3591 quod
2265 3520 2332 3574 de

224 3620 379 3654 more
402 3601 630 3662 factum,
656 3598 888 3651 dubitari
910 3597 1116 3668 nequit.
1142 3596 1324 3649 Altera
1350 3595 1611 3648 dubitatio
1636 3598 1874 3648 nascitur
1897 3616 1926 3649 e
1950 3596 2136 3652 Claud.
2164 3619 2210 3652 c.
2239 3600 2333 3668 14,

224 3680 326 3731 ubi
344 3678 596 3732 Claudius
622 3677 837 3742 dicitur,
866 3698 888 3722 οι
908 3694 1049 3727 novo
1072 3676 1212 3727 circa
1236 3677 1538 3748 principem
1557 3674 1827 3746 exemplo,
1852 3676 1906 3727 in
1925 3676 2104 3729 locum
2125 3676 2332 3731 demor-

226 3761 309 3811 tui
334 3760 594 3811 suffectus
614 3776 747 3809 esse.
766 3780 787 3802 n
813 3754 915 3807 Sed
934 3754 1044 3806 haec
1065 3752 1314 3808 facillime
1338 3753 1561 3808 tollitur.
1582 3754 1718 3807 Nam
1736 3757 1937 3828 primo,
1963 3759 2056 3829 qui
2077 3756 2329 3812 Kalendis

222 3840 257 3889 J
264 3836 381 3890 uliis
414 3838 783 3904 sufficiuntur,
814 3854 925 3887 non
954 3832 1234 3887 demortuo
1269 3836 1638 3902 sufficiuntur,
1671 3834 1765 3887 sed
1795 3834 1862 3887 de
1893 3854 2070 3901 more,
2103 3856 2136 3889 a
2167 3836 2330 3911 longo

224 3932 471 3988 tempore
498 3929 745 3986 recepto,
776 3928 836 3966 ut
866 3912 1120 3967 Kalendis
1152 3913 1280 3965 Julii
1316 3913 1404 3965 alii
1437 3914 1696 3968 Consules
1729 3914 2052 3987 procedant,
2086 3916 2328 3969 instituto

224 3994 323 4047 illo
344 3994 410 4048 ab
434 3996 675 4066 Augusto
702 4006 1011 4066 propterca,
1034 4007 1095 4045 ut
1115 3992 1350 4045 honores
1376 4011 1499 4045 cum
1520 3992 1764 4064 plurimis
1787 3995 2326 4057 communicarentur;

226 4074 377 4147 quod
403 4074 555 4127 illum
587 4074 655 4127 de
688 4074 925 4127 consilio·
944 4076 1247 4127 Maecenatis
1284 4076 1601 4140 instituisse,
1641 4092 1670 4126 e
1696 4073 1868 4125 Dione
1900 4072 2166 4126 discimus.
2192 4074 2328 4127 Tum

226 4156 317 4208 hic
346 4156 610 4209 sufficitur
629 4157 818 4225 Caius,
842 4174 951 4209 non
986 4167 1229 4209 currente
1252 4156 1477 4228 imperio
1493 4193 1511 4221 ,
1537 4153 1632 4208 sed
1654 4154 1814 4207 initiis
1841 4155 1954 4225 ejus
1970 4192 1988 4222 ,
2012 4174 2129 4227 quae
2150 4158 2329 4210 ornari
