3050 5004
606 458 736 537 428
1359 462 1430 525 C.
1483 460 1953 527 SUETONII

596 581 728 667 dit;
752 584 935 678 quod
958 590 1245 654 Murena
1267 585 1503 679 gibber
1524 603 1688 655 erat.
1717 590 1897 655 Vixit
1914 609 2127 679 prope
2147 586 2236 653 ad
2259 588 2697 654 centesimum

594 696 809 761 aetatis
850 720 1144 779 aunum,
1182 700 1427 765 amissa
1460 695 1606 790 jam
1641 694 1906 791 pridem
1945 699 2306 780 memoria,
2347 712 2426 763 ut
2463 720 2698 763 versus

598 802 893 873 Bibaculi
917 804 1143 891 docet,

760 978 1040 1041 Orbilius
1073 980 1333 1041 ubinam
1361 996 1484 1057 est,
1514 981 1838 1041 literarum
1873 978 2144 1043 oblivio?

596 1140 828 1205 Statua
872 1136 1019 1232 ejus
1066 1142 1431 1209 Beneventi
1474 1140 1855 1209 ostenditur
1899 1143 1972 1209 in
2016 1138 2342 1233 Capitolio
2359 1192 2376 1221 ,
2419 1136 2506 1205 ad
2549 1138 2699 1204 sini-

598 1263 816 1315 strum
839 1246 1013 1318 latus
1028 1303 1045 1332 ,
1072 1274 1482 1334 marmorea,
1504 1250 1743 1317 habitu
1767 1249 2064 1319 sedentis
2088 1273 2169 1318 ac
2185 1248 2436 1342 palliati
2453 1299 2472 1329 ,
2495 1270 2694 1342 appo-

598 1360 739 1427 sitis
774 1358 1043 1431 duobus
1078 1366 1358 1431 scriniis.
1403 1361 1699 1459 Reliquit
1729 1362 1944 1431 filium
1973 1366 2338 1446 Oamumt,
2379 1376 2447 1428 et
2475 1362 2698 1453 ipsum

596 1471 1127 1541 Grammaticum
1152 1474 1628 1567 professorem.

690 1594 770 1658 X.
798 1598 1084 1661 A‘r‘rmus
1106 1598 1521 1663 Pmomous
1544 1593 1897 1662 libertinus
1913 1646 1930 1676 ,
1953 1593 2228 1661 Athenis
2251 1608 2473 1659 natus.
2503 1594 2698 1657 Hunc

596 1702 830 1794 Capito
862 1712 1153 1791 Atten5,
1186 1724 1389 1775 notus
1414 1705 1973 1801 jurisconsultus,
2009 1708 2185 1773 inter
2211 1706 2698 1775 Grammaticos

598 1812 964 1885 Rhetorem
1054 1834 1220 1886 mter
1260 1818 1587 1887 Rhetores
1633 1821 2161 1886 Grammaticum
2195 1818 2406 1885 fuisse
2445 1819 2558 1883 ait.
2601 1820 2698 1881 De

594 1923 834 1993 eodem
858 1934 1119 1996 Asuvius
1141 1935 1383 1999 PoLmo
1402 1934 1471 1998 in
1495 1930 1668 1998 libro
1683 1985 1699 2015 ,
1723 1946 1858 2026 quo
1883 1929 2174 1999 Sallustii
2200 1932 2448 2021 scripta
2473 1950 2698 2019 repre-

598 2036 832 2106 hendit
849 2092 865 2122 ,
895 2058 970 2108 ut
992 2045 1194 2111 nimia
1222 2047 1601 2137 priscorum
1623 2044 1988 2112 verborum
2010 2044 2438 2110 affectatione
2459 2038 2662 2107 oblita
2677 2090 2695 2121 ,

595 2153 687 2217 ita
721 2149 955 2219 tradit:
996 2184 1022 2213 α
1047 2159 1129 2223 ln
1160 2179 1309 2222 eam
1340 2180 1486 2222 rem
1517 2152 1935 2248 adjutorium
1967 2156 2026 2223 ei
2061 2154 2218 2223 fecit
2244 2154 2532 2219 maxime
2561 2152 2698 2246 qui-

594 2258 752 2327 dam
784 2266 1039 2331 Atteius
1073 2270 1541 2347 Praetextatu5‚
1583 2263 1828 2335 nobilis
1859 2266 2350 2332 Grammaticus
2385 2264 2694 2342 LatinuS,

596 2372 1120 2444 declamantium
1148 2375 1392 2446 deinde
1418 2374 1689 2470 adjutor
1718 2394 1922 2471 atque
1954 2392 2330 2470 praeceptor
2347 2428 2364 2457 ,
2397 2372 2486 2441 ad
2515 2398 2694 2441 sum-

594 2510 777 2554 mam
816 2485 1200 2580 Philologus
1232 2487 1318 2555 ab
1361 2502 1576 2554 semet
1605 2488 2013 2555 nominatus,
2041 2519 2068 2547 ²·
2111 2491 2265 2579 lpse
2296 2482 2384 2552 ad
2415 2482 2696 2553 Laelium

597 2602 918 2668 Hermam
968 2602 1268 2692 scripsit,
1326 2629 1352 2658 α
1375 2621 1448 2666 se
1502 2601 1575 2666 in
1624 2601 1874 2666 Graecis
1921 2597 2130 2666 literis
2181 2621 2506 2690 magnum
2550 2619 2696 2689 pro—

592 2733 861 2778 cessum
898 2709 1179 2790 habere,
1218 2726 1287 2778 et
1320 2712 1393 2776 in
1424 2711 1680 2776 Latinis
1713 2708 2158 2776 nonnullum:
2195 2707 2464 2776 audisse
2497 2714 2697 2774 Anto-

590 2823 783 2886 nium
828 2820 1285 2914 Gniphonem,
1336 2816 1622 2914 ejusque
1667 2824 2028 2887 Hermam:
2083 2831 2316 2910 postea
2360 2816 2692 2885 docuisse.

592 2934 997 3025 Praecepisse
1032 2949 1260 3001 autem
1293 2931 1523 3000 multis
1563 2947 1629 2998 et
1663 2926 1863 2998 claris
1895 2929 2292 3023 juvenibus:
2337 2930 2408 2996 in
2451 2929 2694 3025 quibus

590 3045 809 3135 Appio
858 3069 1131 3139 quoque
1175 3061 1242 3112 et
1287 3043 1580 3112 Pulchro
1621 3041 1947 3125 Claudiis,
1999 3042 2316 3110 fratribus
2336 3094 2354 3123 ‚
2402 3065 2694 3136 quorum

592 3157 791 3222 etiam
812 3178 1037 3224 comes
1056 3159 1128 3222 in
1152 3157 1497 3248 provincia
1518 3155 1741 3222 fuerit.
1765 3185 1792 3216 a
1819 3154 2153 3248 Philoloqi
2172 3152 2692 3247 appellationem

586 3270 988 3336 assumsisse
1015 3267 1311 3351 videtur,
1338 3271 1534 3362 quia,
1561 3269 1736 3336 sicut
1755 3265 2270 3348 Eratosthenes,
2295 3267 2414 3359 qui
2437 3267 2696 3358 primus

591 3379 721 3447 hoc
743 3405 1118 3473 cognomen
1135 3380 1258 3450 sibi
1274 3379 1636 3449 vindicavit
1650 3379 2038 3473 ‚multiplici
2062 3382 2377 3474 variaque
2392 3375 2696 3444 doctrina

590 3493 1031 3576 censebatur,
1076 3491 1259 3589 quod
1306 3517 1469 3562 sane
1516 3517 1600 3561 ex
1645 3493 2142 3560 commentariis
2186 3487 2332 3583 ejus
2373 3504 2690 3583 apparet,

588 3627 1001 3699 quamquam
1032 3607 1416 3697 paucissimi
1454 3619 1752 3671 exstent:
1789 3602 1875 3670 de
1913 3625 2203 3697 quorum
2243 3617 2471 3668 tamen
2503 3602 2694 3692 copia

590 3718 685 3810 sic
707 3715 919 3782 altera
942 3714 1027 3782 ad
1054 3715 1345 3782 eundem
1367 3721 1690 3783 Hermam
1715 3713 1998 3806 epistola
2023 3711 2385 3806 significat:
2421 3741 2448 3770 «ι
2473 3709 2692 3803 Hylen

592 3842 895 3894 nostram
924 3825 1072 3894 aliis
1106 3843 1443 3892 memento
1474 3823 1989 3893 commendare:
2022 3847 2230 3917 quam
2257 3825 2476 3890 omnis
2505 3843 2692 3912 gene·

588 3941 681 4005 ris
708 3940 1080 4028 coegimus,
1111 3939 1209 4006 uti
1241 3939 1403 4018 sciS,
1437 3937 1854 4028 octingentos
1887 3939 1959 4003 in
1994 3935 2226 4002 libros.
2255 3963 2282 3994 υ
2321 3932 2545 4000 Coluit
2573 3953 2690 4022 po-

586 4068 731 4122 stea
774 4051 1291 4118 familiarissime
1337 4051 1573 4117 Caium
1619 4047 2044 4132 Sallustium,
2099 4063 2167 4113 et
2210 4071 2291 4114 eo
2335 4043 2686 4120 defunct0‚

586 4164 891 4234 Asinium
934 4160 1343 4252 Pollionem:
1382 4183 1554 4255 quos
1592 4160 1942 4228 historiam
1979 4179 2386 4250 componere
2425 4175 2684 4248 aggres-
