3050 5004
1055 479 1556 547 CLAUDIUS.
2272 513 2359 581 99

258 604 519 677 Alium4
552 600 1064 697 interpellatum
1100 599 1187 671 ab
1218 600 1618 671 adversariis
1642 602 1727 671 de
1759 609 2035 701 propria
2064 606 2209 693 lite,
2245 638 2361 684 ne·

261 736 695 812 gantemque‚
748 714 1147 805 cognitionis
1195 736 1345 781 rem
1361 704 1388 797 ,⁴
1428 710 1550 782 sed
1594 704 1915 783 ordinarii
1953 716 2127 811 juris
2173 746 2321 793 esse
2342 778 2358 809 ,

259 852 452 923 agere
483 821 781 895 causam'
797 823 1150 893 confestim
1181 821 1366 915 apud
1401 846 1474 893 se
1510 828 1760 918 coegit,
1788 834 2065 923 proprio
2092 840 2361 926 negotio

259 939 750 1007 documentum
771 932 1120 1018 daturum,
1153 956 1360 1028 quam
1387 956 1627 1029 aequus
1652 932 1864 1029 judex
1894 940 1965 1005 in
1993 940 2217 1012 alieno
2244 970 2365 1017 ne—

261 1052 439 1142 gotio
477 1047 751 1115 futurus
789 1060 988 1113 esset.
1032 1044 1380 1111 Feminam
1398 1096 1416 1127 ,
1458 1068 1599 1112 non
1634 1068 2111 1139 agnoscentem
2150 1055 2367 1127 filium
2454 1048 2469 1059 ⁸

263 1186 496 1243 suum,
529 1158 738 1227 dubia
762 1160 1080 1251 utrinque
1105 1172 1663 1247 argumentorum
1690 1158 1857 1244 fide,
1884 1162 1971 1231 ad
1998 1168 2367 1239 confessio-

261 1296 417 1339 nem
441 1268 802 1363 compulit,
829 1266 1081 1335 indicto
1108 1268 1541 1334 matrimonio
1561 1265 1854 1360 juvenis,
1888 1261 2370 1365 ⁵Absentibus,

263 1379 642 1451 secundum
667 1393 1037 1473 praesentes
1072 1375 1390 1445 facillime
1419 1375 1653 1463 dabat,
1686 1382 1879 1451 nullo
1912 1384 2163 1457 dilectu
2178 1442 2196 1473 ‚
2234 1391 2375 1462 cul-

262 1517 440 1587 pane
474 1494 658 1585 qui5‚
688 1514 780 1559 an
811 1488 1042 1585 aliqua
1068 1491 1496 1573 necessitate,
1529 1510 1877 1561 cessasset.
1910 1498 2374 1573 Proclamante

267 1602 599 1700 quodam,
622 1598 1092 1697 praecidendas
1115 1598 1385 1669 falsario
1410 1601 1688 1671 manus6
1704 1658 1721 1688 ,
1742 1608 2123 1679 carnificem
2148 1618 2375 1685 statim

264 1716 466 1783 acciri
488 1738 650 1782 cum
671 1711 1010 1781 machaera
1029 1733 1400 1806 mensaque
1422 1710 1747 1801 lanionia,
1773 1715 2098 1813 flagitavit
2110 1732 2159 1791 ⁷.
2186 1728 2377 1797 Pere-

334 1956 388 2023 4.
420 1955 608 2009 Alium
623 1994 641 2018 ,
667 1969 768 2008 etc.
797 1954 1145 2009 Distinximus
1169 1953 1282 2007 haec
1327 1926 1334 1935 ⁸
1377 1978 1400 2004 ι
1418 1958 1500 2010 De
1513 1957 1853 2028 absentibus,
1872 1984 1893 2009 a
1912 1960 2039 2031 filii,
2059 1965 2178 2018 «Ab
2193 1966 2380 2021 abgen-

267 2055 300 2089 a
327 2034 758 2109 precedentibus
783 2036 976 2106 majori
999 2036 1282 2105 interpun-
1369 2035 1511 2089 tibus
1532 2074 1549 2103 ,
1575 2062 1598 2086 ι
1648 2056 1763 2109 quae
1801 2058 1864 2091 ex
1898 2038 2156 2096 brevitate
2196 2048 2381 2101 Graeca

267 2118 482 2180 ctione,
511 2133 585 2168 ne
611 2115 727 2187 quis
757 2115 983 2166 referret
1014 2132 1137 2166 cum
1170 2112 1282 2165 Sal-

269 2214 400 2249 mas.
421 2194 522 2265 (de
545 2193 708 2247 Modo
729 2196 887 2247 Usur.
913 2212 961 2246 c.
985 2194 1052 2267 3)
1075 2206 1128 2245 et
1145 2196 1281 2245 Bur-

269 2294 450 2327 mann.
488 2273 558 2327 ad
589 2291 868 2326 recensum
893 2272 1138 2345 judicum
1159 2313 1176 2342 ,
1213 2272 1282 2325 de

270 2375 376 2428 quo
397 2358 642 2428 proxime
659 2353 876 2407 dictum.
897 2356 1058 2408 Recte
1077 2356 1279 2406 Ernest.

271 2448 324 2487 01
365 2432 723 2506 Oudendorp.
774 2446 901 2507 post
947 2432 1280 2485 Noordkerk.

269 2518 497 2572 observ.
521 2537 579 2589 p.
603 2517 664 2569 61
680 2557 691 2567 .
725 2516 934 2569 Scilicet
956 2515 1178 2568 sedebat
1195 2515 1282 2568 ille

265 2597 434 2669 judex
457 2599 514 2650 in
539 2599 658 2669 ipso
675 2595 882 2668 judicio
913 2595 1060 2669 apud
1086 2596 1284 2648 Praeto-

273 2697 416 2741 rem3
454 2675 552 2730 sed
581 2676 944 2748 interpellatus
974 2688 1055 2727 est
1089 2674 1156 2728 ab
1183 2674 1284 2726 ad·

274 2759 520 2810 versariis
539 2795 557 2822 ,
610 2759 718 2809 sive
751 2759 1107 2828 interruptum
1135 2754 1284 2827 iudi-

273 2837 414 2887 cium
432 2873 450 2900 ‚
474 2834 578 2887 inis
601 2833 670 2886 de
693 2836 910 2906 propria
933 2833 1026 2886 lite
1049 2852 1170 2886 eum
1195 2832 1288 2885 ad—

274 2911 658 2980 monentibus,
694 2915 750 2966 in
789 2931 892 2985 qua
929 2917 974 2966 si
1009 2911 1077 2967 de
1116 2914 1285 2985 ipsius

275 2998 538 3050 sententia
575 2994 874 3066 judicatum
920 3009 1059 3047 esset
1076 3033 1093 3062 ‚
1138 2992 1287 3046 haud

276 3078 476 3148 optime
519 3093 644 3126 cum
683 3091 748 3126 eo
789 3087 966 3126 aetum
1001 3072 1284 3126 videretur.

275 3157 382 3224 Qui
404 3173 573 3226 quum
592 3170 702 3206 non
722 3152 792 3205 ad
811 3153 1164 3228 coynt'tionem
1179 3152 1288 3204 010-

277 3236 438 3300 saris,
467 3233 566 3286 sed
593 3232 775 3308 adjus
803 3231 1126 3285 ordinarium
1143 3270 1162 3297 ,
1192 3249 1289 3284 seu

273 3313 735 3386 jurisdictionem,
770 3329 883 3362 rem
923 3324 983 3361 ut
1026 3310 1287 3380 privatam

279 3394 547 3464 pertinere
563 3390 874 3462 objecisset,
888 3386 1143 3441 Claudius
1153 3427 1170 3456 ,
1191 3401 1290 3440 sta-

279 3473 371 3524 tim
389 3489 447 3524 se
466 3483 732 3543 presente
751 3481 804 3520 et
822 3465 1072 3540 praeside,
1091 3467 1290 3540 inquiri

280 3553 333 3603 in
365 3570 484 3604 eam
511 3551 698 3621 jussit,
737 3547 829 3599 ino
856 3546 1038 3618 judice
1069 3548 1124 3597 in
1161 3567 1290 3618 pro-

281 3635 399 3704 prio
419 3631 637 3702 negotio
663 3627 927 3695 adhibito,
952 3639 1012 3702 ut
1032 3627 1290 3700 aequitatis

281 3711 662 3764 documentum
694 3706 862 3760 daret.
1015 3757 1017 3760 Α

351 3791 404 3844 5.
431 3789 739 3844 Absentibus
751 3809 772 3850 ‚-
798 3779 1054 3859 elliptice,
1078 3780 1293 3839 ἐπίπαν

284 3869 432 3924 ruffi.
511 3872 650 3942 Apte
701 3879 976 3938 comparat
1030 3863 1292 3916 walther.

285 3949 507 4003 ObserV.
531 3968 586 4021 p.
612 3947 680 4014 24
696 3984 713 4013 ,
730 3946 900 3998 Taciti
920 3945 1128 4011 locum,
1152 3945 1291 3996 Anu.

286 4029 340 4094 1,
377 4047 478 4098 29,
519 4027 866 4092 «orantibus,
903 4043 1114 4078 rursum
1155 4023 1296 4076 idem

287 4105 477 4160 mansus
500 4143 519 4172 ‚
567 4119 670 4158 etc.
691 4129 714 4154 ι
765 4101 1130 4176 Improbandae
1177 4115 1298 4154 sunt

291 4187 648 4240 correctiones
666 4185 1055 4238 Gronoviorum
1069 4222 1086 4251 ‚
1103 4183 1270 4256 patris
1282 4220 1299 4250 .,

1371 2117 1668 2193 orationem
1688 2119 1898 2171 faciunt
1920 2122 2005 2174 vix
2026 2124 2303 2193 Latinam,
2326 2139 2381 2179 et

1371 2196 1788 2251 additamentum
1818 2199 2035 2255 Codicis
2052 2242 2070 2272 ,
2102 2206 2284 2259 collati
2310 2204 2382 2260 ad

1373 2296 1537 2350 marg.
1580 2278 1785 2345 Plant.,
1824 2298 2007 2353 poenas
2040 2297 2167 2354 post
2204 2286 2378 2339 dabat.

1371 2356 1565 2409 Sensus
1592 2378 1605 2408 2
1636 2360 1814 2427 Quum
1839 2359 2007 2413 altera
2030 2381 2152 2435 pars
2176 2363 2383 2437 litigan-

1367 2437 1501 2485 tium
1530 2434 1765 2506 abesset,
1794 2440 2180 2510 pronuntiabat
2202 2446 2383 2496 statim

1369 2533 1470 2586 pro
1498 2516 1879 2588 praesentibus,
1907 2518 2055 2591 quod
2074 2523 2383 2576 0111ῑί11000-

1370 2594 1568 2648 sultum
1598 2606 1652 2648 et
1674 2615 1930 2671 proeceps,
1970 2614 2029 2652 ut
2054 2615 2239 2654 auctor
2268 2605 2383 2675 ipse

1372 2674 1640 2727 admonet.
1674 2675 1815 2727 Dare
1843 2678 2121 2731 secundum
2148 2681 2383 2756 aliquem

1374 2752 1563 2806 eodem
1595 2773 1754 2808 sensu
1784 2759 2017 2810 occurrit
2044 2759 2211 2812 Tacit.
2239 2764 2380 2815 Ann-

1375 2834 1462 2897 IV,
1489 2833 1589 2900 43,
1620 2857 1642 2880 ι
1662 2836 1734 2886 ita
1765 2837 2056 2889 secundum
2086 2837 2382 2896 Messenios

1377 2911 1588 2979 datum,
1604 2937 1627 2960 n
1651 2921 1810 2985 quem
1833 2912 2011 2967 locum
2032 2915 2204 2969 eidem
2223 2919 2382 2971 Wal-

1373 2989 1508 3042 ther.
1525 2990 1713 3043 debeo.
1738 2993 1819 3044 Cf.
1838 2993 1970 3061 Dio,
1985 2995 2105 3063 LX,
2124 2999 2207 3050 28.
2228 3000 2385 3067 Mox,

1375 3083 1436 3122 ut
1468 3073 1524 3123 in
1557 3071 1672 3123 aliis
1704 3069 1865 3140 locis,
1900 3073 2163 3130 edidimus
2191 3077 2387 3132 dilectu

1375 3167 1475 3222 pro
1500 3149 1729 3217 delectu,
1758 3169 1867 3202 non
1898 3155 2011 3204 sine
2039 3154 2208 3208 Codd.

1448 3227 1500 3280 6.
1538 3229 1897 3284 Proecidendas
1920 3230 2149 3301 falsario
2180 3255 2383 3292 manus.

1377 3308 1623 3361 Falsart't's
1639 3321 1693 3360 et
1712 3312 2110 3365 testamentariis
2128 3327 2180 3366 et
2198 3334 2385 3368 numa-

1380 3386 1469 3439 rt't‘s
1493 3404 1633 3459 aqna
1654 3399 1707 3439 et
1724 3389 1834 3459 igni
1851 3387 2195 3446 interdictum
2216 3395 2390 3449 fuerat

1378 3467 1494 3539 lege
1528 3467 1775 3522 Cornelia
1807 3469 1873 3522 de
1908 3471 2073 3525 falsis.
2102 3476 2392 3547 Imperato-

1379 3565 1462 3599 res
1477 3565 1647 3599 novas
1660 3566 1845 3620 poenas
1855 3588 1872 3616 ‚
1888 3564 1941 3602 et
1955 3552 2217 3624 supplicia
2233 3558 2391 3609 etiam

1382 3624 1719 3679 addiderunt.
1758 3628 1840 3680 Cf.
1875 3630 2125 3682 Heinecc.
2158 3632 2256 3701 IV,
2294 3636 2391 3704 18,

1383 3705 1502 3776 §63
1524 3723 1636 3776 seq.
1659 3707 1893 3779 Praeceps
1914 3707 2124 3762 Claudii
2145 3711 2247 3763 fuit
2264 3733 2391 3765 con-

1383 3787 1557 3839 silium
1582 3823 1599 3852 ‚
1630 3789 1722 3858 qui
1746 3789 1925 3840 nescio
1952 3791 2105 3860 cujus
2128 3795 2249 3845 voci
2276 3811 2395 3848 sen-

1385 3866 1604 3942 tentiam
1632 3867 2067 3919 accommodavit.
2282 3861 2291 3867 ”

1458 3963 1506 4015 7.
1553 3943 1941 4018 Cantficm....
1974 3949 2395 4028 acciri....flayi-

1387 4025 1533 4076 tavit.
1559 4021 1817 4094 Exempla
1852 4025 2011 4076 affert
2042 4025 2395 4102 Oudendorp.

1387 4102 1516 4154 Plin.
1542 4103 1605 4153 H.
1625 4102 1693 4153 N.
1714 4103 1961 4168 XXXIV,
1984 4105 2043 4168 8,
2062 4103 2096 4156 6
2115 4103 2236 4175 (19,
2259 4106 2285 4179 §
2304 4109 2401 4176 6),

1395 4207 1416 4230 α
1439 4194 1498 4236 ut
1519 4181 1726 4255 magnis
1753 4180 1946 4236 theatri
1969 4182 2290 4240 clamoribus
2320 4183 2400 4240 ie·-

2049 4302 2109 4364 7.
