3050 5004
438 784 576 902 D.
686 781 1154 903 JUNII
1257 777 2224 907 JUVENALIS

1141 1058 1508 1157 VITA.

1212 1372 1441 1393 α*

284 1616 549 1727 Juums
572 1664 927 1728 Juvmums
946 1712 963 1743 ‚
989 1656 1280 1726 libertini
1304 1656 1656 1751 locupletis
1681 1662 2014 1727 incertum
2043 1656 2222 1727 filius
2241 1712 2260 1742 ,
2287 1684 2378 1727 an

282 1769 632 1855 alumnus,
658 1770 753 1839 ad.
769 1770 1059 1840 mediam
1085 1771 1225 1838 fere
1250 1776 1515 1837 aeta'tem
1543 1770 1944 1839 declamavit
1961 1825 1978 1854 ‚
2003 1773 2210 1838 animi
2233 1796 2376 1839 ma-

285 1882 385 1972 gis
414 1906 653 1963 causa,
693 1906 902 1975 quam
938 1878 1123 1974 quod
1153 1880 1401 1949 scholae
1439 1891 1542 1947 se¹
1585 1898 1704 1948 aut
1739 1887 1910 1948 Foro
1942 1896 2374 1974 praepararet.

284 1989 537 2058 Deinde
573 2015 947 2084 paucorum
991 2014 1312 2059 versuum
1349 1993 1560 2059 Satira
1597 2015 1737 2059 non
1775 1991 2066 2059 absurde
2103 2014 2376 2083 compo-

284 2104 409 2169 sita
454 2105 527 2169 in
574 2101 881 2169 Paridem
926 2104 1419 2195 pantomimum
1462 2118 1866 2196 poetamque
1904 2100 2198 2192 [Claudii
2247 2106 2302 2169 N
2309 2124 2376 2168 e·

286 2215 465 2280 ronis
495 2265 514 2295 ,
570 2209 715 2305 ejus
766 2212 1199 2280 semestribus
1253 2210 1574 2279 militiolis
1629 2214 2115 2300 mmentem²],
2164 2234 2375 2302 genus

282 2327 631 2419 scripturae
658 2321 983 2392 industrie
1008 2323 1319 2391 excoluit.
1354 2327 1438 2388 Et
1465 2336 1692 2389 tamen
1725 2319 1896 2388 bene
1929 2319 2086 2390 diu³
2118 2345 2208 2389 ne
2231 2346 2374 2388 mo-

284 2432 433 2502 dico
462 2432 735 2530 quidem
772 2432 1104 2501 auditorio
1144 2434 1509 2529 quicquam
1542 2434 1957 2498 committere
2001 2448 2104 2499 est
2142 2454 2370 2499 ausus.

220 2615 228 2620 ,
282 2551 446 2614 Mox
480 2569 727 2639 magna
759 2545 1135 2640 frequentia
1154 2597 1172 2626 ‚
1214 2567 1598 2637 magnoque
1645 2565 1962 2622 successu
2003 2542 2104 2610 bis
2151 2567 2230 2610 ac
2274 2558 2376 2609 ter

284 2654 553 2724 auditus
582 2672 684 2724 est
706 2710 723 2739 ‚
753 2672 831 2723 ut
858 2679 939 2724 ea
968 2677 1272 2750 quoque,
1308 2675 1461 2747 quae
1484 2654 1706 2744 prima
1727 2653 2006 2735 fecerat,
2033 2651 2376 2720 inferciret

284 2767 477 2834 novis
501 2767 797 2859 scriptis:

403 2948 586 3025 Quod
612 2971 743 3010 non
767 2941 955 3009 dant4
976 2969 1285 3032 proceres,
1308 2946 1481 3008 dabit
1504 2945 1763 3008 histrioz
1787 2958 1858 3007 tu
1881 2947 2267 3020 camel-inea,

402 3047 482 3107 Et
508 3049 752 3124 BareaS,
780 3061 849 3107 tu
878 3047 1187 3107 nobilium
1218 3038 1445 3128 magne
1473 3046 1632 3106 atria
1660 3066 1856 3106 curas·

400 3143 725 3204 Praefectos
754 3143 1017 3228 Pelopea
1046 3143 1232 3220 facit,
1262 3141 1607 3202 Philomela
1634 3141 1966 3202 Tribunos.

285 3317 448 3382 Erat
488 3331 635 3383 tum
678 3319 750 3383 in
790 3315 1042 3384 deliciis
1082 3315 1259 3384 aulae
1300 3317 1614 3400 bisti-10⁵3
1661 3315 1992 3409 multique
2034 3313 2374 3381 fautorum

286 3422 433 3517 ejus
482 3427 777 3521 quotidie
826 3426 1397 3521 provehebantur.
1450 3429 1655 3492 Venit
1701 3447 1862 3517 ergo
1909 3428 1946 3492 J
1953 3421 2253 3492 uvenalis
2301 3424 2370 3488 in

360 3697 406 3733 1.
435 3681 638 3737 Scholoe
658 3699 726 3736 se.
748 3681 1062 3735 Addidimus
1083 3699 1136 3736 se
1161 3700 1281 3734 oum
1443 3679 1496 3732 3.
1537 3677 1676 3730 Bene
1697 3677 1806 3730 diu.
1835 3679 1912 3730 Ita
1935 3693 2060 3744 noo,
2087 3677 2202 3729 bien
2227 3673 2374 3749 lonq-

286 3759 505 3814 Wolfio.
1372 3769 1511 3810 tems.

357 3855 407 3890 2.
449 3838 674 3892 Claudii.
692 3879 703 3892 .
720 3880 731 3890 .
749 3877 761 3890 .
791 3850 1089 3892 minentem.
1120 3840 1282 3892 Uncis
1442 3839 1495 3906 4.
1528 3837 1677 3909 Quod
1699 3857 1808 3892 non
1827 3837 1980 3902 dant,
2001 3849 2104 3888 etc.
2125 3837 2230 3889 Sat.
2251 3836 2374 3902 vn,

283 3917 394 3972 haeo
422 3919 733 3972 inclusimus
769 3937 889 3970 cum
929 3917 1278 3989 Oudendorp.
1371 3937 1457 3990 90.
1478 3919 1598 3970 Juv.
1627 3917 1712 3971 ed.
1733 3937 1787 3970 n.
1807 3920 1868 3970 T.
1893 3921 1945 3984 1,
1967 3937 2022 3988 p.
2048 3915 2152 3984 545
2179 3927 2229 3968 et
2249 3913 2370 3968 580.

284 3997 441 4050 Plura
463 3998 675 4050 deloco
700 4011 955 4070 corrupto
982 4000 1199 4068 Rupert.
1224 3999 1281 4048 in
1442 3997 1491 4052 5.
1540 3999 1728 4051 Erat...
1771 3999 1830 4050 in
1867 3997 2065 4050 deliciis
2102 3994 2238 4048 auloe
2293 3993 2374 4046 ln·-

282 4077 408 4129 edit.
458 4077 725 4131 Juvenalis
743 4117 760 4144 ‚
822 4097 983 4150 quem
1034 4077 1280 4130 conferas
1368 4078 1525 4140 strio,·
1550 4095 1660 4128 non
1683 4076 1910 4129 Neronis
1941 4074 2023 4127 vel
2055 4073 2371 4138 Domitiani,

284 4159 441 4208 etiam
464 4157 532 4210 de
555 4171 772 4210 auctore
796 4158 952 4228 hujus
970 4157 1087 4208 τίω
1106 4155 1283 4228 dispu·
1369 4156 1465 4210 sed
1508 4155 1764 4208 Hadriani
1809 4153 2042 4226 quidam.
2088 4152 2223 4204 Vide
2267 4151 2374 4204 Ou-

284 4249 496 4290 tantem.
1054 4231 1063 4258 ”
1372 4231 1630 4304 dendorp.
