3050 5004
1069 411 1622 478 VITELLIUS.
2269 413 2402 483 305

304 537 741 612 consulatum
770 539 1047 608 Αἰτίων
1074 555 1232 632 post
1260 537 1439 622 haec,
1473 561 1847 634 curamque
1873 561 2162 635 operum
2187 543 2412 636 publi-

304 676 545 721 corum
587 649 1111 732 administravit,
1150 667 1220 718 et
1262 648 1614 718 voluntate
1653 650 1939 744 dispari,
1979 670 2047 722 et
2079 655 2416 724 existima·-
2461 729 2475 745 ¹
2567 627 2574 634 ι

308 764 515 831 tione.
568 765 649 829 In
692 763 1045 854 provincia
1088 759 1505 852 singularem
1551 765 2008 833 innocentiam
2061 764 2418 857 ²¹praestitit

306 873 587 942 biennio
622 877 1047 955 continuato,
1082 895 1295 966 quum
1332 871 1722 940 succedenti
1753 873 1942 941 fratri
1969 873 2230 968 legatus
2255 877 2416 946 sub·

308 983 655 1054 enasset-²³.
678 989 763 1050 At
784 984 857 1050 in
878 983 1141 1050 urbano
1162 983 1391 1050 officio
1413 981 1594 1050 dona
1615 999 1818 1078 atque
1836 1003 2234 1055 ornamenta
2257 1005 2422 1057 tem-

310 1093 587 1190 plorum
626 1095 1067 1186 surripuisse,
1108 1110 1177 1162 et
1210 1111 1668 1162 commutasse
1699 1095 2008 1189 quaedam
2043 1095 2422 1183 ferebatur,

312 1229 589 1332 proque.
614 1224 785 1275 auro
820 1222 891 1274 et
926 1222 1205 1298 argento
1240 1223 1564 1274 stanmun
1595 1223 1666 1275 et
1689 1206 2150 1278 aurichalcum
2177 1234 2426 1305 suppo-

314 1339 559 1385 unisse.

412 1433 531 1494 vl.
558 1431 853 1494 Uxorem
882 1425 1122 1494 hahuit
1145 1428 1530 1494 Petmniam
1547 1441 1600 1510 ¹,
1629 1427 2004 1497 consularis
2031 1431 2156 1500 viri
2183 1429 2425 1517 filiam,
2449 1513 2458 1520 ,

315 1555 385 1608 et
410 1563 499 1606 ex
521 1561 601 1606 ea
627 1536 843 1604 filium
867 1539 1377 1620 Petronianum,
1402 1553 1678 1629 captum
1703 1537 1914 1605 altero
1946 1539 2168 1612 oculo.
2195 1545 2394 1610 Hunc
2409 1595 2428 1625 ,

318 1647 643 1718 heredem
675 1673 714 1715 a
746 1662 965 1715 matre
992 1646 1125 1716 sub
1154 1645 1542 1715 conditione
1581 1649 2000 1731 institutum,
2037 1653 2092 1716 si
2124 1648 2210 1717 de
2245 1667 2432 1745 pote-

324 1777 499 1828 state
522 1761 735 1851 patris
758 1761 1074 1840 exisset²‚
1100 1778 1311 1824 manu
1332 1759 1590 1826 emisit·
1575 1757 1970 1854 ‚brevique,
1993 1776 2072 1828 ut
2097 1761 2430 1831 creditum

324 1888 457 1952 est,
494 1873 863 1954 interemit,
902 1868 1424 1938 insimulatum
1408 1891 1690 1963 insuper
1722 1871 2090 1963 parricidii,
2127 1889 2196 1940 et
2237 1879 2434 1971 euasi

322 1997 639 2074 paratum
678 1978 766 2047 ad
811 1978 1025 2048 scelus
1064 2003 1403 2062 venenum
1444 2001 1528 2046 ex
1569 1983 1978 2048 conscientia
2026 1980 2432 2056 3hausisset.

326 2097 535 2161 Duxit
572 2115 731 2159 mox
766 2090 1147 2160 Galeriam⁴
1177 2088 1574 2158 Fundanam
1610 2095 1929 2184 praetorio
1967 2109 2196 2190 patre:
2231 2119 2312 2162 ac
2347 2095 2435 2163 de

322 2303 599 2380 proebuen't
612 2317 731 2352 cum
748 2301 921 2374 que-in
934 2315 1063 2350 voce
1080 2297 1335 2373 proxima.
1428 2295 1588 2368 Ryck·
1629 2295 1696 2349 ad
1727 2298 1896 2352 Tacit.
1937 2299 2066 2353 [list.
2105 2300 2180 2364 ΙΙ,
2211 2301 2312 2368 64,
2342 2302 2437 2354 ubi

396 2389 463 2436 V.
487 2377 1214 2449 1.Procon5ulatumAfri'coe,
1234 2390 1336 2428 etc.
1425 2375 1702 2426 Dolabella
1737 2389 1926 2450 postea
1957 2380 2012 2428 in
2042 2379 2436 2431 matrimonium

328 2467 595 2521 Memorat
620 2461 790 2513 Tacit.
814 2459 948 2511 ffist.
973 2457 1026 2526 1,
1052 2474 1153 2528 7ο,
1176 2469 1229 2509 et
1254 2459 1335 2524 11,
1428 2458 1698 2528 accepisse
1723 2455 1916 2509 dicitur
1945 2455 2084 2509 hanc
2117 2459 2434 2513 Petroniam.

367 2545 517 2615 7..οξ
540 2538 689 2610 Pigh.
718 2536 909 2591 Annal-
933 2550 1063 2591 tom.
1084 2538 1499 2607 111‚png.--
1524 2532 1606 2589 De
1633 2539 1875 2602 nomine,
1913 2536 2024 2589 filio
2057 2537 2376 2591 Petroniana
2403 2558 2435 2593 a

333 2623 463 2695 594,
490 2622 579 2693 qui
605 2618 673 2669 ad
696 2614 951 2669 Consules
976 2618 1242 2667 Neronem
1264 2615 1336 2665 lv
1426 2629 1595 2667 matre
1623 2615 1824 2676 indito,
1853 2614 1972 2667 vide
1998 2630 2110 2668 not.
2135 2616 2205 2669 ad
2231 2618 2437 2673 Othon.

330 2717 383 2756 et
432 2697 737 2752 Cornelium
780 2694 1063 2747 Lentulum
1114 2693 1335 2746 Cossum

329 2779 489 2853 (ann.
520 2776 655 2849 813)
682 2776 863 2829 refert.

403 2860 560 2913 21²1
581 2856 910 2930 provincia...
918 2853 1210 2925 ‚praestitit
1236 2850 1338 2905 Τέ-

330 2941 418 2993 cit.
442 2939 577 2990 nist.
602 2938 675 3000 n,
700 2950 835 3003 97‚«
858 2932 1117 3006 integrum
1144 2928 1257 2983 ittae
1275 2947 1339 2983 ac

321 3013 679 3091 favorabilem
707 3013 1144 3084 proconsulatum
1174 3009 1340 3063 Vitel-

331 3096 431 3150 lius
459 3107 701 3166 egerat.»

410 3178 462 3230 3.
516 3172 842 3227 Substitisset.
893 3170 1133 3222 Aliorum
1178 3168 1337 3221 lectio

335 3255 634 3310 substitutus
678 3260 801 3303 esset
844 3250 966 3300 ferri
1013 3250 1213 3321 nequit.
1262 3249 1339 3299 Ita

335 3339 474 3391 enim
496 3330 792 3387 Proconsul
815 3342 937 3399 post
962 3330 1181 3381 fratrem
1209 3327 1343 3381 fuis-

335 3430 431 3469 set.
460 3416 573 3465 lmo
596 3411 873 3475 remansit,
899 3422 1085 3460 exacto
1110 3424 1343 3481 procon-

333 3494 538 3549 sulatus
562 3508 731 3557 anno,
752 3490 803 3539 in
827 3488 1124 3559 provincia,
1149 3499 1200 3539 et
1218 3486 1344 3540 snb-

335 3574 479 3627 misit
504 3590 561 3624 se
584 3580 777 3643 sponte
802 3568 984 3633 fratri,
1008 3578 1068 3617 ut
1090 3564 1343 3636 legatum.

334 3656 499 3709 Recte
512 3666 689 3705 autem
702 3662 939 3714 monent,
952 3646 1343 3720 jungendafra—

338 3734 409 3788 ιη’
432 3733 647 3807 legatus.
675 3730 831 3782 Conf.
852 3728 1031 3780 Tiber.
1068 3744 1144 3780 ια.
1171 3728 1343 3777 Antea

338 3815 553 3868 mallem
584 3812 791 3865 biennio
818 3809 1084 3862 continuo.

408 3896 499 3947 Vl.
521 3913 538 3946 1
552 3936 563 3947 .
584 3894 802 3945 Uxorem
821 3890 999 3942 habuit
1012 3889 1346 3950 Petroniam,-

1434 2712 1479 2762 ι,
1502 2709 1557 2747 et
1579 2696 1757 2746 Pitisc.
1784 2693 1853 2746 ad
1875 2707 2013 2747 nost.
2040 2694 2143 2746 loc.

1501 2793 1549 2826 2.
1589 2772 1648 2825 Si·
1676 2772 1741 2825 de
1767 2784 2019 2845 potestate
2045 2775 2209 2848 patris
2240 2778 2434 2831 exisset.

1426 2856 1506 2907 De
1540 2853 1717 2927 patria
1748 2865 1999 2926 potestate
2031 2854 2154 2908 vide
2187 2858 2436 2912 Heinecc.

1427 2936 1553 2986 Ant.
1581 2934 1732 2985 Rom.
1753 2935 1805 3001 l,
1823 2953 1882 3004 93
1906 2929 1974 2986 de
1993 2937 2437 3009 emancipatione,

1428 3012 1703 3078 eumdem,
1727 3016 1777 3081 1,
1805 3032 1894 3079 12,
1921 3014 1952 3067 5
1973 3032 2084 3086 seq.
2111 3016 2181 3068 cf.
2205 3018 2275 3082 11,
2301 3035 2363 3086 9,
2387 3036 2437 3071 2.

1500 3093 1552 3145 3.
1574 3094 1848 3147 Hausisset.
1865 3096 1982 3148 Hoc
2001 3095 2348 3151 confirmatur
2363 3100 2440 3152 le-

1430 3177 1608 3227 ctione
1626 3174 2005 3245 plerorumque
2028 3176 2263 3230 hausisse.
2286 3179 2440 3233 Certe

1431 3254 1659 3307 hauserit
1674 3254 1906 3325 probare
1921 3254 2182 3307 noluerim
2205 3276 2326 3309 curn
2347 3260 2440 3310 Er-

1430 3347 1566 3385 nest.
1598 3346 1649 3384 et
1673 3330 1925 3385 Oudend.
1952 3330 2106 3385 mum
2129 3337 2293 3387 miror
2316 3334 2369 3388 h.
2402 3337 2436 3389 l.

1430 3410 1580 3464 desid
1588 3429 1674 3462 era
1681 3429 1735 3462 re
1750 3424 1959 3481 tempus
1974 3449 1990 3476 ,
2009 3413 2156 3485 quod
2171 3414 2294 3465 alibi
2311 3435 2442 3467 con·-

1431 3504 1513 3543 tra
1524 3506 1676 3542 usum
1691 3488 1929 3540 Suetonii
1940 3503 2135 3543 temere
2147 3495 2213 3543 im
2219 3494 2442 3566 Pugnat,

1431 3587 1608 3641 neque
1628 3567 1715 3621 hic
1731 3569 2118 3640 respiciendum
2138 3574 2442 3643 praecedens

1432 3649 1606 3724 quasi,
1633 3646 1726 3701 sed
1747 3651 1918 3701 omnis
1940 3648 2074 3701 ordo
2095 3655 2442 3723 narrationis,

1434 3743 1487 3782 et
1514 3728 1823 3779 consecutio
1849 3739 2175 3801 temporum,
2198 3730 2441 3803 legitimae

1432 3808 1729 3859 narrationi
1757 3820 2127 3859 consentanea.

1509 3872 1560 3954 4.
1582 3887 1748 3939 Duxit
1768 3904 1890 3939 mox
1914 3886 2193 3941 Galeriam.
2217 3887 2357 3942 Bene
2376 3890 2444 3945 de

342 3974 505 4027 filiam
526 3974 582 4024 Ρ.
614 3973 847 4025 Petronii
869 3969 1349 4041 Turpiliani‚Con-
1438 3985 1498 4019 ea
1524 3966 1682 4017 sentit
1709 3966 1878 4017 Tacit.
1908 3966 2039 4018 Hist.
2069 3966 2140 4031 Π,
2165 3966 2236 4019 60
2266 3980 2316 4019 et
2347 3968 2446 4037 64,

346 4054 475 4108 sulis
498 4072 624 4105 ann.
652 4051 786 4117 814,
816 4050 900 4102 vel
934 4066 1185 4101 sororem.
1214 4045 1349 4097 Vide

1438 4058 1628 4097 contra
1649 4043 1907 4116 xiphilin.
1933 4044 2090 4113 LXV,
2120 4044 2184 4113 4.,
2209 4043 2302 4100 ubi
2327 4047 2444 4102 vide

330 4136 574 4191 Reimar.
605 4132 676 4185 ad
706 4130 962 4203 xiphilin.
1000 4130 1157 4194 LXV,
1194 4128 1260 4193 ἄ,
1301 4140 1351 4179 et
1438 4126 1670 4178 Reimar.

533 4228 626 4290 ΙΙ.

2079 4241 2165 4282 20
