3050 5004
626 482 749 547 ι86
1360 485 1432 548 C.
1486 482 1956 551 SUETONII

612 608 857 691 inibat3
889 609 1281 703 circumque
1306 611 1489 677 vicos
1523 612 1895 702 vagabatur
1927 608 2346 681 ludibundus
2366 666 2382 697 ,
2409 638 2534 683 nec
2567 620 2714 685 sine

612 722 909 813 pernicie
948 736 1195 789 tamen.
1238 721 1582 815 Siquidem
1617 720 1978 803 redeuntes
2014 748 2058 790 a
2091 747 2284 792 coena
2317 726 2711 812 verberare,

614 854 692 899 ac
728 848 1185 926 repugnantes
1214 832 1572 901 vulnerare
1593 886 1612 914 ,
1640 833 2020 929 cloacisque
2057 834 2448 929 demergere
2483 862 2718 907 assue-

612 961 719 1010 rat
753 969 767 1009 :
808 944 1123 1011 tabernas
1144 944 1172 993 3
1217 948 1419 1013 etiam
1460 946 1816 1038 effringere
1859 964 1928 1013 et
1962 946 2260 1039 expilare
2279 1002 2296 1030 ‚
2341 948 2372 1001 4
2391 952 2720 1044 quintana

614 1051 797 1121 domi
822 1058 1215 1136 constituta,
1254 1054 1370 1121 ubi
1405 1072 1618 1147 partae
1643 1076 1712 1123 et
1745 1056 1832 1124 ad
1869 1056 2302 1127 licitationem
2339 1058 2721 1149 dividendae

612 1166 861 1258 praedae
884 1170 1177 1258 pretium
1200 1166 1674 1235 absumeretur
1691 1168 1738 1234 ⁵.
1769 1176 1863 1237 Ac
1887 1194 2066 1262 saepe
2097 1174 2166 1236 in
2193 1168 2524 1263 ejusmodi
2557 1175 2720 1240 rixis

616 1277 971 1345 oculorum
1000 1295 1069 1345 et
1100 1283 1253 1347 vitae
1278 1280 1656 1372 periculum
1680 1279 1874 1365 adiit,
1899 1306 1940 1349 a
1965 1282 2261 1376 quodam
2293 1280 2320 1321 ⁶
2341 1282 2678 1351 laticlavio
2699 1337 2718 1368 ,

616 1385 809 1480 cujus
859 1414 1143 1457 uxorem
1196 1406 1671 1458 attrectaverat
1703 1445 1720 1474 ,
1780 1414 1992 1484 prope
2041 1392 2128 1459 ad
2179 1414 2415 1475 ¹necem
2473 1418 2715 1464 caesus.

614 1506 839 1588 Quare
874 1524 1227 1595 nunquam
1266 1518 1497 1594 postea
1543 1500 1818 1594 publico
1859 1526 1931 1570 se
1969 1501 2138 1570 illud
2172 1502 2357 1571 horae
2391 1508 2532 1573 sine
2567 1508 2723 1574 Tri-

614 1612 817 1680 bunis
852 1615 1217 1697 commisit,
1256 1612 1495 1707 procul
1535 1629 1602 1681 et
1637 1613 1898 1681 occulte
1937 1612 2569 1709 subsequentibus7.
2611 1622 2726 1684 In-

616 1720 831 1788 terdiu
866 1747 1138 1816 quoque
1163 1722 1337 1790 clam
1362 1726 1720 1815 gestatoria
1745 1722 1910 1790 sella
1933 1721 2196 1791 delatus
2222 1728 2290 1791 in
2315 1722 2340 1762 ⁸
2357 1724 2721 1808 theatrum,

616 1829 1059 1899 seditionibus
1090 1838 1665 1925 pantomimorum
1695 1856 1778 1899 ex
1811 1848 2000 1925 parte
2025 1836 2361 1925 proscenii
2389 1836 2723 1928 superiori

617 1942 891 2032 signifer
927 1943 1127 2009 simul
1171 1968 1251 2011 ac
1295 1960 1635 2035 spectator
1677 1942 1930 2011 aderat.
1979 1948 2063 2011 Et
2099 1969 2313 2038 quum
2353 1944 2440 2012 ad
2477 1968 2726 2015 manus

616 2068 899 2119 ventum
930 2069 1105 2119 esset
1124 2107 1141 2137 ,
1176 2053 1650 2149 lapidibusque
1676 2072 1744 2121 et
1767 2053 2246 2123 subselliorum
2275 2055 2724 2147 fragminibus

617 2160 1127 2245 decerneretur,
1154 2164 1367 2231 multa
1392 2181 1458 2231 et
1482 2167 1626 2257 ipse
1640 2162 1805 2257 jecit
1823 2168 1891 2231 in
1912 2164 2267 2259 populum,
2291 2183 2496 2261 atque
2519 2168 2728 2233 etiam

618 2275 929 2341 Praetoris
954 2292 1161 2368 caput
1182 2278 1657 2343 consauciavit.

688 2436 740 2490 3.
776 2438 1050 2491 Tabernas.
1063 2440 1179 2491 Hoc
1191 2441 1489 2512 recepimus
1500 2458 1625 2491 cum

617 2519 869 2571 Oudend.
891 2539 987 2591 pro
1011 2521 1326 2589 tabernulas,
1345 2541 1506 2594 quum
1522 2541 1628 2574 ma·

612 2600 785 2668 jorem
814 2603 1069 2671 Principis
1094 2601 1441 2671 petulantiam
1468 2604 1629 2672 signi-

620 2677 770 2744 ficet,
798 2692 847 2732 et
876 2681 1149 2750 xiphilino
1175 2682 1473 2734 conveniat.

692 2758 743 2825 4.
787 2761 1087 2830 Ωιιίηῐαηας
1114 2761 1259 2832 quod
1284 2781 1478 2814 nomen
1504 2761 1628 2814 loco

619 2840 837 2907 proprie
860 2854 976 2890 erat
1005 2843 1059 2890 in
1087 2843 1270 2892 castris
1287 2841 1419 2906 ‚,ubi
1450 2843 1630 2894 forum

618 2933 797 2966 rerum
832 2917 1155 2970 utensilium.
1188 2917 1319 2970 Vide
1356 2919 1529 2972 Sobel.
1562 2917 1631 2972 ad

620 2995 813 3066 Hygia.
854 3015 978 3067 pag.
1023 2999 1126 3066 76,
1174 3013 1226 3051 et
1266 3001 1405 3051 viros
1440 3000 1628 3052 doctos

624 3073 695 3126 ad
721 3073 865 3126 hunc
892 3073 1089 3128 locum.

697 3151 747 3204 5.
794 3153 972 3206 Πὸἱ....
993 3157 1219 3228 pretittm
1242 3157 1627 3218 absumeretur,-

622 3233 657 3282 i.
696 3249 745 3282 e.
788 3232 1163 3304 prodigeretur
1206 3236 1377 3306 epulis
1422 3235 1630 3308 aliaque

624 3311 846 3363 luxuria.
885 3315 965 3364 Ita
1010 3333 1039 3366 e
1086 3313 1301 3366 Memm.
1351 3315 1632 3368 ediderunt

624 3390 871 3444 Oudend.
900 3407 951 3444 et
979 3395 1183 3446 Ernest.
1216 3394 1371 3467 Vulg.
1410 3414 1634 3448 assume-

624 3482 791 3537 retur,
822 3472 965 3544 quod
1004 3475 1089 3525 vix
1126 3473 1378 3528 idoneum
1421 3494 1630 3528 sensum

623 3549 839 3621 praebet.
868 3551 1027 3618 Quod
1048 3553 1295 3607 Torrent.
1320 3569 1373 3607 et
1398 3555 1632 3608 Graevius

624 3648 838 3684 suasere
854 3631 1191 3686 divendendoe
1204 3653 1305 3705 pro
1319 3634 1630 3700 dividendoe,

623 3709 677 3762 id
698 3711 743 3762 si
764 3713 817 3762 in
833 3722 981 3763 textu
1002 3716 1319 3784 reperiretur
1334 3751 1352 3778 ‚
1372 3733 1471 3784 pro
1492 3713 1634 3783 glos-

626 3803 823 3841 semate
860 3788 1167 3844 habendum
1206 3807 1375 3860 esset,
1406 3806 1465 3844 ut
1496 3793 1628 3845 Cas,

627 3886 745 3939 cap.
782 3868 869 3935 54.

694 3947 747 4000 6.
784 3947 837 4000 A
858 3947 1087 4021 quodam
1105 3945 1517 4015 laticlavto‚etc.
1533 3951 1635 4002 Ta·

626 4026 713 4076 cit.
743 4024 776 4079 Ι.
802 4045 851 4078 c.
883 4027 1095 4080 «Julius
1124 4029 1439 4100 Montanus,
1477 4047 1634 4081 sena-

626 4109 748 4159 torii
776 4107 1005 4174 ordinis,
1031 4108 1125 4160 sed
1150 4112 1239 4181 qui
1264 4109 1505 4162 nondum
1529 4109 1634 4163 ho·-

627 4203 809 4237 norem
820 4189 1149 4258 capessisset,
1164 4207 1483 4259 congressus
1492 4189 1635 4238 forte

1715 2458 1812 2512 per
1835 2439 2082 2493 tenebras
2105 2458 2226 2492 cum
2241 2440 2484 2511 Principe
2499 2477 2516 2507 ‚
2534 2439 2657 2512 quia
2671 2443 2728 2492 vi

1717 2532 2064 2572 attentantem
2078 2523 2267 2572 acriter
2282 2519 2728 2591 repulerautlein-

1717 2599 1784 2650 de
1808 2601 2044 2671 agnitum
2065 2613 2310 2650 oraverat
2329 2635 2344 2664 ‚
2367 2601 2520 2669 quasi
2543 2617 2734 2669 expro-

1717 2678 1948 2742 brasset,
1973 2681 2108 2750 mori
2127 2678 2350 2730 adactus
2375 2693 2471 2729 eat.
2487 2701 2510 2726 ι»
2536 2679 2618 2730 cf.
2641 2681 2733 2731 xi-

1716 2757 1852 2830 phil.
1880 2758 2023 2823 LXI,
2057 2775 2092 2826 9
2109 2797 2127 2826 ‚
2155 2758 2246 2829 qui
2279 2759 2454 2810 minus
2477 2771 2731 2810 accurate

1717 2827 1971 2899 ssoumcm'n
1999 2837 2144 2890 dicit.
2183 2836 2318 2888 Vide
2351 2837 2417 2888 de
2453 2855 2570 2888 voc.
2603 2835 2734 2887 laa-

1721 2915 1922 2968 clavius
1956 2917 2098 2987 Lips.
2139 2914 2208 2968 ad
2238 2916 2409 2966 Tacit.
2445 2913 2480 2966 l.
2521 2933 2569 2966 c.
2597 2913 2728 2966 coll.

1719 2998 1946 3067 August.
1973 3013 2092 3066 cap.
2119 2996 2206 3048 38.

1794 3094 1842 3146 7.
1855 3076 1980 3128 Sine
1993 3075 2268 3126 Tribunis..
2278 3114 2290 3125 .
2300 3074 2572 3144 subsequen
2581 3071 2730 3124 tibus.

1717 3157 1885 3207 Tacit.
1909 3178 1930 3200 ι
1947 3157 2090 3206 Nero
2107 3167 2314 3219 autem,
2331 3153 2654 3204 metuentior
2667 3153 2729 3204 in

1717 3249 1988 3307 posterum
2001 3273 2019 3302 ‚
2038 3233 2231 3286 milites
2249 3231 2348 3285 sibi
2369 3245 2424 3284 et
2441 3231 2732 3302 plerosque

1719 3313 2042 3386 gladiatores
2067 3311 2444 3376 circumdedit,
2467 3311 2562 3382 qui
2589 3311 2736 3362 rixa·-

1722 3413 1838 3446 rum
1865 3395 2012 3445 initia
2041 3391 2253 3443 modica
2274 3403 2326 3443 et
2351 3391 2498 3460 quasi
2519 3391 2730 3461 privata

1725 3475 1987 3535 sinerent3
2015 3473 2058 3524 si
2089 3489 2117 3523 a
2143 3471 2276 3522 laesis
2305 3469 2527 3523 validius
2551 3485 2734 3540 agere-

1718 3567 1840 3616 tur,
1865 3569 2013 3602 arma
2041 3551 2316 3602 inferrent.
2333 3571 2356 3595 ι·

1795 3632 1844 3683 8.
1883 3629 2100 3682 Delatus
2118 3631 2174 3682 in
2199 3629 2485 3692 theatrum,
2509 3638 2612 3678 etc.
2632 3624 2736 3676 Ta-

1721 3710 1810 3760 cit.
1855 3731 1878 3755 ·
1899 3707 2180 3760 Ludicram
2220 3725 2434 3780 quoque
2465 3704 2735 3755 licentiam

1723 3802 1776 3842 et
1827 3789 2064 3841 fautores
2115 3787 2434 3840 histrionum
2483 3783 2630 3836 velut
2675 3783 2736 3834 in

1721 3868 1902 3940 praelia
1931 3870 2189 3921 convertit
2203 3867 2518 3937 impunitate
2533 3875 2586 3914 et
2601 3881 2736 3934 prte-

1723 3950 1871 4014 miis,
1898 3962 2060 4019 atque
2089 3949 2204 4018 ipse
2244 3943 2486 3996 occultus
2526 3955 2580 3995 et
2614 3941 2738 4011 ple-

1723 4045 1952 4101 rumque
1983 4045 2166 4081 coram
2199 4037 2610 4097 prospectemu-
2649 4021 2734 4073 Cf.

1721 4107 1922 4179 Xiphil.
1939 4111 2073 4173 LXI,
2091 4110 2142 4160 8.
2157 4108 2286 4158 Mox
2301 4105 2373 4156 al.
2392 4103 2742 4156 decertaretur-

1724 4206 1824 4257 pro
1839 4187 2220 4252 decerneretur,
2235 4183 2408 4238 inutili
2421 4183 2739 4234 mutatione.
