3050 5004
1001 480 1679 551 VESPASIANUS.
2265 482 2396 564 343

295 608 457 679 tellii
476 614 739 706 copias,
760 612 991 703 ipsum
1011 610 1087 677 in
1104 608 1293 677 Urbe
1324 609 1794 693 interemtum,
1818 610 2240 677 nunciantes.
2269 614 2404 677 Au·-

292 727 565 794 ctoritas
593 740 663 805 et
687 727 891 820 qussi-
908 720 1227 817 majestas
1260 721 1604 817 quasdam,
1627 738 1718 789 ut*
1736 720 2026 789 scilicet⁵
2055 724 2402 816 inopinato

292 851 361 903 et
389 831 618 903 adhuc
646 858 827 903 novo
860 835 1188 925 Prmcipi,
1215 830 1454 900 deerat
1482 859 1499 899 :
1531 830 1680 899 haec
1707 854 1982 926 quoque
2015 835 2313 900 accessit.
2349 837 2404 900 E

288 943 489 1037 plebe
510 942 789 1041 quidam
810 942 1183 1011 luminibus
1202 938 1515 1011 orbatus⁶
1531 993 1550 1024 ‚
1575 944 1734 1009 item
1757 941 1930 1009 alius
1948 938 2154 1010 debili
2172 965 2370 1009 crure
2384 994 2402 1024 ,

292 1058 641 1126 seden'tem
682 1081 811 1151 pro
854 1055 1179 1125 tribunali
1212 1056 1467 1148 pariter
1510 1051 1825 1123 adierunt
1840 1107 1858 1139 ‚
1895 1070 2163 1123 orantes
2205 1079 2406 1147 opem

290 1165 693 1235 valetudini⁷
710 1220 729 1252 ‚
753 1167 1284 1235 demonstratam
1306 1190 1347 1233 a
1366 1155 1698 1257 Serapide⁴
1707 1188 1832 1257 per
1853 1167 2148 1261 quietem
2173 1192 2188 1231 t
2213 1168 2406 1233 resti-

288 1293 597 1347 tuturum
620 1277 853 1345 oculos
869 1328 886 1361 ,
912 1280 971 1347 si
991 1277 1391 1369 inspuisset3
1422 1274 1984 1343 confirmaturum
2007 1298 2165 1343 crus
2179 1327 2198 1359 ,
2224 1264 2281 1342 s'i
2305 1274 2407 1342 di-

290 1404 613 1480 gnaretur
634 1385 819 1457 calce
840 1390 1253 1481 contingere.
1281 1390 1507 1473 Quum
1532 1388 1644 1453 vix
1671 1384 1839 1455 fides
1863 1402 2073 1469 esset,
2095 1410 2240 1453 rem
2262 1384 2407 1453 ullo

287 1494 495 1565 modo
522 1520 986 1567 successuram
1002 1550 1019 1581 ,
1044 1495 1333 1592 ideoque
1361 1520 1449 1564 ne
1472 1498 1762 1589 experiri
1792 1482 2402 1592 quidem'audereu

288 1628 593 1684 extremo
609 1664 628 1695 ‚
652 1610 1077 1679 hortantibus
1104 1612 1337 1693 amicis
1353 1662 1370 1693 ,
1395 1606 1621 1703 palam
1648 1634 1773 1702 pro
1796 1612 2120 1677 concione
2143 1590 2405 1676 utrum-

287 1745 421 1817 que
444 1721 795 1805 tentavitss,
817 1744 945 1801 nec
962 1738 1244 1790 eventus
1268 1720 1505 1789 defuit.
1530 1726 1656 1789 Per
1676 1719 1858 1789 idem
1875 1736 2144 1813 tempus
2162 1725 2406 1810 Tegeae

288 1833 359 1900 in
395 1830 714 1916 Arcadia,
752 1834 1079 1901 instinctu
1103 1834 1642 1915 vaticinantium,
1675 1830 1921 1899 effossa
1954 1846 2114 1899 sunt
2142 1842 2406 1897 sacrato

286 1939 437 2009 loco
466 1964 628 2009 vasa
654 1944 877 2035 operis
904 1946 1198 2038 antiqui,
1226 1958 1431 2037 atque
1454 1946 1525 2011 in
1549 1945 1630 2009 iis
1653 1941 1966 2067 assimilis
1989 1944 2406 2035 Vespasiano

287 2053 537 2144 imago.

346 2182 569 2247 vm.
618 2178 803 2248 Talis
839 2195 1163 2275 tantaque
1208 2203 1365 2249 cum
1404 2180 1635 2249 fama
1617 2205 1690 2247 1n
1728 2177 1986 2248 Urbem
2029 2188 2044 2217 ¹
2061 2202 2403 2262 reversus»,

287 2454 317 2489 e
346 2436 660 2489 minoribus
686 2437 745 2489 in
778 2434 1029 2491 historias
1064 2438 1303 2504 venisse,

284 2514 415 2568 inde
444 2533 664 2586 quoque
692 2527 875 2587 petere
896 2515 1124 2583 videtur,
1145 2515 1305 2588 iquod

288 2593 439 2667 apud
467 2596 641 2648 Ταοίῑ.
666 2597 743 2662 11,
769 2595 867 2664 73,
894 2594 1123 2648 Carmeli
1146 2596 1303 2646 etiam

284 2675 491 2727 montis
515 2671 764 2727 sacerdos
788 2673 1038 2728 Basilides
1059 2674 1269 2726 dicitur.

359 2753 413 2808 5.
460 2753 534 2806 Ut
552 2752 763 2808 scilicet.
791 2755 985 2824 Jejuun
1010 2755 1303 2826 geminatio

278 2831 711 2906 particularum,
739 2835 829 2886 cui
856 2834 1097 2887 medetur
1124 2833 1305 2886 Codex

283 2913 559 2966 Tor-rentii
574 2951 608 2979 ,.
632 2914 759 2985 qui,
800 2913 948 2966 salva
988 2915 1307 2966 auctoritate

284 2992 413 3058 viri,
436 2993 537 3046 dat
558 3003 618 3044 ut
636 2991 786 3046 solet.

354 3073 409 3126 6.
437 3074 493 3126 Ε
505 3071 659 3146 plebe
674 3071 892 3145 quidam
913 3071 1201 3126 luminibus
1217 3093 1307 3127 ω·-

284 3153 463 3219 bam,
486 3165 589 3206 etc.
608 3154 781 3204 Tacit.
801 3153 935 3206 Hist.
957 3155 1046 3218 IV,
1066 3153 1097 3206 8
1110 3169 1127 3202 1
1148 3174 1163 3204 ι
1188 3177 1213 3201 ι
1228 3153 1307 3206 Ex

280 3229 443 3302 plebe
468 3230 827 3286 Alexandrina
851 3229 1097 3302 quidum,
1122 3231 1306 3284 oculo-

282 3329 403 3362 rum
428 3309 557 3364 tabe
576 3324 775 3375 notuS,
792 3327 968 3380 genus
990 3313 1103 3381 ejus
1126 3309 1307 3362 advol-

280 3391 443 3456 vitur,
456 3389 755 3444 remedium
762 3388 1008 3442 cecitatis
1016 3408 1309 3460 exposcens

280 3473 508 3542 μυίαις
524 3471 733 3522 monitu
743 3467 1009 3540 Serapidis
1018 3470 1135 3534 Dei,
1147 3487 1305 3542 quem

281 3547 473 3601 dedita
510 3549 981 3620 superstitionibus
1018 3564 1149 3619 gens
1182 3561 1307 3601 ante

282 3629 421 3684 alios
457 3629 619 3694 colit,
647 3627 1075 3704 precabaturque
1097 3629 1305 3680 Princi-

280 3725 439 3779 pem,
464 3722 527 3761 ut
551 3725 721 3780 genas
748 3721 802 3759 et
830 3707 1107 3760 oculorum
1142 3707 1304 3760 orbes

281 3785 601 3858 dignaretur
637 3805 943 3859 respergere
980 3789 1086 3839 oris
1122 3805 1304 3840 excre-

281 3880 491 3920 mento.
521 3867 670 3920 Alius
694 3885 916 3920 manum
939 3885 1090 3942 oeqer,
1116 3863 1305 3919 eodem

278 3947 399 4001 Deo
434 3959 696 4013 auctore,
734 3961 793 3999 ut
826 3946 967 4020 pede
996 3967 1057 4000 ac
1085 3945 1305 4020 vestigio

278 4022 512 4081 &saris
530 4027 849 4092 calcaretur,
868 4027 1071 4080 orabat.
1089 4051 1113 4076 ιι
1132 4030 1213 4080 De
1232 4025 1306 4080 al-

278 4108 451 4160 terius
478 4103 785 4160 valetudine
808 4125 935 4160 eum
960 4109 1147 4160 Tacito
1170 4124 1305 4159 con-

282 4189 451 4241 sentit
472 4185 680 4260 Xiphil.
704 4186 899 4255 LXVI,
924 4187 981 4240 8?

1464 2454 1515 2509 7.
1547 2436 1874 2490 Valentdini.
1891 2435 2048 2508 Vulg.
2073 2434 2403 2491 valemdinis.

1391 2518 1546 2572 conf.
1572 2516 1924 2588 Oudendorp.
2433 2543 2440 2548 ·

1464 2597 1516 2648 8.
1557 2594 1826 2648 Palam...
1854 2605 2131 2665 utrumque
2153 2596 2401 2662 tentavit,

1392 2685 1496 2729 etc.
1514 2676 1686 2728 Tacit.
1705 2674 1740 2727 1.
1760 2689 1811 2727 e.
1834 2695 1858 2720 ιι
1873 2673 2260 2745 Vespasianus,
2281 2693 2408 2726 cun·

1393 2769 1479 2808 cta
1502 2755 1729 2808 fortunae
1759 2771 1864 2806 suae
1887 2766 2074 2827 patere
2094 2765 2242 2807 ratus
2257 2792 2274 2821 ‚
2301 2771 2405 2811 nec

1393 2838 1684 2908 quicquum
1720 2835 1858 2887 ultra
1902 2833 2243 2901 incredibile3
2285 2834 2405 2888 laeto

1392 2916 1510 2987 ipse
1536 2913 1716 2982 vultu,
1749 2928 1953 2980 erecta,
1984 2931 2100 2986 quoe
2129 2911 2408 2981 adstabat,

1394 2993 1735 3046 multitudine
1749 3031 1766 3060 ‚
1781 2997 1930 3066 jussa
1951 2995 2270 3064 exsequitur.
2291 2995 2407 3046 Sta-

1392 3076 1488 3126 tim
1516 3091 1776 3126 conversa
1799 3073 1869 3126 sd
1893 3083 2050 3126 usum
2079 3091 2268 3126 manus
2286 3111 2305 3141 ,
2341 3092 2406 3126 ac

1395 3173 1542 3207 caeoo
1567 3154 1772 3206 reluxit.
1792 3153 1925 3208 dies.
1953 3157 2284 3226 Utrumque,
2314 3155 2407 3224 qui

1394 3235 1682 3287 interfuere
1697 3273 1715 3300 ,
1754 3251 1900 3286 nunc
1944 3251 2162 3305 quoque
2199 3251 2406 3285 memo-

1393 3326 1542 3378 rant,
1573 3322 1860 3383 postquam
1892 3310 2099 3364 nullum
2123 3311 2406 3364 'mendacio

1392 3395 1642 3466 pretium.
1665 3415 1688 3440 n
1742 3396 1825 3444 De
1868 3390 2127 3444 miraculo
2173 3411 2406 3464 quaerere

1394 3493 1503 3526 non
1520 3487 1692 3526 vacat.
1709 3473 1789 3525 cf.
1804 3476 2029 3544 interpr.
2049 3472 2120 3526 ad
2135 3471 2240 3525 loc.
2261 3485 2402 3526 nost.

1395 3565 1449 3608 et
1470 3551 1698 3604 Reimar.
1724 3549 1792 3603 ad
1815 3549 2018 3624 Xiphil.

1464 3633 1601 3684 Vni.
1635 3646 1679 3683 ι.
1717 3633 1787 3682 In
1822 3631 2007 3684 Urbem
2039 3649 2276 3687 reversus.
2305 3635 2407 3684 Ps-

1393 3712 1528 3762 ravit
1547 3711 1648 3762 iter
1664 3707 1888 3776 λέξαντος
1905 3711 1991 3762 «τοῦ
2012 3711 2236 3777 >cufi-voe
2257 3711 2402 3782 (nnn.

1394 3791 1563 3862 823),
1586 3803 1646 3842 ut
1662 3791 1881 3865 Joseph.
1903 3790 2033 3844 Bell.
2051 3792 2176 3844 sud.
2203 3795 2296 3860 IV,
2321 3811 2342 3845 1
2359 3811 2406 3862 ι,

1395 3867 1447 3923 5.
1476 3869 1754 3924 Adventus
1780 3872 1834 3924 in
1863 3869 2072 3924 Italiam
2089 3909 2106 3940 ‚
2132 3891 2289 3944 quem
2311 3871 2408 3925 de-

1395 3949 1581 4002 scribit
1598 3950 1738 4002 idem
1752 3989 1768 4017 .,
1782 3951 1876 4001 Vll
1892 3987 1910 4015 ‚
1928 3949 1990 4016 4,
2017 3967 2065 4017 1,
2084 3951 2297 4003 exeunti
2313 3950 2408 4004 de·

1394 4047 1540 4081 mum
1556 4033 1726 4083 aestati
1741 4029 2057 4084 tribuendus
2067 4069 2084 4098 ‚
2102 4043 2165 4082 ut
2178 4028 2411 4083 ostendit

1393 4109 1624 4162 Reimar.
1659 4108 1730 4160 ad
1765 4107 1970 4182 xiphi).
2005 4109 2201 4178 val,
2236 4127 2289 4180 9.
2327 4112 2408 4164 De

1396 4188 1588 4242 itinere
1609 4188 1729 4241 vide
1750 4187 1973 4262 Joseph.
1991 4189 2114 4257 vn,
2144 4207 2202 4256 2,
2235 4206 2280 4242 ι.
