3050 5004
1383 484 1456 545 C.
1507 483 1975 549 SUETONII

637 613 892 676 exitum
915 610 1209 675 facturos
1225 660 1243 691 ,
1265 639 1290 668 υ
1321 609 1815 697 conclamatum
1836 627 1939 677 est
1958 609 2046 677 ab
2060 612 2433 693 universis:
2466 642 2491 671 a
2512 616 2619 685 Tu
2636 611 2732 679 fa-

633 722 804 786 cies⁷
826 772 843 802 ,
883 726 1200 808 Auguste.
1227 749 1252 778 w
1289 718 1737 787 Observatum
1767 723 1969 787 etiam
2001 720 2256 803 fuerat,
2293 723 2731 791 novissimam

631 830 932 899 fabulam
966 847 1272 898 cantasse
1320 854 1478 897 eum
1522 830 1789 923 publice
1836 861 1863 891 α
1882 829 2305 923 OEdipodem
2344 830 2645 901 exsulem
2663 864 2723 914 ‚-

633 958 838 1037 atque
863 944 934 1008 in
961 938 1092 1007 hoc
1119 938 1372 1009 desisse
1400 939 1637 1008 versu⁸
1664 968 1677 1005 :

637 484 769 549 226

951 1086 1130 1136 Θανιῑν
1153 1076 1205 1155 μ’
1227 1078 1387 1157 &qm
1411 1084 1697 1157 σύγγαμος,
1720 1084 1914 1158 μήτηρ,
1940 1084 2126 1157 πατήρ.

728 1215 992 1277 XLVu.
1034 1214 1360 1280 Nunciata
1384 1214 1654 1279 interim
1682 1214 1885 1278 etiam
1908 1227 2291 1279 ceterorum
2314 1212 2735 1277 exercituum

637 1320 1010 1388 defectione
1029 1376 1047 1405 ,
1107 1321 1336 1391 literas
1381 1322 1741 1416 prandenti
1798 1322 1924 1389 sibi
1970 1320 2266 1390 redditas
2322 1323 2733 1412 concerpsit,

633 1454 940 1499 mensam
969 1430 1332 1515 subvertit,
1363 1432 1540 1499 duos
1568 1430 1863 1525 scyphos
1884 1446 1900 1477 ¹
1944 1433 2303 1523 gratissimi
2334 1453 2533 1511 usus,
2562 1453 2734 1525 quos

633 1544 992 1609 Homerios
1033 1566 1076 1607 a
1121 1541 1439 1611 caelatura
1485 1544 1863 1610 carminum
1912 1544 2189 1609 Homeri
2224 1540 2540 1621 vocabat,
2590 1538 2739 1606 solo

637 1650 852 1734 illisit,
877 1676 959 1721 ac
979 1666 1204 1724 sumto
1226 1677 1268 1719 a
1291 1656 1583 1723 Locusta
1603 1676 1869 1721 veneno
1886 1704 1903 1735 ,
1930 1669 1998 1719 et
2018 1654 2091 1718 in
2113 1672 2391 1718 auream
2414 1646 2735 1744 pyxidem

635 1760 941 1845 condito,
980 1764 1247 1831 transiit
1276 1765 1346 1829 in
1385 1763 1616 1831 hortos
1660 1758 2064 1830 Servilianos
2082 1770 2126 1827 ².
2168 1761 2335 1843 Ubi,
2372 1763 2737 1854 praemissis

643 1870 1043 1939 libertorum
1079 1870 1414 1941 fidissimis
1452 1876 1711 1941 Ostiam
1744 1872 1830 1940 ad
1864 1872 2148 1939 classem
2185 1869 2701 1965 praeparandam
2719 1924 2739 1954 ,

643 1981 987 2050 Tribunos
1011 1986 1589 2077 Centurionesque
1616 1986 1918 2077 praetorii
1940 1980 2027 2048 de
2050 1982 2229 2078 fuga}
2259 1984 2576 2049 societate
2602 1998 2745 2048 ten-

635 2094 824 2161 tavit.
853 2093 982 2161 Sed
1025 2098 1274 2187 partim
1307 2094 1908 2187 tergiversantibus
1926 2148 1943 2175 ‚
1971 2098 2225 2187 partim
2258 2108 2491 2187 aperte
2528 2091 2744 2159 detre-

635 2202 978 2270 ctantibus
1001 2256 1017 2283 ,
1051 2227 1188 2269 uno
1213 2228 1376 2271 vero
1405 2206 1607 2273 etiam
1638 2204 2096 2296 proclamante
2113 2257 2131 2287 ,

961 2341 1170 2420 Usque
1195 2338 1469 2401 adeone³
1495 2342 1659 2401 mori
1682 2342 1977 2401 miserum
2002 2340 2124 2401 est?

641 2479 825 2543 varia
850 2478 1152 2567 agitavit:
1183 2478 1552 2546 Parthosne
1569 2533 1585 2560 ,
1610 2505 1699 2546 an
1720 2476 2003 2546 Galbam
2030 2476 2319 2570 supplex
2343 2490 2629 2568 peteret,
2656 2498 2745 2542 an

717 2679 765 2732 7.
809 2662 858 2712 T
855 2681 891 2713 u
896 2661 1096 2732 facies,
1113 2679 1215 2718 etc.
1243 2665 1322 2717 Tu
1341 2666 1566 2739 efficies,
1596 2677 1655 2716 ut
1742 2666 1940 2718 nescio.
1956 2667 2289 2718 Monuerunt
2300 2674 2475 2715 autem
2492 2663 2754 2733 interpre-

645 2741 862 2812 diynum
893 2741 1087 2793 eximm
1105 2741 1354 2814 faciant,
1385 2763 1448 2795 ex
1477 2758 1653 2798 mente
1744 2761 1823 2798 tes
1848 2766 1909 2798 ex
1935 2745 2153 2798 Salmas.
2180 2743 2249 2796 ad
2272 2743 2439 2796 Solin.
2464 2761 2589 2816 pag.
2614 2741 2755 2810 736,

649 2817 1115 2872 conclamantium.
1135 2819 1236 2874 Sed
1253 2841 1418 2894 quum
1431 2823 1657 2892 intelligi
1746 2843 1856 2876 non
1876 2825 2045 2878 fuisso
2059 2823 2173 2876 haec
2190 2821 2386 2894 pocula
2404 2821 2639 2888 literana,
2660 2819 2757 2873 sed

649 2898 808 2948 etiam
829 2909 1012 2968 posset
1028 2899 1284 2965 Ταβαῖος
1301 2903 1416 2973 ipse
1433 2901 1656 2974 dignum
1746 2909 1799 2959 in
1822 2905 2015 2980 quibus
2036 2917 2403 2975 argumentum
2424 2903 2663 2956 celatum
2678 2919 2757 2954 οε·

651 2979 844 3030 exiwm
866 3016 885 3043 ‚
925 2976 1032 3030 hoc
1073 2998 1171 3051 pro
1211 2983 1392 3033 omine
1431 2994 1622 3053 postea
1643 3022 1660 3049 ,
1752 3001 1858 3054 set,
1888 3006 1949 3038 ex
1980 2988 2215 3038 Homero
2246 2973 2496 3038 sumtum.
2527 2985 2759 3036 Litemta

657 3075 822 3128 quum
853 3070 1072 3110 eventus
1108 3059 1545 3131 comprobasset,
1583 3074 1659 3113 est
1752 3077 1873 3118 sunt
1901 3061 2285 3129 ὶντηυπομὸνοις
2319 3061 2526 3129 celata,
2568 3059 2757 3114 inmu-

658 3133 920 3187 habitum.

727 3217 777 3270 8.
793 3214 967 3288 Atque
981 3219 1037 3269 in
1057 3217 1155 3270 hoc
1172 3217 1348 3272 desisse
1367 3236 1537 3284 versu,
1561 3232 1659 3272 etc.

657 3293 791 3347 vide
805 3295 1003 3368 Xiphil.
1021 3297 1209 3364 LXIII,
1229 3298 1293 3350 28
1305 3336 1321 3364 ,
1343 3303 1460 3370 qui,
1477 3313 1537 3350 ut
1550 3319 1664 3352 rem

661 3374 813 3428 aliter
859 3390 1036 3428 narrat
1055 3415 1073 3443 ,
1117 3379 1186 3430 ita
1233 3398 1440 3432 versum
1487 3383 1663 3434 minus

666 3469 845 3528 aptum
889 3456 1136 3510 exhibet:
1175 3459 1380 3530 Οὶκσρός
1415 3461 1579 3514 θανεῖν
1608 3459 1662 3527 μ’

662 3535 814 3602 ιῖνογι
839 3533 1112 3604 ammon,
1139 3537 1311 3608 scrip.

733 3615 936 3667 XLVII.
989 3633 1032 3667 1.
1075 3618 1221 3671 Duos
1261 3619 1512 3691 scyphos,
1562 3633 1662 3672 etc.

663 3691 798 3743 Plin.
827 3692 960 3744 Hist.
987 3695 1111 3747 Nat.
1147 3695 1416 3763 XXXVII,
1451 3715 1480 3750 2
1506 3697 1666 3769 (to)=

668 3793 690 3816 ι
709 3771 854 3821 Nero
871 3809 892 3836 ,
917 3773 1226 3826 amissarum
1265 3793 1438 3826 rerum
1467 3778 1666 3828 nuncio

665 3862 918 3918 accepto,
947 3849 1083 3904 duos
1115 3850 1307 3906 calices
1335 3855 1667 3927 crystallinos

665 3926 720 3978 in
761 3945 1010 3999 suprema
1046 3929 1126 3983 ira
1151 3931 1308 4004 fregit
1331 3931 1518 3986 illisos.
1548 3935 1671 3988 Haec

663 4007 765 4057 fuit
795 4009 930 4059 ratio
965 4007 1216 4062 saeculum
1255 4029 1408 4064 suum
1443 4015 1671 4084 punien—

665 4085 763 4160 tis,
796 4103 862 4137 ne
896 4087 1014 4157 quis
1037 4085 1172 4142 ‘alius
1193 4107 1256 4142 ex
1287 4087 1370 4142 his
1395 4087 1621 4144 biberet.
1644 4115 1666 4138 n

665 4161 924 4216 Caelatura
963 4185 1030 4218 an
1073 4167 1320 4242 crystallo
1359 4157 1670 4239 conveniat,

1750 3139 1963 3210 σωμὸκ.

1826 3249 1873 3284 2.
1930 3233 1998 3284 In
2050 3233 2222 3284 hortos
2262 3230 2615 3289 Servilianos,-
2662 3231 2761 3298 qui

1754 3325 2114 3363 memorantur
2152 3311 2314 3362 etiam
2352 3309 2520 3362 Tacit.
2565 3305 2759 3358 Annei.

1752 3389 1866 3453 XV,
1906 3389 2003 3452 55,
2042 3403 2096 3442 et
2132 3389 2263 3441 Hist.
2298 3389 2400 3454 111,
2437 3387 2523 3441 38.
2557 3387 2634 3438 De
2659 3403 2761 3437 eo·

1754 3485 1869 3518 mm
1900 3468 2007 3518 situ
2036 3467 2106 3519 cf.
2143 3465 2340 3518 Donat.
2374 3463 2443 3516 de
2472 3463 2620 3516 Urbe
2650 3465 2763 3516 Ro-

1754 3562 1838 3596 ma
1855 3582 1871 3610 ,
1899 3546 1999 3612 111,
2030 3547 2114 3599 23.

1830 3632 1879 3684 3.
1914 3629 2083 3704 Usque
2102 3634 2327 3698 adeone,
2354 3645 2456 3684 etc.
2481 3633 2555 3683 Ex
2580 3630 2765 3699 Vin-gil.

1757 3711 1964 3764 AEneid.
1986 3713 2110 3779 XII,
2134 3713 2269 3781 646,
2292 3714 2388 3766 ubi
2412 3729 2509 3784 per
2530 3729 2767 3764 errorem

1758 3811 1995 3846 summus
2023 3793 2257 3866 Heynius
2284 3795 2507 3848 Neronis
2534 3811 2658 3845 voce
2682 3807 2769 3842 ce-

1758 3875 2021 3928 lebratum
2052 3875 2439 3930 hemistichium
2468 3875 2614 3928 dicit.
2647 3873 2769 3926 No-

1762 3967 1897 4008 sti-as
1912 3955 2126 4022 namn,
2141 3955 2365 4024 Pham,
2386 3967 2484 4008 act.
2508 3955 2603 4019 m,
2618 3969 2695 4004 sc.
2714 3951 2771 4016 3,

1763 4037 1837 4088 sic
1864 4033 1936 4086 ad
1955 4035 2177 4088 verbum
2199 4035 2397 4088 Gallice
2418 4031 2678 4088 reddidit:

1762 4129 1899 4172 Est-ce
1918 4145 1976 4173 nn
1995 4133 2029 4172 ni
2048 4130 2175 4185 grand
2195 4131 2381 4173 malheut
2399 4145 2477 4186 que
2494 4128 2547 4170 de
2564 4142 2697 4172 cenet
2716 4127 2771 4170 de

1898 4192 2034 4236 vivre?
