3050 5004
676 477 805 559 408
1421 478 1497 541 C.
1547 473 2014 543 SUETONH

672 601 845 695 phos
860 611 910 686 ⁹,
930 601 1315 670 Germanici
1334 603 1735 692 cognomine
1751 615 2057 668 assumto
2070 651 2089 680 ‚
2109 598 2568 692 Septembrem
2589 603 2778 668 me'n-

674 738 817 782 sem
858 729 926 780 et
960 710 1323 780 Octobrem
1358 735 1441 778 ex
1478 709 2044 804 'appellationibus
2082 713 2250 794 suis3
2291 715 2774 780 Germanicum

672 828 1265 918 Domitianumque
1294 825 1858 891 transnominavit
1877 833 1963 904 ¹⁰3
1993 821 2178 919 quod
2205 821 2416 890 altero
2445 825 2778 916 suscepis-

674 950 775 1002 set
799 935 1155 1026 imperium
1172 985 1189 1016 ‚
1218 931 1431 1000 altero
1458 949 1658 1000 natus
1687 949 1885 1000 esset.
2531 928 2550 942 “

766 1048 941 1110 XIV.
994 1049 1119 1110 Per
1140 1041 1288 1110 haec
1310 1041 1628 1110 terribilis
1655 1045 1916 1116 cunctis
1943 1058 2014 1110 et
2037 1045 2324 1124 invisuS‚
2351 1041 2630 1109 tandem
2651 1065 2772 1135 op-

592 1211 597 1216 .
672 1177 949 1246 pressus
982 1170 1087 1220 est
1114 1155 1486 1224 amicorum
1517 1152 2052 1246 libertorumque
2083 1153 2478 1218 intimorum
2505 1155 2770 1246 conspi-

672 1267 961 1346 ratione,
992 1263 1286 1332 simulet
1312 1266 1543 1330 uxoris
1563 1274 1606 1330 ¹.
1637 1269 1910 1330 Annum
1937 1261 2252 1358 diemque
2279 1263 2598 1332 ultimum
2619 1268 2770 1332 vitae

663 1371 808 1466 jam
843 1372 1111 1467 pridem
1142 1389 1532 1466 suspectum
1569 1372 1896 1440 habebat:
1933 1372 2170 1440 horam
2203 1376 2404 1440 etiam
2419 1427 2436 1457 ,
2475 1399 2602 1443 nec
2631 1399 2766 1441 non

672 1502 742 1554 et
768 1509 982 1577 genus
1012 1488 1269 1554 mortis,
1300 1483 1822 1552 Adolescentulo
1853 1481 2151 1552 Chaldaei
2181 1501 2422 1552 cuncta
2448 1483 2767 1577 praedixe·

671 1615 848 1666 rant.
885 1605 1081 1668 Pater
1117 1621 1388 1693 quoque
1422 1621 1626 1690 super
1653 1620 1915 1664 coenam
1947 1593 2291 1690 quondam
2317 1597 2545 1688 fungis
2577 1597 2764 1664 absti-

672 1719 947 1776 nentem
970 1706 1195 1800 palam
1218 1710 1546 1791 irriserat,
1571 1723 1652 1774 ut
1671 1710 1982 1798 ignarum
2005 1709 2203 1774 sortis
2227 1731 2400 1790 suae,
2427 1707 2610 1803 quod
2632 1732 2758 1774 non

672 1819 929 1888 ferrum
960 1823 1185 1913 potius
1216 1822 1503 1888 timeret.
1537 1824 1765 1904 Quare
1801 1817 2086 1912 pavidus
2119 1842 2391 1912 semper
2423 1837 2625 1915 atque
2657 1845 2762 1886 an-

672 1935 855 2014 xiuS,
892 1933 1187 1998 minimis
1225 1932 1427 1998 etiam
1468 1930 1968 2023 suspicionibus
2001 1931 2246 2023 praeter
2281 1930 2562 2000 modum
2593 1954 2758 1999 com·

674 2038 1107 2122 movebatur3
1152 2055 1230 2106 ut
1278 2037 1509 2121 edicti,
1557 2037 1644 2105 de
1689 2037 2077 2106 excidendis
2117 2041 2371 2107 vineis²
2418 2039 2758 2132 propositi,

674 2151 959 2241 gratiam
1003 2149 1223 2217 facere
1265 2170 1403 2215 non
1444 2146 1578 2215 alia
1617 2149 1832 2239 magis
1873 2172 1948 2214 re
1991 2148 2384 2242 compulsus
2431 2147 2757 2230 credatur,

675 2285 877 2355 quam
904 2260 1088 2358 quod
1116 2263 1333 2353 sparsi
1360 2259 1573 2328 libelli
1595 2284 1753 2329 cum
1776 2260 1882 2328 his
1905 2259 2212 2328 versibus
2235 2277 2430 2328 erant
2453 2288 2466 2328 :

954 2409 1066 2511 Κῆἶ
1086 2431 1147 2487 με
1168 2400 1362 2488 φάγῃς3
1382 2409 1469 2466 ἐπὶ
1489 2410 1662 2489 ῥίζαν,
1693 2408 1823 2487 ὅμως
1843 2407 1920 2466 ἔτι
1943 2412 2305 2488 καρποφορῆσω
2320 2453 2337 2480 ,

1032 2516 1206 2567 Οσσον
1234 2510 1533 2567 ὤνια-πεῖσαι
1559 2513 1776 2589 Καίσαρι
1803 2510 2054 2586 &napi-eq).

677 2762 741 2796 ne
784 2744 1079 2798 discrimine
1119 2764 1341 2798 annum.
1361 2768 1387 2794 ιο
1436 2746 1684 2821 Ceterum
1777 2756 1932 2795 seret.
1954 2766 1980 2791 ι
2006 2740 2166 2794 Conf.
2195 2740 2463 2793 Plutarch.
2492 2741 2651 2793 Num.
2681 2755 2763 2809 19;

677 2841 800 2875 cum
837 2824 1043 2892 But-m.²
1082 2823 1363 2889 Oudend..,
1399 2838 1453 2875 et
1480 2822 1684 2875 Wolfio
1731 2888 1734 2893 Ι
1773 2820 2001 2873 Martial.
2035 2822 2216 2892 Epigr.
2251 2820 2354 2887 tx,
2390 2838 2456 2883 ας
2486 2820 2618 2873 Stat.
2652 2818 2762 2871 silv.

675 2902 939 2957 edidimus
952 2916 1084 2977 quot
1096 2916 1220 2957 ante
1232 2922 1349 2957 eum
1364 2922 1520 2957 nemo
1533 2941 1550 2972 ‚
1570 2901 1683 2955 scil.

676 2984 846 3055 cepit3
882 3001 991 3035 non
1010 3021 1027 3050 ‚
1064 2994 1126 3035 ut
1154 2983 1296 3054 vulg.
1341 2983 1525 3057 «quod
1559 2994 1684 3035 ante

676 3078 801 3113 eum
822 3079 1011 3127 nemo,
1031 3085 1054 3110 n
1084 3062 1197 3114 scil.
1210 3062 1365 3133 fecit.
1426 3088 1431 3091 ·

748 3156 801 3208 9.
840 3140 1022 3191 Post...
1056 3139 1181 3191 duos
1217 3138 1521 3211 triumphos.
1552 3138 1686 3191 Vide

678 3238 726 3270 c.
757 3216 820 3283 6,
844 3216 938 3269 uhi
968 3215 1173 3270 dictum
1197 3218 1353 3269 etism
1383 3214 1449 3267 de
1476 3218 1688 3269 Germa·

676 3298 785 3349 m'ci
806 3310 860 3349 et
883 3297 1093 3363 Dacici,
1118 3314 1235 3367 quae
1258 3295 1591 3348 Domitianus
1611 3308 1688 3349 as-

677 3378 893 3441 sumsit,
918 3374 1344 3445 cognominibus.

696 3515 703 3529 ·
756 3470 836 3507 ιο.
872 3454 1280 3527 Septembrem...
1306 3452 1688 3506 transnomina-

677 3534 767 3585 vit.
814 3534 1132 3605 susceperat
1170 3536 1449 3605 imperium
1492 3532 1580 3586 die
1623 3534 1684 3586 13

677 3610 823 3683 Sept.
850 3611 982 3679 834,
1008 3630 1115 3685 quo
1141 3611 1349 3665 obierat
1368 3614 1521 3664 Titus
1543 3610 1688 3684 (vide

677 3690 747 3743 ad
772 3692 877 3743 Tit.
911 3708 930 3743 1
948 3691 1023 3762 1);
1061 3705 1219 3744 natus
1248 3705 1428 3744 autem
1458 3704 1572 3744 erat
1600 3690 1688 3743 die

682 3769 748 3837 24
766 3769 989 3824 Octobr.
1014 3770 1114 3841 (cf.
1138 3772 1334 3824 Domit.
1356 3790 1405 3823 c.
1432 3770 1507 3843 1).
1530 3774 1608 3825 De
1629 3790 1686 3824 re

676 3848 876 3921 xiphil.
900 3849 1085 3901 vau
1102 3886 1119 3914 ,
1138 3848 1190 3916 4.
1207 3848 1447 3901 Macrob.
1475 3850 1682 3901 Saturn.

674 3930 729 3994 1,
760 3945 854 3993 1¹2:
884 3928 1083 3981 Mensis
1107 3928 1403 4002 September
1423 3931 1686 4000 principa-

676 4006 782 4059 lem
792 4010 1077 4061 suiretinet
1085 4006 1513 4079 appellationem,
1524 4025 1686 4079 quem

682 4086 985 4139 Germanici
1001 4086 1386 4158 appellatione,
1414 4084 1684 4138 Octobrem

634 4202 641 4207 -
679 4184 805 4217 vero
831 4184 921 4221 suo
944 4166 1159 4219 nomine
1182 4166 1516 4218 Domitianus
1540 4168 1685 4217 invn-

1776 2902 1864 2968 IV,
1895 2918 1940 2967 1,
1964 2900 2062 2967 423
2083 2898 2214 2952 Plin'.
2240 2902 2432 2971 Paneg.
2460 2898 2548 2967 54.

1844 2982 1982 3033 XIV.
2005 2997 2050 3033 1.
2067 2980 2430 3033 Amicorum...
2445 2978 2767 3051 conspiratio·

1776 3080 1866 3127 ne,
1892 3058 2058 3113 simul
2072 3072 2121 3112 et
2140 3061 2326 3113 uxor-is.
2343 3060 2505 3111 Conf.
2523 3057 2765 3132 xiphilin.

1774 3141 1993 3206 LXVII,
2027 3139 2090 3192 15
2111 3161 2124 3202 3
2146 3142 2349 3206 Victor,
2375 3141 2518 3211 Epit.
2551 3157 2573 3192 1
2589 3157 2634 3202 ι,
2657 3140 2767 3210 qui:

1781 3242 1806 3266 ι
1825 3218 2028 3273 adscita
2048 3220 2210 3271 etism
2233 3222 2287 3270 in
2311 3218 2594 3270 consilium
2613 3222 2772 3291 tyran-

1776 3299 1834 3350 ni
1861 3316 2022 3350 uxore
2043 3297 2274 3349 Domitia
2291 3332 2310 3359 ,
2333 3295 2404 3347 ob
2429 3313 2665 3348 amorem
2683 3299 2772 3348 Pa·

1776 3376 1904 3429 ridis
1923 3376 2194 3429 histrionis
2210 3393 2240 3429 a
2257 3376 2500 3447 Principe
2515 3378 2771 3427 cruciatus

1775 3456 2114 3509 formidante.
2138 3480 2164 3505 ι

1849 3551 1896 3587 2.
1935 3534 2016 3585 De
2031 3533 2320 3587 excidendis
2335 3532 2516 3584 vineis.
2533 3530 2696 3585 Conf.
2711 3528 2774 3583 sd

1775 3632 1893 3687 cap.
1930 3632 1981 3685 7.
2011 3642 2083 3653 -·
2111 3613 2288 3665 Edicta·
2309 3610 2539 3684 qratiam
2567 3611 2773 3682 facere,

1777 3706 1835 3745 ut
1855 3712 2016 3766 supra
2035 3693 2286 3763 legimus,
2305 3694 2530 3763 August.
2562 3708 2646 3761 17,
2664 3708 2775 3764 qra-

1775 3771 1907 3823 tiam
1929 3770 2065 3843 fecit
2089 3771 2416 3842 conjurandi.
2447 3768 2532 3821 Ad
2565 3769 2775 3821 verbu-

1775 3869 1872 3903 nos
1888 3887 1905 3917 ‚
1923 3850 2068 3921 faire
2083 3850 2242 3923 qrtice
2261 3850 2324 3901 de
2350 3848 2580 3923 quelque
2605 3849 2770 3911 chose,

1773 3928 1970 4001 aliquid
1993 3932 2278 3999 remittere.

1842 4010 1894 4062 3.
1935 4006 2021 4061 xiv
2051 4028 2114 4074 με
2143 4003 2328 4075 φάγῃς,
2363 4020 2467 4059 etc.
2498 4004 2766 4059 Disticbon

1774 4100 1853 4139 est
1879 4087 2045 4139 Eveni
2068 4084 2170 4157 (cst
2195 4083 2410 4137 Jacobs.
2434 4083 2651 4137 Anthol.
2669 4082 2761 4135 vol.

1774 4167 1828 4231 1,
1867 4184 1990 4237 pag.
2023 4184 2114 4236 97,
2156 4179 2210 4218 et
2239 4163 2516 4218 Animadv.
2554 4177 2680 4217 tom.
2713 4162 2762 4226 1,
