3050 5004
1088 474 1599 542 CLAUDIUS.
2268 486 2383 563 ¹4¹

291 602 548 693 gremio
577 623 704 669 suo
725 616 954 669 natam
975 616 1178 694 atque
1203 600 1555 669 educatam
1578 632 1607 671 a
1636 602 2025 696 praedicare.
2052 606 2395 673 Asciturus

287 714 360 777 in
387 734 642 777 nomen
669 710 942 779 familia}¹
961 734 1104 778 suoe
1135 714 1474 779 Neronem
1493 764 1511 794 ,
1544 714 1737 807 quasi
1764 736 2009 806 pamm
2038 714 2400 808 reprohen-
2488 794 2499 818 ἱ

287 823 584 904 deretur,
609 822 797 918 quod
818 822 1047 891 adulto
1065 820 1208 915 jam
1233 822 1372 891 filio
1395 827 1781 919 privignum
1804 824 2183 920 adoptaret,
2212 825 2398 895 iden·-

289 931 498 1001 tidem
542 932 916 1025 divulgavit
929 984 946 1014 ‚
1003 962 1030 993 α
1055 936 1398 1003 neminem
1445 958 1749 1029 unquam
1792 958 1915 1029 per
1962 934 2395 1028 adoptionem

287 1041 558 1114 familiae
581 1045 880 1113 Claudiae
901 1048 1252 1113 insertum.
1279 1076 1308 1107 a

378 1162 517 1225 XL.
572 1154 912 1225 Sermonis
943 1182 1105 1226 vero
1142 1181 1508 1252 rerumque
1546 1174 1805 1226 tantam
1840 1182 2021 1253 saepe
2056 1158 2396 1252 negligen-

289 1269 446 1335 tiam
483 1266 808 1352 ostendit,
846 1284 924 1335 ut
957 1293 1084 1337 nec
1112 1273 1294 1363 quis¹
1321 1320 1340 1351 ‚
1369 1294 1498 1337 nec
1532 1273 1707 1338 inter
1738 1293 1941 1365 quos»,
1981 1295 2199 1365 quove
2226 1287 2394 1339 tem-

287 1402 452 1472 pore
478 1404 561 1447 ac
591 1378 742 1449 loco
769 1380 980 1449 verba
1007 1380 1259 1449 faceret
1272 1434 1289 1463 ,
1321 1384 1492 1449 scire
1523 1397 1643 1449 aut
1675 1372 1965 1473 cogitare
1994 1384 2397 1449 existimare-

286 1506 416 1559 tur.
458 1496 690 1577 Quum
728 1490 813 1560 de
850 1490 1044 1560 laniis
1082 1517 1162 1561 ac
1200 1495 1474 1560 vinariis
1509 1511 1849 1585 ageretur,
1890 1494 2287 1563 exclamavit
2321 1498 2394 1563 in

285 1603 518 1668 Ciu-ia:
569 1632 596 1662 α
619 1606 807 1694 Rogo
843 1626 967 1671 vos
987 1655 1004 1684 ,
1048 1606 1200 1698 quis
1236 1618 1460 1696 potest
1495 1606 1642 1671 sine
1679 1602 1890 1672 offula
1924 1606 2189 1671 vivere?
2212 1636 2239 1667 n
2284 1602 2398 1672 de·

287 1713 688 1807 scripsitque
710 1712 1193 1781 abundantiam
1221 1730 1527 1781 veterum
1548 1714 1983 1782 tabernarum
2002 1764 2021 1795 ‚
2044 1712 2229 1781 unde
2252 1712 2396 1781 soli·

285 1837 394 1889 tus
417 1838 598 1890 esset
617 1824 853 1890 vinum
877 1822 1040 1890 olim
1065 1826 1298 1916 etipse
1321 1840 1573 1915 petere.
1602 1828 1701 1891 De
1722 1828 2071 1909 Quaestore
2098 1821 2394 1917 quodam
2480 1916 2485 1919 -

287 1930 681 2001 candidato²
707 1935 886 2002 inter
911 1958 1150 2001 causas
1179 1934 1677 2026 suffragationis
1702 1958 1841 2002 suae
1866 1935 2119 2026 posuit,
2160 1963 2187 1993 α
2210 1933 2393 2028 quod

287 2060 476 2137 pater
511 2041 662 2138 ejus
693 2044 1006 2138 frigidam
1045 2070 1228 2137 aegro
1265 2046 1392 2113 sibi
1432 2048 1831 2139 tempestive
1866 2044 2181 2114 dedisset.
2210 2076 2239 2106 a·
2286 2051 2394 2115 In-

285 2152 486 2223 ducta
520 2171 691 2223 teste
718 2157 793 2224 in⁴
826 2158 1076 2224 Senatu
1096 2208 1113 2237 ,
1153 2187 1179 2217 α
1205 2161 1400 2239 Haec,
1423 2188 1450 2219 a
1489 2160 1745 2252 inquit,
1794 2188 1821 2219 α
1844 2160 2079 2225 matris
2116 2180 2289 2225 meae
2318 2157 2393 2225 li-

287 2265 474 2335 berta
496 2282 565 2335 et
583 2270 884 2335 ornatrix
905 2267 1067 2336 fuit:
1105 2265 1223 2335 sed
1247 2292 1358 2336 me
1381 2286 1747 2360 patronum
1772 2292 2039 2361 semper
2062 2271 2392 2337 existima·

283 2378 398 2443 vit.
445 2382 593 2446 Hoc
635 2376 786 2445 ideo
827 2376 998 2461 dixi,
1047 2375 1232 2473 quod
1273 2379 1551 2473 quidam
1598 2396 1758 2446 sunt
1802 2379 2026 2447 adhuc
2071 2382 2140 2445 in
2186 2378 2390 2446 domo

177 2482 180 2487 ¹
283 2513 463 2572 mea,
489 2493 607 2584 qui
625 2515 734 2558 me
758 2507 1120 2584 patronum
1143 2515 1282 2559 non
1307 2492 1586 2585 putant-⁷⁵
1605 2523 1633 2553 a
1659 2491 1787 2561 Sed
1807 2508 1874 2559 et
1889 2516 2014 2584 pro
2038 2491 2389 2573 tribunali,

281 2600 704 2668 Ostiensibus
725 2598 1044 2695 quiddam
1069 2583 1338 2696 publice
1363 2602 1711 2670 orantibus
1727 2653 1743 2682 ‚
1770 2626 1986 2696 quum
2010 2601 2394 2670 excanduis-

284 2725 424 2791 set,
465 2741 491 2770 a
515 2709 698 2778 Nihil
733 2711 982 2781 habere
1017 2737 1126 2798 se,
1155 2745 1182 2776 υ
1216 2713 1619 2782 vociferatus
1658 2729 1791 2794 est,
1840 2731 2099 2807 ‘equare
2136 2736 2251 2780 eos
2283 2712 2392 2781 de-

287 2841 668 2893 mereatur:
698 2827 755 2892 si
778 2849 984 2919 quem
1011 2823 1252 2909 alium,
1280 2840 1444 2893 etse
1465 2824 1756 2892 liberum
1780 2847 1927 2892 esse
1940 2821 1989 2890 4.
2019 2854 2045 2884 υ
2080 2829 2251 2892 Nam
2274 2822 2391 2892 illa

286 3082 385 3122 etc.
409 3071 469 3121 In
489 3066 574 3119 his
593 3065 806 3118 Claudii
828 3064 998 3118 verbis
1014 3103 1030 3132 ‚
1057 3066 1190 3117 utin
1212 3084 1292 3118 se·
1380 3064 1626 3118 Wolfius.
1676 3064 1923 3118 Bet-oaldi
1969 3067 2354 3118 correctionem
2370 3100 2389 3129 ‚

285 3147 600 3221 quemdum,
618 3147 846 3199 Neronis
861 3146 1142 3219 adoptioni
1161 3163 1292 3217 prae-

283 3230 482 3294 missis,
501 3229 793 3296 conspicua
807 3239 888 3277 est
899 3223 1124 3296 stupidae
1143 3243 1291 3276 men·

284 3311 346 3360 tis
373 3305 842 3360 inconsiderantia.
869 3307 1037 3373 Nam,
1071 3295 1190 3377 quae
1217 3304 1290 3358 ad

284 3385 709 3441 commendanda
745 3385 966 3439 consilia
1003 3403 1100 3438 sua
1137 3383 1288 3438 dice-

283 3467 373 3522 bat
389 3509 408 3536 ‚
441 3466 752 3522 dissuadere
790 3468 969 3539 potius
1007 3467 1288 3538 omittique

285 3567 345 3600 ea
365 3548 558 3620 jubere
585 3544 878 3599 debebant.

348 3627 457 3679 XL.
494 3644 541 3678 1.
585 3625 656 3678 Ut
689 3645 784 3678 nec
811 3625 954 3698 quis,
983 3637 1082 3676 etc.
1114 3621 1286 3675 Valde

280 3706 453 3779 placet
467 3709 776 3778 conjectura
791 3704 1004 3758 Mulieri
1023 3722 1116 3756 nec
1133 3722 1284 3775 quos,

279 3787 388 3840 scil.
399 3804 694 3850 sermones,
711 3799 770 3838 ut
783 3785 1045 3838 referatur
1059 3782 1128 3836 ad
1137 3783 1288 3836 Clau-

280 3865 443 3919 dium.
476 3865 774 3920 Confirmat
807 3883 922 3918 eam
962 3864 1122 3917 lectio
1151 3862 1285 3915 cod.

287 3965 310 3992 ε
327 3946 410 4000 vel
430 3949 570 3999 inter
591 3963 746 4019 quos.
770 3970 793 3995 ι

346 4040 398 4076 2.
433 4025 518 4076 De
546 4024 804 4094 Quoeston·
827 4023 1058 4096 quodam
1094 4021 1282 4074 candi-

279 4101 426 4166 datm
445 4102 564 4156 scil.
589 4117 827 4175 pratum
847 4101 929 4156 vei
949 4102 1083 4154 alius
1104 4120 1284 4154 mune-

281 4183 375 4250 ris,
395 4197 458 4236 ut
472 4195 618 4236 recte
640 4180 938 4235 defendunt
953 4179 1200 4238 Oudend.
1227 4194 1282 4233 et

1386 3166 1408 3191 α
1423 3146 1502 3196 De
1510 3155 1778 3217 quoesturoe
1789 3141 2025 3216 quodam
2037 3143 2343 3208 candidato,
2360 3167 2384 3191 ι

1379 3235 1502 3294 post
1525 3222 1659 3276 alios
1686 3222 1959 3294 adoptavit
1982 3223 2187 3273 Ernest.

1448 3305 1499 3358 3.
1528 3305 1629 3376 Qui
1646 3323 1730 3356 me
1744 3316 2031 3374 patronum
2054 3322 2159 3355 non
2174 3314 2384 3373 putant.

1375 3383 1633 3454 Indigitat
1656 3381 1875 3436 iibertos
1896 3401 2052 3442 suos3
2076 3383 2239 3452 igitur
2254 3383 2309 3432 in
2329 3400 2387 3434 re

1379 3477 1524 3516 certo
1559 3464 1821 3516 affirmata
1851 3460 1917 3514 de
1954 3463 2107 3513 certis
2144 3463 2386 3530 personis

1376 3546 1537 3597 unice
1558 3543 1701 3596 valet
1722 3541 2053 3594 indicativus,
2084 3537 2231 3592 Idem
2256 3537 2387 3592 dicit

1374 3623 1607 3676 wolfius
1622 3661 1639 3688 ‚
1684 3625 1774 3694 qui
1810 3640 1929 3674 voc.
1977 3620 2191 3692 quidam
2232 3633 2387 3689 urget

1375 3717 1564 3757 contra
1584 3705 1910 3767 Ernestium‚
1930 3701 2126 3772 regulis
2146 3719 2387 3753 nonnun-

1377 3803 1537 3858 quam
1544 3783 1849 3854 diiigentius
1858 3781 2214 3848 inhaerentem,
2228 3799 2385 3852 quam

1376 3867 1452 3916 rei
1475 3877 1691 3916 naturae.

1445 3945 1497 4012 4.
1534 3945 1596 3997 Si
1617 3961 1771 4016 quem
1800 3940 1995 4009 alium,
2019 3951 2073 3992 et
2093 3959 2145 3993 se
2164 3939 2381 3992 liberum

1373 4042 1489 4077 esse.
1513 4020 1891 4075 Confundebat
1920 4039 2021 4092 pro
2047 4019 2297 4072 tribunali
2319 4019 2384 4072 li-

1371 4103 1633 4156 bertatem
1650 4102 1881 4156 hominis
1906 4101 2127 4174 privati,
2149 4099 2384 4154 tribuen-

1373 4181 1428 4234 di
1449 4181 1531 4236 vel
1553 4179 1784 4253 negandi
1802 4177 2005 4252 aliquid
2020 4217 2037 4244 ‚
2063 4199 2186 4232 cum
2206 4178 2382 4250 digni·-
