3050 5004
624 490 751 579 196

1360 490 1432 551 C.
1488 488 1961 554 SUETONII

611 618 791 682 mine
832 614 1148 695 fuissent,
1184 636 1324 706 quo
1364 632 1590 680 essent
1625 612 1782 680 ullae
1816 612 2122 695 familiae,
2167 638 2336 707 quas
2369 620 2513 707 ipse
2549 638 2710 683 con-

610 706 936 818 tingeret:
964 724 1206 791 deinde
1222 776 1241 804 ,
1270 742 1346 794 ut
1372 729 1792 817 ingratorum
1814 728 1884 792 in
1909 727 2287 818 Principem
2305 729 2332 775 3
2357 744 2714 795 testamen·-

613 857 679 907 ta
703 837 793 905 ad
828 838 1067 904 fiscum
1100 839 1515 928 pertinerent
1543 864 1556 902 ε
1597 860 1676 904 ac
1697 888 1714 918 ,
1749 861 1835 903 ne
1863 839 2150 929 impune
2185 855 2365 905 esset
2391 836 2712 905 studiosis

608 948 861 1043 juris4,
906 951 1024 1042 qui
1060 949 1487 1040 scripsissent
1527 946 1634 1015 vel
1670 946 2036 1015 dictassent
2073 970 2190 1013 ea:
2231 964 2412 1029 tum,
2451 964 2528 1014 ut
2561 947 2712 1039 lege

616 1056 983 1152 majestatis
1026 1056 1199 1123 facta
1228 1056 1554 1155 ‘dictaque
1595 1058 1857 1138 omnia,
1901 1055 2148 1151 quibus
2197 1056 2401 1126 modo
2453 1056 2713 1125 delator

610 1194 748 1239 non
795 1168 1057 1236 deesset
1083 1219 1100 1250 ‚
1145 1183 1558 1235 tenerentur.
1605 1170 1967 1235 Revocavit
2004 1184 2072 1235 et
2119 1170 2396 1260 praemia
2436 1191 2712 1236 corona-

609 1304 764 1349 rum
781 1333 799 1364 ,
834 1304 986 1374 quae
1008 1278 1030 1317 ⁵
1068 1304 1373 1373 unquam
1400 1278 1530 1347 sibi
1565 1282 1634 1346 in
1667 1278 2146 1347 certaminibus
2179 1282 2476 1349 civitates
2514 1278 2707 1347 detu-

610 1509 686 1549 ter
708 1515 775 1549 se.
806 1495 884 1547 Cf.
910 1494 985 1548 ibi
1013 1508 1125 1547 not.
1152 1496 1426 1561 Ceterum,
1450 1515 1612 1569 quum

609 1576 779 1626 oratio
805 1574 879 1625 sic
904 1576 1064 1625 etiam
1100 1573 1290 1626 clauda
1320 1589 1534 1628 maneat
1562 1590 1614 1629 et

608 1651 857 1715 distorta,
882 1651 1041 1702 unice
1060 1649 1271 1722 placere
1292 1652 1422 1705 mibi
1442 1654 1614 1705 fateor

608 1732 1023 1796 correctionem,
1053 1748 1167 1801 quae
1194 1732 1249 1781 in
1276 1744 1505 1783 mentem
1528 1750 1613 1783 ve-

606 1823 756 1862 nerat
784 1812 959 1879 prius,
1000 1827 1157 1881 quam
1195 1810 1429 1880 Lipsium
1471 1830 1615 1863 eam-

605 1890 725 1941 dem
752 1887 1036 1959 protulisse
1072 1892 1444 1959 comperissem
1461 1927 1477 1954 ,
1504 1892 1613 1943 Co-

604 1969 721 2020 dice
750 1970 907 2019 etiam
935 1966 1199 2039 adjutam,
1232 1991 1254 2013 ι
1274 1968 1493 2020 dextans
1522 1989 1612 2022 co-

604 2062 833 2119 geretur,
866 2050 909 2099 si
936 2050 1100 2118 qui....
1138 2049 1375 2100 fuissent.
1401 2072 1423 2095 ι
1452 2049 1611 2101 Sedes

605 2130 745 2179 enim
768 2145 884 2177 voc.
914 2127 963 2177 ei
989 2128 1043 2176 in
1066 2124 1212 2177 libris
1236 2129 1309 2177 ita
1333 2141 1413 2179 est
1436 2128 1607 2190 varia,

604 2219 663 2257 ut
687 2217 855 2268 certe,
882 2222 1039 2274 quem
1062 2203 1241 2255 locum
1260 2208 1378 2274 jure
1403 2219 1609 2273 teneat,

602 2285 885 2337 decernere
900 2302 1160 2355 nequeas,
1182 2304 1271 2350 ac,
1292 2287 1335 2335 si
1348 2287 1612 2354 genuinus

606 2378 743 2417 essct
766 2362 895 2416 ordo
916 2364 1269 2437 coqereturei,
1293 2364 1409 2436 qui,
1436 2385 1532 2417 cur
1551 2386 1612 2417 ex

602 2448 643 2497 si
664 2458 840 2496 ortum
861 2458 997 2495 essct
1016 2481 1033 2510 ‚
1058 2463 1119 2496 ex
1140 2460 1395 2518 sequente
1418 2447 1507 2519 qui
1530 2447 1611 2497 fa-

602 2526 795 2577 cillime
826 2527 1117 2596 augureris.
1146 2525 1249 2577 Alii
1274 2528 1431 2578 etiam
1454 2525 1612 2578 dede·

606 2621 727 2656 runt
763 2607 839 2669 ei,
878 2606 920 2656 si
958 2607 1077 2674 qui,
1120 2605 1268 2676 quod
1301 2619 1610 2674 receperunt

604 2685 890 2752 Bipontini.
920 2683 1049 2748 Quae
1079 2685 1121 2734 si
1162 2684 1331 2734 minus
1362 2683 1608 2753 placent,

602 2762 801 2814 suadeo
816 2763 1275 2832 transpositionem
1286 2775 1608 2814 commatum

602 2837 771 2890 hane:
804 2860 825 2884 α
846 2851 907 2890 ut
936 2861 964 2890 e
984 2838 1296 2890 libertorum
1327 2837 1608 2892 defuncto-

604 2938 719 2969 rum
734 2918 911 2982 bonis,
927 2919 1017 2989 qui
1034 2921 1145 2969 sine
1162 2917 1426 2986 probabili
1448 2938 1604 2970 causa

602 3017 667 3048 eo
700 2998 910 3046 nomine
936 2995 1182 3058 fuissem,
1210 3013 1375 3064 quo...
1403 2999 1606 3047 contin-

601 3088 774 3144 geret,
798 3091 897 3144 pro
918 3075 1130 3124 semisse
1152 3071 1372 3124 dextans
1394 3076 1438 3123 ei
1460 3073 1534 3138 (h.
1557 3093 1605 3126 e.

602 3155 721 3226 sibi)
752 3167 1046 3224 cogeretur.
1072 3177 1092 3198 n
1123 3152 1399 3222 Reliquam
1430 3151 1608 3202 lectio·

600 3237 681 3286 nis
710 3233 1012 3284 varietatem
1042 3229 1161 3282 vide
1186 3229 1328 3301 apud
1352 3232 1527 3282 Burin.
1556 3244 1605 3281 et

600 3311 843 3366 Oudend.
862 3309 1022 3378 Quod
1042 3310 1107 3361 ad
1124 3330 1231 3362 rem
1250 3311 1451 3376 attinet,
1468 3310 1605 3376 vide,

602 3415 716 3466 qum
736 3393 803 3444 de
828 3391 981 3442 bonis
1010 3405 1062 3442 et
1086 3390 1425 3442 successione
1448 3389 1606 3442 libcr-

600 3489 773 3526 torum
788 3470 1155 3542 jurisconsulti
1177 3471 1241 3522 ad
1262 3471 1485 3521 institut.
1510 3471 1606 3534 111,

602 3557 633 3608 8
671 3555 949 3624 (lleinecc.
992 3551 1117 3600 Ant.
1160 3549 1309 3600 Rom.
1356 3562 1491 3618 part.
1537 3551 1604 3614 ll,

596 3653 717 3704 pag.
748 3633 879 3702 42),
910 3643 963 3682 et
992 3628 1059 3680 ad
1086 3632 1285 3698 Digest.
1310 3630 1602 3694 xxxvnl‚

602 3729 661 3776 2,
684 3727 792 3762 tum
812 3709 1015 3762 Fabric.
1038 3707 1105 3759 ad
1126 3709 1281 3758 Dion.
1304 3709 1395 3774 LI,
1425 3705 1486 3758 15
1511 3707 1600 3758 fin.

599 3806 649 3844 et
664 3794 976 3862 interpretes
990 3829 1005 3854 .,
1028 3791 1247 3840 maxime
1263 3789 1572 3840 Torrentius
1585 3827 1602 3848 .,

600 3871 669 3922 ad
705 3871 763 3934 h.
790 3869 825 3922 Ι.
856 3871 1112 3922 Nimirum
1132 3907 1147 3933 ‚
1186 3886 1349 3939 quum
1386 3866 1602 3920 liberto-

600 3971 741 4011 rum,
764 3949 955 4021 quibus
980 3947 1129 3999 liberi
1150 3965 1255 3998 non
1280 3960 1481 4012 essent,
1502 3947 1600 3999 he-

597 4029 793 4080 reditas
807 4047 868 4082 ex
892 4030 1103 4080 semisse
1118 4027 1408 4097 antiquitus
1424 4023 1491 4076 ad
1514 4045 1602 4096 pa·

596 4124 781 4161 tronus
824 4111 1107 4179 pertineret
1123 4145 1140 4172 ,
1182 4125 1289 4158 nnn
1331 4103 1491 4156 modo
1529 4105 1598 4156 ad

596 4187 895 4243 dextantem
921 4205 1037 4238 eam
1057 4185 1197 4236 Nero
1220 4181 1477 4248 extendit,
1502 4181 1595 4236 sed

1703 1495 2009 1550 hereditatis
2025 1497 2182 1549 etiam
2197 1497 2316 1565 jure
2331 1513 2438 1546 non
2455 1512 2580 1547 suos
2595 1512 2707 1545 mo-

1703 1575 1773 1628 do
1813 1574 2030 1629 libertos
2070 1574 2378 1646 complexus
2418 1588 2498 1626 est
2516 1612 2532 1640 ‚
2574 1572 2668 1625 sed
2686 1613 2705 1641 .,

1705 1656 2110 1728 quibuscunque
2125 1673 2320 1706 nomen
2333 1654 2442 1705 ulla
2458 1653 2522 1706 de
2543 1670 2704 1705 causa

1704 1750 1872 1800 esset,
1909 1754 2030 1787 cum
2063 1754 2160 1787 sua
2194 1748 2352 1803 gente
2391 1746 2704 1804 cognatum,

1701 1828 1761 1864 ut
1787 1814 1988 1865 Julium
2005 1852 2022 1879 ,
2051 1815 2358 1880 Octavium,
2393 1811 2705 1877 Claudium,

1701 1892 2020 1959 Antonium,
2045 1892 2365 1957 Domitium,
2389 1904 2491 1943 etc.

1771 1971 1823 2023 3.
1839 1972 2060 2038 Deinde,
2075 1982 2132 2021 ut
2145 1972 2232 2042 inq
2239 1981 2468 2022 ratorum
2483 1969 2539 2021 in
2551 1971 2704 2021 Prin-

1700 2052 1896 2120 cipem,
1921 2064 2024 2101 etc.
2053 2049 2238 2103 Deleta
2259 2049 2445 2101 volunt
2463 2048 2622 2101 verba
2647 2048 2704 2099 in

1705 2130 2021 2199 Principem..
2036 2128 2204 2199 quide
2217 2129 2406 2181 libertis
2416 2128 2705 2180 adhucdici

1702 2213 1999 2262 existimant
2011 2249 2026 2276 ‚
2046 2214 2100 2261 in
2117 2209 2198 2262 his
2214 2212 2502 2262 Ernestius.
2521 2208 2621 2263 Sed
2637 2208 2704 2263 de

1699 2291 1958 2361 quibusvis
1981 2289 2193 2362 ingratis
2220 2307 2421 2352 sermo,
2453 2290 2703 2352 maxime,

1705 2370 1792 2438 qui
1813 2368 2068 2438 Principis
2089 2384 2280 2417 nomen
2307 2366 2360 2416 in
2381 2365 2703 2416 testamentis

1701 2449 1813 2499 sine
1855 2446 2061 2498 honore.
2107 2446 2557 2516 praetermisissent
2595 2441 2698 2514 (cf.

1699 2531 1836 2598 Aug.
1865 2528 1969 2590 663
1997 2526 2162 2598 Calig.
2197 2525 2313 2594 38).
2343 2524 2484 2576 Alias
2517 2536 2704 2576 auctor

1701 2604 1780 2656 vel
1794 2607 2084 2676 repetiisset
2097 2623 2215 2656 voc.
2231 2604 2545 2670 libertorum,
2558 2602 2706 2674 quod.

1701 2684 1865 2737 Wolf.
1905 2698 2084 2735 monet
2103 2719 2119 2748 ‚
2157 2683 2238 2735 vel
2255 2721 2270 2748 ,
2312 2681 2458 2754 quod
2493 2683 2702 2751 gravius

1699 2777 1860 2832 puto,
1887 2783 1994 2815 non
2015 2763 2350 2834 disjunxisset
2369 2759 2474 2812 boc
2494 2779 2704 2812 comma

1699 2863 1728 2894 a
1749 2846 2037 2912 superiori,
2056 2846 2253 2894 inserto
2273 2842 2482 2906 deinde,
2501 2853 2585 2907 ut,
2607 2841 2702 2894 sed

1698 2923 2034 2990 perrexisset,
2053 2921 2376 2990 inqu-aeorum
2397 2928 2702 2968 testamenta

1695 2994 1962 3065 adfiscum
1983 2998 2318 3064 pertinerent.
2337 2992 2490 3046 Conf.
2507 2995 2662 3046 etiam
2678 3031 2697 3060 ,

1697 3095 1811 3146 quae
1837 3077 2102 3126 verissime
2125 3072 2356 3146 disputat
2379 3073 2631 3124 Bromius.

1767 3155 1816 3219 4.
1844 3153 2094 3206 Studiosis
2095 3155 2234 3225 juris
2245 3175 2265 3215 ,·
2282 3152 2694 3223 jurisconsultis.

1695 3233 1826 3284 Gen.
1851 3234 1974 3296 ΧΠ,
2007 3233 2094 3297 13,
2121 3255 2142 3278 κ
2161 3231 2269 3282 Cur
2288 3231 2390 3283 hoc
2411 3250 2494 3282 me
2513 3233 2696 3302 potius

1697 3331 1850 3380 rogas
1865 3351 1880 3376 ,
1911 3331 2068 3384 quam
2093 3330 2154 3364 ex
2178 3312 2288 3362 istis
2319 3309 2543 3382 aliquem
2563 3314 2680 3382 peri

1697 3393 1759 3443 tis
1771 3391 1888 3442 stud
1893 3391 2108 3462 iosisque
2109 3391 2273 3462 juris,
2295 3409 2428 3461 quos
2445 3389 2698 3445 adhibere

1695 3471 1749 3521 in
1789 3471 2066 3522 consilium
2099 3467 2394 3538 judicaturi
2430 3467 2644 3537 soletis,
2667 3495 2690 3518 ιι

1695 3549 1784 3602 ubi
1803 3548 1920 3600 vide
1937 3551 2150 3620 interpr.
2169 3547 2367 3600 ibidem
2383 3549 2566 3602 eadem
2579 3569 2696 3602 cor·

1695 3626 1902 3698 ruptela
1919 3647 2030 3679 voc.
2043 3629 2178 3698 juris
2197 3630 2250 3679 in
2273 3630 2419 3694 viris,
2443 3647 2556 3700 quae
2575 3627 2692 3681 loco

1691 3721 1894 3758 nostro.

1763 3787 1812 3838 5.
1839 3785 2174 3839 Revocavit...
2195 3803 2340 3858 quoe,
2365 3800 2463 3838 etc.
2491 3788 2542 3839 Si
2567 3805 2692 3838 sana

1691 3865 1800 3917 haec
1817 3880 1893 3916 cst
1909 3864 2094 3928 lectio,
2115 3867 2391 3918 Revocavit
2407 3864 2694 3918 nihilaliud

1691 3965 1804 3996 esse
1825 3959 2024 4016 potest,
2050 3966 2206 4018 quam
2237 3969 2258 3992 a
2281 3946 2457 4006 denuo
2479 3946 2607 3998 solvi
2629 3948 2694 3998 si·

1689 4025 1742 4075 bi
1769 4027 1927 4096 jussit
1945 4049 1966 4072 n
1998 4027 2208 4096 proemia
2237 4045 2357 4076 cum
2383 4024 2566 4078 delatis
2597 4043 2690 4076 co-

1691 4106 1831 4166 ronis
1857 4123 1886 4154 a
1912 4105 2210 4156 civitatibus
2241 4103 2364 4154 olim
2393 4102 2600 4169 oblata,
2629 4117 2688 4154 ut

1689 4183 1796 4234 fere
1828 4183 2076 4252 conjicias
2101 4182 2403 4234 Renovavit.
2437 4180 2540 4232 Sed
2561 4199 2686 4250 pro-
