3050 5004
637 449 762 529 144
1381 447 1453 508 c.
1505 446 1973 511 SUETONn

625 573 924 645 Multum
959 595 1120 641 vero
1157 594 1282 664 pro
1318 570 1638 639 tribunali
1673 574 1877 641 etiam
1916 578 2288 643 Homericis
2325 574 2591 644 locutus
2626 593 2732 645 est

626 685 954 754 versibus,
987 686 1264 770 Quoties
1297 682 1573 777 quidem
1605 682 1871 753 hostem
1906 684 2017 754 vel
2048 668 2509 755 insidiatorem
2546 687 2727 757 ultus

626 814 838 881 esset,
884 797 1252 865 excubitori
1291 794 1638 864 Tribuno³
1659 849 1675 880 ,
1718 801 1987 891 signum
2024 795 2111 866 de
2150 822 2341 867 more
2382 804 2684 893 poscenti
2707 853 2726 882 ‚

625 932 768 978 non
813 925 1066 977 temere
1111 907 1297 977 aliud
1339 905 1529 975 dedit
1546 960 1563 990 ,
1606 931 1811 1002 quam

893 1012 1083 1109 ’Avd‘p’
1113 1030 1469 1105 ἑπεψύνασθαι
1487 1068 1504 1103 ,
1546 1026 1629 1087 ὅτε
1664 1050 1742 1095 τις
1774 1030 2010 1109 πρότερος
2039 1032 2329 1107 χαλεπήνῃ.

573 1122 580 1129 ’
625 1138 934 1229 Denique
959 1152 1028 1203 et
1047 1138 1315 1203 Graeoas
1339 1136 1607 1227 scripsit
1626 1132 1969 1219 historiae,
1996 1145 2313 1223 Τυρῥηνικῶν
2337 1140 2458 1205 XX
2473 1184 2493 1217 ,
2514 1154 2727 1225 καρχη-

623 1253 874 1311 δονιακῶν
897 1248 1080 1313 VIII.
1121 1250 1427 1331 Quarum
1460 1269 1665 1313 causa
1686 1248 1893 1315 veteri
1924 1245 2343 1314 Alexandriae
2374 1253 2611 1318 Museo
2636 1250 2731 1320 al-

627 1376 848 1427 terum
867 1357 1174 1427 additum
1193 1381 1276 1425 ex
1293 1358 1504 1449 ipsius
1523 1358 1800 1424 nomine
1820 1382 1837 1441 ;
1864 1358 2381 1451 institutumque
2398 1409 2417 1440 ‚
2444 1375 2522 1426 ut
2542 1378 2729 1456 quot-

623 1471 821 1538 annis
845 1472 918 1537 in
941 1466 1152 1537 altero
1175 1474 1494 1553 Τυρῥηνικῶν
1525 1465 1715 1549 libri,
1752 1469 1825 1533 in
1856 1454 2067 1534 al'tero
2098 1474 2559 1555 Καρχηδονιακῶν,
2590 1469 2727 1538 die-

623 1580 752 1649 bus
773 1584 1066 1664 statutis,
1085 1580 1274 1649 velut
1295 1583 1365 1648 in
1389 1577 1723 1647 auditorio
1736 1632 1753 1663 ‚
1774 1582 2215 1647 recitarentur
2237 1585 2358 1649 toti
2380 1607 2419 1649 a
2444 1582 2727 1675 sing-ulis

625 1714 748 1785 per
766 1692 968 1759 vices.

715 1805 958 1870 XLIII.
1017 1800 1154 1871 Sub
1187 1803 1370 1869 exitu
1402 1804 1590 1884 vitae,
1624 1802 1816 1893 signa
1848 1799 2157 1895 quaedam
2180 1853 2197 1884 ,
2234 1824 2365 1870 nec
2398 1802 2724 1886 obscura,

623 1913 1010 2003 poenitentis
1047 1925 1116 1978 et
1145 1909 1230 1978 de
1268 1912 1696 1978 matrimonio
1729 1912 2146 2003 Agrippinae,
2183 1910 2405 2006 deque
2440 1917 2725 1982 Neronis

521 2102 526 2115 Ι
594 2012 1014 2115 adoptione,
1039 2021 1337 2089 dederat.
1362 2032 1376 2059 ¹
1419 2017 1761 2115 Siquidem
1781 2073 1798 2102 ‚
1824 2023 2507 2091 commemorantibus
2530 2024 2725 2092 liber-

621 2136 709 2202 tis
732 2184 751 2215 ,
801 2156 882 2201 ac
921 2130 1356 2201 laudantibus
1397 2134 1887 2226 cognitionem,
1938 2156 2077 2227 qua
2118 2133 2333 2227 pridie
2380 2134 2723 2229 quandam

621 2243 933 2311 adulterii
982 2268 1170 2312 ream
1217 2244 1787 2313 condemnaverat
1808 2296 1827 2325 ,
1894 2273 1922 2304 ι
1945 2244 2073 2311 sibi
2126 2268 2399 2339 quoque
2444 2246 2517 2313 in
2568 2246 2723 2315 fatis

623 2372 842 2437 esse²‚
867 2388 894 2419 υ
943 2354 1252 2450 jactavit,
1308 2389 1336 2418 α
1359 2361 1586 2425 omnia
1620 2356 1997 2450 impudica,
2040 2355 2161 2424 sed
2202 2380 2341 2424 non
2388 2359 2723 2450 impunita

621 2470 1066 2539 matrimonia.
1097 2500 1125 2532 so
1159 2472 1243 2536 Et
1255 2465 1544 2537 subinde
1572 2467 1847 2536 obvium
1872 2467 2000 2537 sibi
2024 2467 2483 2536 Britannicum
2508 2468 2721 2538 artius

621 2581 1053 2677 complexus-⁹·
1078 2637 1096 2668 ,
1143 2583 1449 2652 hortatus
1487 2597 1591 2650 est
1608 2633 1625 2664 ,
1671 2611 1699 2642 α
1720 2598 1799 2649 ut
1835 2597 2167 2650 cresceret
2188 2633 2207 2664 ,
2254 2584 2721 2677 rationemque

618 2821 806 2871 Latine
829 2838 1085 2892 responsa
1110 2819 1238 2873 dare
1259 2823 1450 2874 veteris
1477 2821 1627 2873 insti·
1716 2819 1789 2860 ses
1812 2833 1935 2877 yma,
1960 2819 2163 2875 longtems
2187 2816 2356 2867 fex-mes,
2378 2818 2621 2860 couvi-irent
2636 2818 2661 2858 ὖ
2682 2816 2721 2858 ¹⁸

617 2899 720 2949 tuti
743 2899 918 2951 fuerit.
1850 2879 1927 2920 fln-

689 2978 742 3030 3.
765 2977 1068 3030 Excubi‘tort'
1087 2977 1350 3041 Tribuu03
1375 2981 1466 3052 qui
1493 2998 1625 3051 pra-.-

619 3067 733 3108 erat
769 3054 978 3114 cohorti
1015 3056 1264 3110 excubias
1302 3059 1499 3128 agenti.
1538 3057 1619 3112 cf.

616 3137 720 3189 Dio
735 3173 752 3202 ,
777 3137 899 3203 LX,
930 3137 1024 3204 16,
1047 3137 1482 3211 post'descriptas
1502 3157 1623 3191 cru-

617 3215 760 3269 deles
773 3215 840 3268 de
851 3215 1060 3268 Camilli
1071 3219 1467 3289 conspiratione
1483 3237 1625 3290 quae-

617 3297 833 3348 stiones.
859 3299 1058 3348 Versus
1086 3311 1266 3348 autem
1299 3315 1360 3350 ex
1389 3299 1623 3349 Homero

616 3373 889 3429 desumtus
907 3414 923 3442 ,
964 3375 1155 3448 Odyss.
1201 3397 1273 3444 π,
1319 3393 1383 3447 72
1401 3415 1418 3442 ,
1461 3391 1514 3428 et
1552 3395 1621 3443 φ,

622 3456 718 3509 133
733 3495 749 3522 ,
774 3475 836 3508 ex
857 3453 1052 3527 quibus
1072 3456 1234 3524 loeis,
1259 3469 1320 3508 ut
1339 3475 1400 3508 ex
1420 3457 1621 3524 Dione,

615 3532 876 3587 edidimus
910 3533 1156 3604 χαλεπήνῃ
1193 3554 1294 3607 pro
1333 3536 1618 3604 χιλιπαιίνι).

614 3613 858 3687 Namque
877 3613 1010 3666 illud
1027 3614 1324 3687 significant
1339 3613 1504 3667 codd.
1528 3616 1620 3687 qui

613 3695 774 3746 mixta
815 3695 986 3746 forma
1027 3693 1157 3747 daut
1196 3695 1509 3764 xnnaenm‘ry.
1548 3723 1622 3735 --

611 3771 850 3847 Siquam.
873 3775 1010 3828 Vide
1032 3775 1197 3848 Calig.
1225 3775 1312 3829 56.

682 3853 860 3906 XLIII.
898 3871 941 3907 1.
980 3856 1084 3908 Sub
1109 3855 1254 3908 exitu
1287 3859 1433 3924 viter,
1468 3857 1619 3929 siqua

611 3933 853 4004 quoedam
860 3973 987 3986 .....
1023 3935 1246 3993 dederat.
1285 3937 1442 3989 Conf.
1477 3938 1616 4004 Dio,

611 4010 734 4078 LX,
768 4013 856 4079 34.
885 4015 1180 4088 Agrippina
1207 4015 1354 4088 apud
1382 4017 1614 4086 liscum,

611 4089 971 4160 Britannicus,
997 4105 1102 4146 aet.
1123 4095 1211 4161 IV,
1236 4111 1312 4148 sc.
1340 4109 1402 4145 a:

612 4175 852 4234 capena-nt
865 4177 1058 4228 claudias
1070 4179 1260 4236 penebait
1273 4193 1365 4222 ven
1377 4193 1451 4222 son
1465 4177 1613 4223 declin.

1712 2939 1746 2982 Il
1760 2908 2002 2983 connutsou
2019 2955 2173 2984 eroeur.
2188 2941 2352 2997 Occupd
2365 2937 2417 2981 de
2430 2955 2471 2982 sa
2486 2939 2664 2990 enimc,

1710 3001 1743 3044 11
1758 3001 1875 3046 inim
1886 3019 1991 3060 pour
2000 3019 2073 3046 son
2085 3003 2147 3046 fils
2155 3003 2355 3060 echupper
2364 3002 2537 3060 quelque
2548 3003 2718 3059 pluium,

1710 3065 1761 3106 Et
1770 3065 1914 3108 voulut
1924 3098 1936 3119 ,
1954 3068 2057 3110 niain
2072 3077 2164 3123 trop
2176 3065 2265 3108 tard
2278 3097 2289 3116 ,
2299 3063 2592 3108 assemblerses
2601 3065 2717 3108 amis:

1712 3127 1785 3169 ses
1798 3127 1961 3184 gardes,
1987 3144 2061 3172 son
2084 3129 2233 3186 paleis,
2255 3142 2329 3170 son
2344 3129 2395 3171 lit
2405 3127 2613 3170 m'etaient
2626 3141 2718 3171 nou—

1842 3205 1937 3234 miso

1784 3295 1832 3330 2.
1870 3279 1982 3332 Sibi
2002 3297 2208 3351 quoque
2228 3278 2283 3329 in
2298 3278 2435 3349 fatis
2461 3295 2587 3344 esse,
2614 3293 2715 3332 etc.

1710 3359 1881 3410 Tacit.
1918 3357 2111 3410 Annal.
2154 3357 2289 3422 ΧΠ,
2326 3356 2431 3422 64:
2478 3356 2624 3409 «Sed
2662 3359 2719 3410 in

1710 3439 1980 3509 praecipuo
2017 3455 2219 3508 pavore
2258 3435 2586 3507 Agrippina,
2622 3454 2719 3488 vo-

1710 3533 1828 3566 cem
1852 3512 2083 3578 Claudii,
2106 3533 2267 3584 quam
2294 3513 2619 3566 temulentus
2630 3515 2717 3584 je-

1711 3605 1884 3658 cerat,
1894 3591 2075 3662 fatale
2093 3593 2189 3645 sibi
2199 3631 2215 3657 ,
2240 3603 2299 3644 ut
2314 3594 2719 3670 conjuqumfla-

1703 3673 2038 3746 qt‘u'aferret,
2060 3673 2179 3726 dein
2190 3675 2432 3746 puniret,
2454 3685 2717 3742 metuens,

1708 3771 1865 3824 agere
1898 3765 1952 3804 et
1986 3750 2219 3805 celerare
2255 3753 2467 3816 statuit,
2506 3750 2716 3822 perdita

1706 3833 1855 3904 prius
1883 3834 2115 3885 Domitia
2144 3824 2364 3903 Lepida.
2386 3854 2407 3878 ι

1774 3929 1825 3980 3.
1872 3929 1945 3980 Et
1976 3929 2247 3982 subinde...
2287 3929 2713 3981 Britannicum...

1703 4007 2033 4080 complexus,
2076 4021 2178 4060 etc.
2218 4009 2389 4060 Tacit.
2438 4027 2557 4079 cap.
2604 4005 2675 4060 65
2699 4028 2713 4058 ε

1708 4109 1733 4132 α
1752 4087 1875 4138 Haec
1916 4099 2075 4160 atque
2111 4086 2240 4140 talia
2278 4085 2567 4154 dictitans,
2600 4101 2714 4143 am-

1702 4165 1865 4236 plecti
1906 4167 2301 4230 Britanuicum;
2340 4165 2509 4218 robur
2546 4167 2713 4218 (etatis
