3050 5004
670 496 805 566 286

1420 498 1493 560 C.
1547 493 2016 563 SUETONII

664 624 904 693 eadem
946 623 1168 692 officia
1206 624 1570 691 revocavit.
1611 626 1750 690 Nec
1791 625 2172 718 quicquam,
2193 627 2385 717 prius
2425 647 2554 718 pro
2589 643 2772 720 pote

663 749 837 803 state
872 733 1305 826 subscripsit,
1346 755 1556 827 quam
1585 733 2014 827 quingenties
2051 737 2437 803 sestertium
2471 737 2560 805 ad
2579 761 2768 830 pera-

662 845 953 938 gendam
974 845 1004 892 ⁶
1028 851 1321 914 Auream
1341 843 1649 912 domum.
1685 847 1946 914 Dicitur
1977 869 2058 913 ea
2087 863 2288 914 nocte
2318 871 2444 941 per
2469 853 2767 942 quietem

658 957 1054 1050 pavefactus
1076 959 1365 1049 gemitus
1388 961 1720 1026 maximos
1739 955 2031 1027 edidisse
2055 985 2070 1026 ε
2097 975 2543 1054 repertusque
2559 985 2600 1029 a
2617 985 2767 1030 oon·
2793 1049 2803 1062 ἱ

658 1067 1093 1138 cursantibus
1118 1069 1311 1136 humi
1332 1083 1489 1137 ante
1512 1067 1768 1136 lectum
1789 1066 2056 1161 jacens,
2081 1094 2206 1164 per
2225 1074 2454 1142 omnia
2479 1073 2766 1166 piaculo-

657 1199 814 1246 rum
838 1201 1086 1272 genera
1109 1199 1347 1246 manes
1368 1177 1634 1260 Galbae,
1659 1199 1702 1244 a
1722 1201 1861 1271 quo
1895 1177 2242 1248 deturbari
2273 1179 2656 1276 expellique
2689 1205 2764 1250 se

654 1289 919 1358 viderat
935 1342 954 1373 ,
990 1291 1363 1383 propitiare
1398 1303 1736 1357 tentasse:
1775 1288 2106 1382 postridie
2139 1311 2414 1390 quoque
2451 1295 2523 1359 in
2553 1314 2764 1385 augu-

656 1401 873 1469 rando
912 1413 1315 1494 tempestate
1354 1415 1503 1467 orta
1540 1401 1834 1492 graviter
1873 1398 2268 1493 prolapsum
2284 1416 2312 1464 7
2332 1453 2349 1484 ,
2393 1401 2760 1470 identidem

660 1513 1216 1583 obmurmurasse
1238 1539 1251 1576 :

1170 1685 1236 1738 Τί
1256 1685 1351 1760 γάρ
1371 1705 1461 1760 μοι
1500 1685 1586 1739 καὶ
1605 1687 1813 1762 μακροῖς
1832 1677 2068 1756 anhlote&

746 1852 930 1918 vm.
981 1847 1119 1918 Sub
1155 1845 1338 1918 idem
1369 1875 1533 1920 vero
1565 1867 1870 1944 tempuS,
1893 1851 2394 1918 Germaniciani
2425 1853 2756 1920 exercitus

654 1963 727 2029 in
749 1959 1003 2028 Vitellii
1024 1960 1229 2029 verba
1251 1958 1568 2054 jurarant
1585 1977 1630 2027 ¹.
1665 1960 1867 2048 Quod
1889 1977 1969 2028 ut
1999 1965 2360 2053 comperit,
2397 1977 2634 2030 auctor
2655 1964 2760 2031 Se-

718 2218 777 2272 6.
813 2217 901 2270 Aa
914 2218 1282 2292 pemqendam.
1304 2217 1387 2270 Al.
1411 2235 1660 2293 per-oyen«-

650 2298 806 2363 dmn,
832 2309 897 2350 ut
922 2296 1077 2350 Galb.
1114 2299 1176 2351 18
1200 2296 1447 2352 nonnulli
1472 2299 1546 2350 ad
1573 2315 1660 2351 or-

650 2377 887 2431 nandum
912 2376 1195 2449 fortianum
1226 2395 1403 2445 suam,
1446 2377 1515 2431 de
1549 2395 1657 2450 quo

648 2477 753 2513 usu
782 2456 1025 2531 gerundii
1049 2475 1176 2513 cum
1208 2459 1511 2511 accusativo
1536 2456 1657 2511 vide

647 2541 963 2609 Heusinger.
992 2534 1060 2589 ad
1078 2537 1189 2590 Cic.
1215 2533 1283 2590 de
1307 2536 1466 2589 Offie.
1491 2538 1544 2601 1,
1567 2538 1657 2603 31,

648 2634 717 2686 7,
744 2630 799 2669 et
824 2618 921 2682 m,
952 2614 1013 2682 5,
1052 2614 1148 2679 13,
1177 2626 1229 2666 et
1258 2632 1393 2687 quos
1422 2613 1509 2666 ille
1539 2611 1657 2666 lau-

646 2694 821 2760 davit3
840 2696 1048 2747 Manut.
1074 2692 1145 2744 ad
1161 2695 1276 2747 Cat.
1298 2696 1423 2764 maj.
1444 2712 1566 2767 cap.
1592 2710 1656 2757 23

644 2776 879 2826 Perizon.
907 2770 976 2824 ad
1002 2770 1179 2824 sanct.
1204 2774 1253 2839 1,
1284 2772 1378 2840 15,
1404 2789 1450 2824 1.

718 2868 771 2923 7.
802 2848 1137 2921 Pmlapsum.
1166 2848 1502 2921 Negligentia
1529 2851 1657 2903 scri·

643 2933 815 3003 ptoris
844 2926 1114 2993 notanda,
1148 2946 1261 2980 non
1300 2927 1565 2981 mutanda
1599 2931 1658 2982 in

640 3006 911 3079 prolapsus
928 3005 1000 3057 ob
1018 3004 1319 3076 precedens
1330 3006 1654 3079 pavefactus,

643 3098 831 3141 contra
846 3083 992 3138 MSS.
1011 3098 1065 3137 et
1077 3084 1199 3137 edd.
1216 3104 1419 3138 omnes.
1436 3086 1518 3138 lta
1532 3104 1652 3159 cap.

648 3184 742 3233 12,
757 3164 929 3239 finisse
955 3164 1183 3217 traditur
1182 3201 1312 3217 .....
1335 3174 1650 3218 consuetum.

640 3246 855 3301 Scilicet
874 3244 1087 3315 longior
1112 3244 1366 3316 periodus
1394 3246 1551 3311 fecit,
1591 3258 1652 3297 ut

640 3330 726 3383 sui
769 3328 1048 3379 immemor
1094 3324 1267 3378 finiret
1312 3343 1429 3377 eam
1446 3362 1465 3391 ,
1510 3336 1572 3377 ut
1607 3328 1654 3379 si

640 3426 675 3462 a
712 3406 955 3460 Tradunt
986 3404 1070 3459 vel
1102 3406 1305 3458 Dicunt
1338 3406 1648 3476 incepisset,

639 3502 963 3561 quamquam
986 3498 1041 3538 et
1058 3485 1275 3554 dicitur,
1300 3484 1545 3554 tradimr,
1567 3486 1649 3538 vi·-

636 3570 811 3635 detur,
838 3580 940 3619 etc.
963 3566 1249 3639 sepissime
1268 3566 1509 3619 absolute
1521 3585 1650 3638 pre·

633 3665 786 3720 ponu
792 3658 933 3713 ntur,
944 3659 1199 3718 sequente
1210 3646 1511 3699 accusativo
1524 3662 1648 3697 cum

632 3728 927 3801 infinitivo,
946 3742 1096 3778 more
1110 3726 1322 3791 Graeco,
1336 3723 1403 3777 de
1420 3744 1529 3798 quo
1543 3744 1646 3778 usu

632 3804 753 3860 vide
774 3805 973 3859 Duker.
1004 3804 1074 3858 ad
1106 3803 1246 3857 Flor.
1271 3806 1344 3871 11,
1370 3802 1433 3869 6,
1463 3804 1563 3872 45,
1594 3816 1646 3857 et

630 3882 1337 3955 Ην.Ν,4ι,7.Ρ11111111ἰ1
1357 3882 1610 3955 exemplis
1625 3920 1643 3950 ,

634 3966 705 4018 ab
720 3984 786 4019 eo
802 3964 1009 4018 collatis
1023 4005 1042 4034 .,
1062 3962 1201 4017 addo
1214 3964 1385 4016 Tacit.
1402 3964 1536 4015 Hist.
1550 3964 1640 4028 IV,

634 4044 701 4098 52
716 4084 733 4113 ‚
759 4066 781 4093 ι
804 4046 1045 4097 Titum...
1068 4044 1238 4096 multo
1264 4040 1408 4113 apud
1430 4054 1640 4113 patrem

636 4140 878 4178 sermone
892 4140 1058 4177 orasse
1076 4122 1385 4174 dicebatur.»
1408 4121 1642 4173 variavit

636 4206 795 4277 igitur
807 4205 931 4258 loco
944 4214 1129 4257 nostro
1144 4214 1332 4255 auctor
1341 4202 1639 4255 orationem

1745 2215 1952 2290 duplici
1987 2221 2384 2272 construetione
2397 2255 2417 2285 ,
2461 2219 2612 2290 quod
2645 2237 2756 2272 non

1745 2297 1946 2350 Latina
1981 2297 2251 2372 elegantia
2287 2311 2395 2365 est,
2432 2298 2530 2351 sed
2559 2300 2756 2352 Graecae

1747 2375 2008 2444 ἀφελείαις
2043 2379 2188 2430 conf.
2218 2376 2401 2444 Plato,
2437 2377 2650 2438 Charin.
2677 2380 2754 2432 in.

1746 2469 1802 2511 et
1838 2457 2072 2512 Matthiae
2111 2456 2202 2510 Gr.
2241 2457 2335 2511 Gr.
2373 2457 2402 2531 §
2443 2459 2550 2515 536
2569 2498 2588 2528 ,
2629 2479 2750 2534 pag.

1749 2554 1850 2610 77²
1879 2556 1991 2610 ’θῖ-

1819 2619 1869 2671 8.
1907 2614 2100 2687 Μαροῖ
2093 2638 2113 2673 ς
2135 2614 2282 2669 was?
2257 2638 2330 2683 οὓς
2307 2617 2513 2671 Conf.
2547 2618 2751 2691 Xiphil.

1744 2698 1934 2761 LXIV,
1973 2712 2032 2764 7,
2063 2698 2154 2769 qui
2179 2697 2343 2750 verba
2365 2696 2562 2767 reddit,
2583 2700 2643 2749 'ra'
2623 2718 2750 2767 ayq

1738 2793 1804 2841 μ·
1821 2774 1913 2825 m·
1897 2774 2118 2843 σμικροῖς
2139 2773 2306 2831 abaci&
2323 2772 2468 2826 ιᾶλσῒ
2442 2796 2516 2843 avg
2545 2795 2612 2829 ac
2635 2794 2754 2847 pro-

1744 2854 1988 2907 verbium
2011 2854 2115 2908 de'
2099 2856 2166 2909 tis
2187 2872 2304 2908 esse
2325 2854 2488 2923 dicit,
2513 2858 2606 2929 qui
2621 2856 2750 2928 qnid

1743 2934 2043 2987 sibiinutile
2057 2935 2290 2987 faciunt·
2277 2974 2291 2989 .
2313 2936 2381 2989 ad
2396 2954 2556 3009 quem
2570 2934 2750 2989 locum

1743 3015 2018 3069 Reimarus
2041 3013 2342 3067 Cedrenuin
2363 3030 2656 3088 comparat,
2677 3016 2752 3067 di-

1741 3110 1895 3145 versa
1919 3105 1972 3145 et
1997 3110 2217 3165 prorsus
2251 3094 2386 3146 falsa
2412 3107 2718 3148 narrantem
2732 3131 2750 3160 ,

1741 3170 1837 3224 sed
1881 3171 2071 3224 eodem
2115 3172 2380 3226 versiculo
2421 3176 2495 3225 ita
2531 3172 2716 3225 addito
2731 3194 2746 3224 t

1739 3249 1801 3301 τί
1811 3246 1908 3320 γιῖρ
1923 3270 1988 3315 με
2013 3248 2103 3301 ἔθει
2118 3251 2314 3321 μακροῖς
2337 3252 2500 3309 αὐλοῖς»
2520 3252 2650 3321 ,ἔδυν
2668 3253 2746 3305 nai

1741 3329 1914 3382 ιιῦλῶ.
1932 3330 2056 3381 Non
2071 3332 2746 3403 memineruntinterpretes

1737 3406 1846 3460 loci
1855 3407 2096 3480 paralleli
2110 3409 2275 3461 Cicer.
2295 3408 2632 3475 adAttic.11,
2655 3410 2718 3464 16
2731 3452 2742 3462 .

1741 3510 1766 3535 ιι
1781 3488 1976 3542 Cneius
1991 3486 2208 3560 quidem
2221 3502 2424 3557 noster,
2436 3492 2551 3561 Jam
2567 3490 2744 3562 plane,

1737 3567 1865 3640 quid
1901 3568 2127 3639 cogitet,
2161 3569 2361 3621 nescio.
2392 3568 2528 3637 0003
2563 3566 2658 3639 γὴ
2689 3568 2742 3622 ου’

1735 3642 1986 3713 σμικροῖσιν
2013 3642 2253 3701 αὐλίσκοις
2275 3644 2342 3698 ἔτι
2357 3684 2374 3707 ,
2404 3644 2529 3697 'm’
2557 3648 2745 3717 ἠρία

1734 3721 1934 3791 enimet
1951 3724 2162 3791 φορβιίιιο
2176 3726 2285 3795 inp
2297 3744 2342 3776 ἰι
2365 3726 2462 3779 nbi
2477 3728 2594 3781 vide
2607 3730 2746 3782 Gras-

1734 3806 1892 3857 vium.
1931 3806 2182 3860 versatus
2213 3820 2296 3859 est
2327 3808 2492 3860 nimio
2523 3810 2640 3862 fere
2671 3810 2742 3861 la-

1733 3884 1865 3940 bore
1892 3888 1948 3939 in
1975 3904 2146 3958 prona
2179 3888 2445 3961 proverbii
2475 3891 2742 3964 interpre-

1729 3969 1933 4021 tatione
1957 3968 2190 4022 Turneb.
2229 3969 2449 4023 Advers.
2481 3972 2558 4037 V,
2601 3990 2620 4025 1
2639 4012 2656 4039 ,
2689 3986 2742 4025 et

1728 4045 1905 4113 XVII,
1942 4064 2023 4099 20.
2057 4047 2402 4120 corruptelas
2433 4053 2602 4103 nostri
2637 4052 2738 4103 loci

1727 4122 1858 4176 nihil
1885 4143 2080 4179 moror.

1799 4204 1936 4256 vm.
1961 4222 1978 4255 1
1991 4242 2004 4255 .
2021 4204 2090 4256 In
2104 4200 2312 4259 Vitellii
2321 4204 2734 4275 verbajurarant.
