3050 5004
691 514 825 597 340
1406 518 1518 580 c,
1567 514 2033 582 SUEToMl

682 671 919 739 pressa
948 674 1057 717 res
1082 668 1183 717 est
1202 702 1219 731 ,
1244 647 1570 714 revocatis
1593 644 1681 711 ad
1699 644 2000 711 officium
2035 647 2378 714 numm-ish
2399 672 2786 743 parumper.

680 762 993 826 Ceterum
1008 808 1027 841 ,
1044 757 1389 851 divulgato
1408 756 1611 836 facte,
1631 754 1943 821 Tiberius
1965 754 2344 824 Alexander
2359 760 2410 838 ⁵,
2429 761 2788 827 Praefectus

684 873 981 963 AEgypti,
1019 873 1281 963 primus
1318 870 1389 934 in
1423 866 1630 934 verba
1663 868 2056 958 Vespasiani
2087 866 2386 959 legiones
2413 868 2639 962 adegit
2666 878 2791 939 Ka·-

678 978 895 1048 lendis
921 986 959 1049 J
964 979 1117 1049 uliis
1139 1008 1154 1048 :
1176 982 1291 1074 qui
1316 979 1736 1071 principatus
1757 976 1902 1044 dies
1923 980 1996 1044 in
2019 993 2368 1071 posterum
2389 980 2787 1049 observatus

676 1105 799 1156 est.
841 1088 1162 1157 Judaicus
1206 1088 1452 1157 deinde
1498 1088 1832 1153 exercitus
1872 1088 2110 1179 quinto
2147 1085 2310 1154 ldus
2347 1087 2560 1156 Julias
2599 1092 2786 1182 apud

672 1200 899 1292 ipsum
931 1198 1250 1293 juravitfi.
1294 1197 1672 1265 Plurimum
1721 1200 1954 1288 ooeptis
1994 1194 2428 1265 contulerunt
2454 1196 2784 1290 jactatum

668 1311 1019 1404 exemplar
1056 1310 1355 1405 epistolae
1376 1363 1392 1392 ‚
1420 1331 1633 1390 verte,
1673 1310 1812 1376 sive
1852 1307 2038 1376 falsae
2060 1362 2076 1391 ‚
2115 1308 2460 1378 defuncti⁷
2494 1311 2782 1381 Othonis

666 1419 754 1488 ad
774 1424 1266 1514 Vespasianum
1281 1472 1297 1501 ,
1321 1434 1620 1486 extrema
1639 1414 2082 1484 obtestatione
2101 1415 2428 1487 ultionem
2453 1420 2779 1491 mandan-

668 1534 784 1615 tis,
816 1547 912 1613 et,
943 1550 1021 1600 ut
1046 1532 1456 1625 Reipublicae
1487 1530 1906 1613 subveniret,
1935 1533 2231 1623 optantis
2263 1556 2278 1597 τ
2315 1533 2516 1599 simul
2545 1559 2779 1604 rumor

664 1642 1105 1736 di.ssipatus⁸‚
1140 1642 1513 1711 destinasse
1541 1642 1866 1707 victorem
1895 1639 2230 1708 Vitellium
2262 1660 2652 1734 permutare
2673 1646 2776 1714 hi-

733 1831 786 1898 4.
826 1830 1181 1893 Numer-inid
1205 1846 1311 1898 est,
1336 1831 1676 1898 cohortibus,
1764 1830 1976 1883 cianum
2013 1848 2074 1882 ac
2107 1843 2309 1902 patrem
2342 1834 2590 1885 nuncius.
2613 1856 2636 1880 ιι
2670 1837 2776 1886 Ve-

661 1910 745 1962 vel
768 1912 973 1981 potius,
1002 1912 1236 1962 numeris
1262 1911 1485 1963 militum
1498 1950 1515 1977 ,
1543 1921 1676 1980 quot
1766 1912 1958 1960 riorem
1977 1910 2147 1961 Taciti
2167 1908 2233 1960 de
2253 1908 2337 1961 die
2355 1912 2618 1962 rationem
2639 1929 2775 1980 esse,

662 1988 765 2039 sub
816 2006 925 2040 uno
976 1988 1215 2039 Tribuno
1266 2002 1418 2039 erant
1440 1988 1672 2057 ,tou-aec.
1765 2006 1948 2038 omnes
1967 1990 2341 2053 consentiunt,
2369 2002 2418 2040 et
2439 1988 2775 2043 demonstra·

662 2066 902 2135 ἀριθμοῖς.
952 2068 1107 2119 Conf.
1155 2065 1429 2119 Sozomen.
1474 2068 1672 2118 Bistor.
1761 2068 1835 2119 vit
1863 2068 2084 2137 Pagius,
2123 2066 2250 2118 Crit.
2283 2069 2474 2121 Bau-ou.
2507 2068 2576 2121 ad
2617 2072 2682 2122 A.
2711 2070 2772 2123 C.

660 2144 803 2196 Eccl.
841 2148 891 2208 1,
927 2145 985 2206 8;
1022 2146 1266 2196 Torrent-
1312 2144 1379 2195 ad
1415 2144 1560 2196 hunc
1595 2145 1672 2195 lo·
1765 2156 1862 2213 ¹793
1891 2146 2160 2197 Ernestius
2189 2147 2346 2197 etiam
2381 2148 2435 2197 in
2465 2161 2667 2199 textum
2687 2168 2774 2201 re-

661 2244 816 2288 cum;
842 2224 1076 2276 Tun-neb.
1107 2223 1323 2277 Advers.
1354 2228 1543 2291 XXIV,
1573 2226 1669 2289 363

656 2308 866 2360 Ernest.
893 2305 1038 2357 Clav.
1064 2306 1306 2359 Cicer-on.
1332 2306 1431 2358 sub
1453 2305 1560 2358 boc
1583 2324 1672 2358 vo-

658 2385 779 2438 cab.
808 2385 911 2437 Alii
935 2388 1116 2457 inepta
1141 2384 1434 2456 tautologia
1457 2386 1529 2438 ad
1545 2382 1668 2458 offi-

657 2468 799 2519 cium
823 2467 1065 2520 muneris.

660 2567 667 2574 ·
729 2547 779 2599 5.
822 2548 1135 2598 Ceterum...
1174 2546 1405 2598 Tiberius
1430 2543 1670 2596 Alexan-

656 2627 765 2692 der,
794 2640 893 2679 etc.
916 2627 1084 2678 Tacit.
1112 2629 1184 2694 11,
1210 2629 1311 2696 74,
1343 2649 1365 2673 ιι
1385 2624 1668 2678 Praefectus

656 2708 896 2778 AEgypti,
924 2705 1168 2758 Tiberius
1191 2705 1510 2771 Alexander,
1531 2724 1669 2758 con-

657 2782 773 2837 silia
812 2786 1122 2837 sociaverat.
1146 2808 1171 2830 ι
1202 2787 1333 2854 Cap.
1376 2802 1473 2854 79,
1511 2807 1538 2830 α
1559 2784 1666 2836 lni-

658 2864 788 2916 tiutn
817 2863 1027 2915 ferendi
1055 2862 1123 2914 nd
1145 2864 1532 2934 Vespasianum
1562 2863 1666 2914 im-

657 2944 794 3014 perii
834 2941 1161 2994 Alexandriae
1202 2954 1464 3012 coeptum,
1512 2941 1666 2992 festi-

1763 2227 1904 2294 cepit
1917 2222 2115 2276 Nonas.
2133 2223 2231 2277 Sed
2255 2244 2402 2277 error
2417 2226 2630 2280 videtur
2647 2228 2774 2282 Sue-

1751 2305 1895 2355 tonii
1933 2322 2075 2367 esse,
2105 2322 2216 2357 non
2247 2303 2612 2372 librariorum,
2645 2326 2772 2378 pro-

1759 2383 1932 2434 fectus
1955 2382 2183 2434 fortasse
2207 2402 2270 2433 ex
2297 2385 2386 2449 iis,
2415 2403 2528 2455 quae
2553 2387 2770 2439 Tacitus

1760 2460 1917 2528 dixit,
1943 2480 1990 2513 c.
2024 2461 2110 2526 81,
2142 2484 2164 2508 a
2186 2464 2324 2515 Ante
2342 2462 2465 2516 Idus
2485 2462 2599 2516 Jul.
2625 2466 2768 2537 Syria

1757 2544 1929 2593 omnis
1949 2542 2004 2593 in
2025 2541 2216 2595 eodem
2239 2558 2577 2596 sacramento
2598 2545 2720 2596 fuit.
2737 2569 2762 2592 ι

1757 2623 2004 2674 Ceterum
2035 2623 2101 2674 de
2135 2643 2191 2676 re
2219 2625 2334 2695 ipsa
2368 2625 2514 2675 conf.
2545 2623 2764 2695 Joseph.

1757 2701 1885 2752 Bell.
1911 2700 2034 2754 sud.
2065 2705 2154 2767 IV,
2188 2719 2278 2768 10,
2304 2703 2357 2768 4.

1830 2797 1878 2851 7.
1918 2781 2191 2851 Defuncti.
2217 2779 2438 2832 Addidit
2472 2779 2579 2833 hoc
2606 2801 2764 2835 voca·

1755 2857 1940 2910 bulum
1967 2859 2038 2910 ad
2065 2872 2274 2929 tempus
2297 2859 2598 2910 accuratius
2625 2859 2764 2911 desi·-

1755 2939 2046 3008 gnandum.
2078 2940 2170 2990 Est
2199 2958 2389 3009 nempe
2414 2937 2511 2990 illo
2537 2950 2764 3008 tempore

655 3033 822 3073 nante
840 3020 1058 3072 Tiberio
1078 3019 1405 3084 Alexandro,
1430 3021 1522 3091 qui
1545 3019 1663 3071 Kal.
1740 3019 1861 3089 jam
1897 3017 2148 3086 defuncti.
2174 3017 2394 3070 Obierut
2417 3016 2562 3070 Otho
2586 3036 2762 3069 mense

656 3097 763 3150 Jul.
786 3111 1117 3150 sacramento
1147 3100 1260 3166 ejus
1288 3097 1524 3166 legiones
1549 3098 1668 3150 ade-

656 3179 749 3248 git.
772 3201 794 3225 ι
827 3178 980 3230 Hunc
1003 3177 1275 3230 Tiberium
1305 3176 1664 3228 Alexandrum

656 3256 821 3308 filium
842 3258 1008 3308 fuisse
1026 3254 1333 3320 Alexandri,
1354 3254 1663 3306 Alaban-chae

657 3336 1009 3402 Alexandriae,
1032 3350 1081 3387 et
1106 3355 1135 3387 a
1163 3335 1385 3387 Judaica
1410 3334 1664 3407 religione

658 3416 958 3481 descivisse,
972 3428 1151 3467 narrat
1163 3413 1381 3485 Joseph.
1400 3416 1521 3469 Ant.
1537 3414 1663 3468 Jud.

655 3495 784 3561 XX,
809 3495 871 3561 5,
898 3514 947 3548 2.

728 3575 779 3626 6.
822 3575 1084 3627 Judaicus.
1104 3613 1115 3626 .
1136 3613 1149 3624 .
1192 3576 1441 3628 exercitus
1476 3575 1662 3647 quinto

656 3654 783 3706 Idus
818 3654 1060 3720 Julius...
1084 3656 1304 3726 juravit.
1334 3656 1502 3706 Tacit.
1545 3655 1579 3705 Ι.
1611 3673 1658 3704 c.

654 3735 862 3804 pergit:
900 3757 923 3779 α
946 3736 1093 3805 isque
1121 3733 1346 3804 (nempe
1372 3733 1490 3784 Kal.
1520 3732 1662 3804 Jul.)

654 3813 857 3882 primus
890 3815 1219 3884 principatus
1250 3811 1363 3864 dies
1396 3815 1449 3863 in
1478 3825 1661 3882 poste-

652 3911 769 3944 rum
795 3893 1121 3959 celebratus,
1148 3893 1385 3962 quamvis
1401 3889 1658 3942 Judaicus

652 3975 908 4024 exercitus
936 3974 985 4024 V
1002 3975 1144 4026 Non.
1175 3969 1285 4021 Jul.
1312 3969 1456 4039 apud
1482 3971 1660 4039 ipsum

643 4051 900 4118 jurasset,
938 4071 1003 4102 eo
1044 4049 1267 4111 ardore,
1306 4061 1363 4098 ut
1400 4064 1469 4098 ne
1504 4048 1656 4098 Titus

653 4127 867 4204 quidem
897 4129 1033 4180 lilius
1072 4139 1480 4199 exspectaretur,
1508 4125 1656 4196 Syria

1754 3096 1938 3166 Aprili.
1978 3097 2062 3149 ef.
2097 3095 2162 3147 ad
2196 3096 2396 3150 Othon.
2439 3113 2522 3146 ιι.
2557 3125 2630 3134 —-
2661 3098 2760 3147 Pro

1753 3176 2010 3246 optantis,
2066 3175 2224 3245 pauci
2275 3173 2564 3238 hortantis,
2621 3171 2762 3245 quod

1753 3255 1942 3308 melius
1989 3253 2087 3306 sibi
2126 3257 2296 3306 visum
2338 3271 2590 3325 recepere
2629 3256 2762 3306 Bur-

1755 3353 1930 3386 mann.
1963 3347 2018 3386 et
2045 3335 2332 3386 Ernestius.

1827 3415 1878 3466 8.
1911 3413 2090 3466 Simul
2120 3430 2298 3464 rumor
2318 3411 2624 3482 dissipatum,
2660 3425 2758 3466 etc.

1753 3493 1924 3544 Tacit.
1961 3493 2098 3542 nist.
2132 3492 2211 3555 11,
2243 3490 2344 3542 80:
2388 3513 2409 3536 α
2432 3489 2586 3558 Nihil,
2612 3510 2760 3563 aeque

1753 3574 2074 3642 provinciam
2087 3573 2482 3641 exercitumque
2493 3573 2760 3638 accendit,

1754 3671 1909 3722 quam
1934 3651 2075 3723 quod
2097 3650 2432 3703 asseverabat
2449 3653 2757 3719 Mucianus,

1751 3732 1996 3782 statuisse
2035 3729 2338 3794 Vitellium,
2383 3741 2454 3782 ut.
2483 3729 2754 3784 Germani·

1751 3827 1840 3861 cas
1865 3808 2096 3880 legiones
2120 3811 2174 3860 in
2199 3811 2400 3881 Syriam
2423 3807 2494 3860 ad
2519 3808 2755 3862 militiam

1747 3885 2050 3958 opulentam
2066 3889 2404 3958 quietamque
2416 3887 2752 3948 transferi-eu

1749 3980 1936 4018 contra
1969 3966 2190 4038 Syriacis
2220 3964 2752 4034 legionibus-Germa-

1748 4047 1868 4098 nica
1891 4045 2128 4098 ‘hiberna
2151 4083 2168 4112 ,
2209 4045 2336 4096 caelo
2377 4063 2440 4097 ac
2481 4045 2748 4098 laboribus

1747 4124 1880 4177 dura
1895 4163 1912 4191 ‚
1943 4137 2289 4177 mutarentur.
2313 4125 2531 4196 Quippe
2556 4139 2609 4212 et
2632 4143 2748 4196 pro·

648 4224 918 4276 remeans,
944 4219 995 4258 et
1014 4205 1354 4274 consiliorum
1374 4203 1656 4262 inter,Mu-
1683 4239 1688 4244 -
1743 4205 1994 4258 vinciales
2028 4202 2435 4258 sueto.1nilitum
2469 4203 2747 4258 contuber-

1220 4405 1251 4426 Ν
