3050 5004
686 482 818 550 092
1434 460 1506 523 c.
1558 457 2024 526 sUEToNu

684 604 927 657 nuel-at
944 640 961 671 ,
1000 603 1069 655 et
1104 584 1734 679 supervenientibus
1763 586 1910 653 aliis
1941 568 1982 655 e
2015 584 2344 657 Dalmatia
2363 641 2382 671 ,
2413 593 2784 661 Pannonia-

678 723 819 795 que
860 714 927 765 et
962 698 1237 764 Moesia:
1284 718 1371 762 ne
1410 698 1603 765 victis
1645 695 1921 790 quidem
1961 694 2130 765 adeo
2169 697 2474 783 afflictis,
2515 718 2596 769 ut
2637 728 2780 771 non

682 812 753 875 in
786 808 1112 876 ultionem
1145 807 1531 899 ignominiae
1567 806 1835 901 quidvis
1873 806 2278 877 discriminis
2311 809 2492 880 ultro
2511 865 2528 896 ,
2569 828 2637 879 et
2671 812 2782 883 vel

686 917 847 987 solae
873 915 1195 985 subirent.

774 1035 857 1099 X.
910 1029 1227 1097 Interfuit
1270 1025 1402 1095 hoc
1441 1026 1621 1095 bello
1662 1044 1856 1121 pater
1898 1053 2089 1099 meus
2139 1034 2496 1101 Suetonius
2537 1038 2782 1119 LeniS‚

714 1142 900 1209 ertiae
928 1139 1207 1207 decimae
1234 1137 1517 1230 legionis
1540 1140 1886 1207 Tribunus
1911 1141 2438 1232 angusticlavius
2459 1152 2503 1210 ¹.
2531 1148 2596 1211 Is
2619 1169 2788 1213 mox

680 1254 932 1323 referre
959 1251 1204 1319 crebro
1241 1250 1500 1318 solebat
1520 1302 1538 1333 ‚
1576 1250 1914 1319 Othonem
1952 1255 2152 1320 etiam
2190 1257 2525 1347 privatum
2559 1280 2786 1352 usque

681 1363 853 1431 adeo
888 1362 1295 1430 detestatum
1334 1358 1556 1427 civilia
1594 1384 1781 1429 arma
1811 1414 1828 1445 ,
1867 1379 1946 1430 ut
1970 1416 1987 1447 ,
2027 1381 2446 1433 memorante
2481 1366 2788 1460 quodam

681 1478 860 1543 inter
896 1471 1131 1567 epulas
1168 1469 1254 1539 de
1285 1474 1499 1539 Cassii
1535 1476 1860 1567 Brutique
1898 1476 2077 1542 exitu
2099 1529 2115 1558 ,
2156 1474 2575 1545 cohorruerit
2605 1504 2622 1544 ε
2653 1502 2791 1548 nec

680 1602 1179 1655 concursurum
1216 1606 1374 1651 cum
1414 1578 1630 1651 Galba
1670 1584 1922 1653 fuisse²
1952 1636 1972 1669 ‚
2008 1588 2138 1653 nisi
2181 1586 2549 1657 confideret
2571 1642 2590 1673 ‚
2633 1593 2785 1660 sine
2829 1654 2836 1658 .

677 1696 861 1765 bello
894 1719 1045 1763 rem
1082 1696 1361 1786 transigi
1407 1716 1607 1787 posse
1645 1719 1659 1759 ε
1701 1710 1865 1761 tunc
1901 1694 1987 1763 ad
2028 1694 2530 1789 despiciendam
2569 1701 2789 1769 vitam

681 1807 993 1901 exemplo
1016 1804 1458 1899 manipularis
1482 1804 1752 1873 militis³
1777 1810 2220 1891 concitatum,
2249 1811 2363 1903 qui
2379 1860 2398 1891 ,
2424 1833 2640 1902 quum
2658 1810 2793 1881 cla·

682 1921 836 1989 dem
864 1920 1196 1985 exercitus
1228 1921 1588 1985 nunciaret
1605 1969 1621 1998 ,
1647 1940 1774 1985 nec
1805 1920 2121 2012 cuiquam
2157 1918 2362 1987 fidem
2389 1920 2640 1988 faceret
2657 1974 2678 2004 ,
2705 1948 2792 1992 ac

686 2054 873 2098 nunc
908 2024 1279 2109 mendacii,
1306 2050 1489 2094 nunc
1510 2028 1770 2095 timoris
1791 2080 1808 2110 ,
1845 2030 2039 2121 quasi
2075 2028 2354 2122 fugisset
2377 2054 2456 2097 ex
2479 2032 2623 2098 acie
2643 2086 2660 2115 ,
2689 2058 2796 2101 ar·

686 2155 1039 2235 gueretur‚
1081 2136 1302 2230 gladio
1346 2153 1511 2205 ante·
1540 2136 1744 2231 pedes
1783 2135 1928 2231 ejus
1965 2139 2366 2208 incubuerit.
2408 2146 2553 2210 Hoc
2588 2145 2748 2213 viso
2771 2199 2792 2228 ,

681 2249 1133 2346 proclamasse
1160 2270 1315 2314 eum
1335 2298 1351 2328 ‚
1373 2246 1597 2314 aiebat
1613 2299 1631 2329 ,
1665 2278 1692 2307 a
1721 2252 1871 2316 Non
1895 2248 2186 2341 amplius
2212 2274 2284 2317 se
2307 2252 2376 2316 in
2400 2252 2796 2342 periculum

679 2362 847 2431 tales
868 2378 1144 2455 tamque
1158 2358 1330 2427 bene
1343 2361 1618 2427 meritos
1637 2357 2101 2454 conjecturum
2111 2360 2162 2429 4.
2187 2394 2213 2422 a»
2237 2367 2536 2445 Fratrem
2552 2366 2794 2455 igitur,

679 2474 1040 2567 fratrisque
1069 2468 1326 2538 filium-5
1344 2523 1363 2554 ,
1394 2486 1463 2538 et
1499 2469 1802 2563 singulos
1838 2474 2209 2541 amicorum
2245 2470 2680 2558 cohortatus,
2711 2496 2796 2546 ut

1777 2729 1894 2764 ru·
1926 2712 2106 2766 fuisse.
2157 2713 2236 2766 Ita
2271 2712 2595 2766 eanmund
2611 2735 2709 2768 ‘em
2737 2730 2797 2769 et

750 2727 817 2778 X.
874 2741 918 2776 ι.
974 2721 1228 2776 Tribunus
1260 2723 1684 2799 anqusticlavius.

1777 2787 1998 2848 edm-tenc
2036 2794 2180 2865 apud
2213 2794 2453 2860 Graecos‘,
2485 2792 2550 2846 de
2587 2799 2796 2866 quovis

674 2804 1005 2857 Tribunatus
1030 2817 1142 2855 erat
1174 2817 1284 2855 tum
1316 2803 1498 2855 militia
1522 2821 1688 2875 eque-

684 2882 833 2945 stris,
876 2892 934 2930 ut
968 2878 1249 2932 Suetonius
1284 2879 1446 2932 docet
1480 2882 1596 2952 ipse
1629 2881 1685 2932 in

682 2963 907 3030 August.
956 2977 1074 3030 cap.
1122 2959 1207 3011 38.
1272 2959 1376 3011 Sed
1417 2957 1686 3012 interdum

684 3041 841 3092 etiam
858 3056 967 3088 non
982 3039 1197 3109 Equites
1212 3037 1279 3089 ad
1300 3037 1445 3091 hunc
1464 3037 1689 3108 gradum

682 3115 993 3170 fortitudine
1012 3133 1203 3168 venere
1218 3155 1235 3184 ,
1260 3129 1311 3168 et
1332 3131 1612 3190 propterea
1633 3119 1687 3170 in

681 3199 937 3269 Equitum
966 3213 1245 3246 numerum
1279 3196 1463 3262 relati,
1505 3209 1566 3249 nt
1601 3195 1686 3248 hic

682 3276 966 3330 Suetonius
1000 3275 1173 3326 Lenis.
1218 3273 1319 3326 Sed
1357 3273 1413 3326 hi
1450 3275 1533 3326 usi
1565 3289 1688 3328 sunt

680 3356 843 3408 veteri
887 3354 1139 3425 Equitum
1188 3354 1417 3424 insigni,
1470 3365 1686 3427 angusto

682 3435 857 3502 clavo,
892 3453 1057 3505 quum
1082 3435 1146 3500 ii,
1176 3435 1265 3506 qui
1294 3435 1431 3486 clara
1456 3437 1688 3507 equestri

677 3525 838 3586 gente
871 3524 1071 3579 essent,
1110 3511 1329 3564 illustres
1360 3512 1686 3581 dicerentur,

679 3593 1065 3661 utet-emurque
1086 3588 1193 3640 lato
1216 3589 1381 3642 clavo.
1400 3585 1552 3642 Conl’.
1572 3609 1685 3661 quae

680 3672 747 3724 de
784 3670 1057 3742 Equitibus
1104 3668 1387 3722 illustribus
1426 3690 1516 3723 seu
1567 3670 1687 3723 lati·

678 3749 861 3804 claviis
879 3750 1087 3819 Lipsius
1112 3762 1165 3800 et
1191 3751 1396 3802 Ernest.
1426 3750 1493 3801 ad
1515 3750 1682 3804 Tacit.

677 3825 872 3879 Annal.
898 3827 972 3892 11,
998 3827 1059 3893 4,
1089 3839 1143 3878 et
1166 3826 1372 3878 Ruben.
1397 3826 1463 3878 de
1484 3830 1560 3879 Re
1581 3831 1685 3880 Ve-

679 3909 823 3959 stiar.
863 3907 924 3970 1,
962 3906 995 3957 8
1037 3919 1089 3957 et
1133 3904 1213 3971 ¹4·
1259 3903 1391 3957 Vide
1421 3906 1580 3957 etiam
1616 3905 1685 3958 ad

675 3986 901 4054 August.
928 4000 1047 4054 cap.
1075 3982 1161 4036 38.

753 4081 801 4113 2.
840 4065 952 4116 Nec
970 4079 1396 4115 concursurum...
1406 4061 1571 4137 fuisse
1583 4082 1603 4122 ,·
1627 4061 1681 4113 h.

679 4161 725 4194 e.
757 4155 1023 4194 certamen
1060 4141 1127 4195 de
1154 4143 1377 4213 imperio
1404 4154 1684 4212 susceptu-

1775 2874 2061 2924 certamiue
2079 2885 2136 2940 ‘et
2159 2872 2434 2925 seditione.

1847 2951 1900 3004 3.
1939 2951 2196 3024 Exemplo
2219 2951 2566 3024 manipularis
2579 2954 2796 3011 militis.

1777 3029 1858 3082 Cf.
1881 3029 2082 3101 Xiphil.
2105 3031 2292 3096 LXIV,
2319 3047 2338 3082 ι
2355 3048 2372 3081 ι
2393 3069 2410 3096 ,
2436 3044 2489 3082 et
2513 3031 2794 3091 Plutarch.

1778 3126 1896 3180 cap.
1936 3109 2032 3173 15,
2074 3108 2279 3162 diverse
2313 3121 2488 3162 tamen
2518 3131 2632 3164 rem
2662 3133 2800 3168 nar-

1777 3201 1999 3241 rantem.
2021 3187 2248 3242 Similem
2267 3190 2632 3242 fortitudinem
2654 3196 2690 3244 J
2697 3194 2802 3248 ulii

1774 3272 2034 3340 Agrestis,
2061 3269 2396 3322 Centurionis
2415 3270 2516 3322 sub
2534 3271 2768 3329 vitellio
2782 3315 2801 3343 ‚

1775 3362 1956 3401 narrat
1996 3351 2167 3401 Tacit.
2203 3351 2339 3401 Hist.
2373 3351 2474 3416 111,
2503 3351 2588 3417 54.
2640 3353 2802 3408 Nam

1776 3426 2014 3479 eamdem
2040 3447 2149 3478 rem
2167 3446 2288 3478 cum
2303 3441 2484 3480 nostra
2499 3427 2652 3482 haud
2675 3454 2803 3488 ere-

1775 3503 1998 3555 diderim
2025 3523 2146 3555 cum
2175 3506 2380 3557 Ernest.
2411 3506 2482 3558 ad
2506 3505 2614 3559 loe.
2643 3513 2748 3566 eit.

1849 3583 1897 3650 4.
1909 3585 2033 3636 Non
2042 3583 2344 3655 ampliasse.
2355 3623 2386 3636 ..
2401 3589 2802 3659 conjecturum,

1774 3664 1940 3714 Tacit.
1957 3681 2076 3733 cap.
2095 3663 2162 3734 47
2175 3701 2190 3728 ‚
2213 3687 2234 3709 ι
2252 3666 2436 3730 Hunc,
2451 3667 2660 3738 inquit,
2684 3676 2809 3728 ani-

1775 3759 1947 3806 mum,
1968 3740 2107 3793 hanc
2127 3745 2372 3794 virtutem
2393 3758 2616 3798 vestram
2643 3751 2807 3807 ultra

1773 3820 2024 3892 periculis
2069 3821 2326 3892 objicere,
2373 3827 2530 3876 nimis
2576 3834 2806 3898 grande

1772 3902 1890 3951 vitae
1915 3919 2041 3952 meae
2069 3903 2298 3972 pretium
2325 3915 2509 3973 puto.»
2551 3908 2636 3959 Cf.
2673 3915 2804 3982 ejus

1774 3981 2069 4031 orationem
2103 3980 2247 4052 apud
2281 3981 2549 4036 Plutarch.
2591 4000 2645 4039 et
2691 3993 2805 4046 Xi-

1770 4056 1960 4128 philin.

1843 4138 1894 4194 5.
1921 4141 2412 4215 Fratrisquefilium.
2435 4149 2594 4202 Hunc
2605 4151 2810 4211 solum
