3050 5004
999 452 1508 545 cAmGULA.
2217 484 2301 563 43

233 610 294 675 iu
315 622 672 699 conspectu
692 602 1093 699 prandentis
1117 605 1226 673 vel
1247 609 1668 675 comissantis
1686 611 1881 677 seriae
1902 611 2311 703 quaestiones

231 742 342 810 per
369 734 696 787 tormenta
721 714 1170 785 habebantur.
1211 718 1408 787 Miles
1445 716 1825 787 decollandi
1844 736 1861 767 ¹
1900 719 2139 789 artifex
2176 722 2317 815 qui-

233 829 616 923 buscunque
645 852 688 897 e
725 826 1036 897 custodia
1063 830 1280 921 capita
1315 829 1729 921 amputabat.
1772 830 2066 898 Puteolis
2088 883 2105 913 ,
2142 830 2321 898 dedi·

231 943 474 1009 catione
501 943 732 1033 pontis
751 992 772 1022 ‚
811 962 1018 1034 quem
1043 942 1492 1031 excogitatum
1521 941 1613 1009 ab
1646 964 1727 1007 eo
1758 942 2281 1032 significavimus
2302 992 2320 1022 ‚

232 1074 428 1145 quum
443 1049 704 1118 multos
723 1074 762 1119 e
779 1049 976 1117 litore
995 1052 1344 1119 invitasset
1357 1050 1448 1117 ad
1466 1074 1541 1119 se
1554 1100 1574 1135 ‚
1598 1067 1879 1143 repente
1900 1074 2137 1120 omnes
2155 1074 2322 1144 prae·

231 1165 513 1255 cipitavit
525 1170 576 1229 ².
604 1159 956 1249 Quosdam
981 1162 1438 1257 gubernacula
1457 1164 2047 1257 apprehendentes
2064 1214 2083 1247 ,
2112 1166 2325 1232 contis

233 1276 560 1368 imisque
587 1272 882 1341 detrusit
904 1275 976 1341 in
997 1296 1206 1342 mare.
1238 1277 1468 1342 Romae
1491 1272 1763 1365 publico
1788 1272 1993 1367 epulo
2020 1294 2322 1356 servum,

231 1383 306 1451 ob
329 1382 712 1453 detractam
738 1383 929 1451 lectis
956 1400 1348 1477 argenteam
1381 1384 1703 1452 laminam
1722 1436 1743 1467 ‚
1772 1383 2068 1451 carnifici
2102 1381 2326 1450 confe-

231 1500 370 1565 stim
401 1495 694 1565 tradidit
707 1549 727 1580 ‚
771 1511 849 1565 ut
881 1497 1192 1565 manibus
1235 1497 1510 1565 abscisis
1532 1550 1549 1580 ,
1585 1514 1789 1591 atque
1824 1513 1981 1564 ante
2011 1512 2249 1589 pectus
2290 1518 2328 1562 e

213 1592 388 1675 'collo
411 1606 879 1700 pendentibus
897 1658 916 1686 ,
939 1608 1362 1700 praecedente
1381 1606 1578 1675 titulo
1593 1604 1619 1647 ³
1633 1660 1649 1691 ,
1678 1610 1796 1703 qui
1816 1624 2091 1675 causam
2114 1626 2329 1699 poenae

232 1718 550 1788 indicaret
565 1770 585 1801 ,
629 1742 756 1811 per
791 1737 1002 1787 coetus
1041 1720 1464 1813 epulantium
1492 1717 2128 1787 circumduceretur.
2166 1719 2333 1783 Mir—

235 1829 572 1899 millonem
606 1854 646 1897 e
671 1826 872 1915 ludo,
899 1830 1184 1899 rudibus
1223 1854 1454 1899 secum
1489 1827 1957 1912 hatuentem⁴‚
1996 1845 2065 1895 et
2089 1842 2331 1919 sponte

235 1957 642 2032 prosu-atum
659 1990 678 2022 ,
713 1940 1010 2009 confodit
1036 1941 1256 2010 ferrea
1281 1946 1420 2009 sica
1437 1993 1455 2023 ‚
1485 1964 1568 2009 ac
1594 1964 1783 2008 more
1812 1943 2145 2008 victorum
2172 1936 2332 2005 cu'm

239 2050 446 2143 palma
479 2052 914 2119 dismcurxit.
945 2051 1232 2119 Admota
1264 2050 1589 2120 altaribus
1615 2048 1883 2120 victima
1900 2104 1918 2136 ,
1952 2052 2333 2119 succinctus

239 2184 556 2253 poparum
577 2160 816 2229 habitu
837 2212 855 2245 ,
884 2160 1060 2231 elato
1081 2161 1216 2230 alte
1233 2162 1480 2231 malleo
1493 2216 1512 2246 ,
1538 2161 1936 2231 cultrarium
1958 2162 2329 2231 ⁵mactavit.
2364 2254 2369 2259 ⁸

243 2276 536 2341 lautiore
573 2275 885 2341 convivio
921 2274 1177 2342 effusus
1212 2274 1492 2342 subito
1477 2298 1547 2342 m
1590 2274 1990 2356 cachinnoS,
2030 2268 2337 2340 Consuli-

243 2380 386 2466 bus,
415 2386 538 2478 qui
569 2382 768 2477 juxta
801 2382 1176 2469 cubabant,
1211 2382 1538 2479 quidnam
1564 2384 1844 2467 rideret,
1874 2379 2121 2450 blande
2149 2400 2335 2475 quae-

243 2496 574 2564 rentibus·
641 2496 906 2582 «Quid,
943 2498 1210 2592 inquit,
1264 2498 1394 2566 nisi
1439 2520 1581 2566 uno
1626 2517 1779 2564 meo
1822 2512 1996 2578 nutu
2039 2488 2337 2585 jugulari

249 2621 598 2700 utrumque
619 2621 924 2673 vestrum
949 2608 1172 2674 statim
1199 2629 1426 2700 posse
1411 2611 1442 2671 Ρ
1463 2637 1489 2666 n

324 2722 633 2786 XXXIII.
687 2722 873 2786 Inter
894 2719 1116 2786 varios
1135 2715 1327 2811 jocos
1347 2770 1366 2802 ‚
1393 2703 1611 2812 quum
1634 2689 1955 2785 assistens
1977 2711 2339 2805 simulacro

247 2831 412 2896 Jovis
455 2828 768 2922 Apellem
807 2829 1222 2923 tragoedum¹
1266 2827 1750 2911 consuluisset,
1794 2842 1947 2894 uter
1987 2822 2083 2892 illi
2122 2819 2340 2914 major

303 3029 522 3083 mn.
561 3049 610 3084 ι.
634 3030 970 3086 Decollandi.
994 3034 1156 3086 Couf.
1177 3033 1244 3087 de

247 3105 337 3160 hoc
349 3109 513 3162 verbo
523 3109 848 3184 wesseling.
861 3110 1087 3164 Observ.
1100 3115 1144 3176 1,
1157 3131 1244 3164 ao.

308 3209 354 3242 2.
379 3191 702 3244 patentia...
721 3193 1090 3266 precipitavit.
1115 3195 1246 3262 Dio,

245 3269 382 3338 ux,
411 3289 494 3342 ¹7·

307 3347 356 3400 3.
395 3349 731 3402 Proecedente
767 3349 955 3414 tinch,-
990 3342 1096 3404 hoc
1134 3367 1247 3422 est,

247 3439 296 3478 nt
325 3429 428 3480 Dio
449 3467 470 3496 ,
507 3429 650 3497 LIV,
692 3427 758 3494 3,
789 3425 922 3494 μηδ.
951 3429 1246 3498 γραμμάτων

243 3503 314 3558 π’,
341 3505 505 3560 aa'oen‘av
527 3507 608 3562 τῖς
639 3505 958 3566 &amnicae
987 3507 1138 3562 αὑτοῦ
1163 3511 1248 3563 ἢ·

246 3581 432 3639 λύπαν
445 3624 464 3647 ,
499 3584 594 3636 ubi
625 3583 746 3638 vide
778 3583 983 3636 Fabi-ic.
1006 3583 1162 3637 Tales
1186 3589 1248 3638 ti-

247 3661 380 3714 tulos
410 3676 468 3716 et
501 3681 810 3734 praeconum
840 3661 1011 3733 elogia
1037 3660 1253 3734 collegit

251 3741 470 3794 nemon.
496 3741 564 3793 de
587 3741 881 3806 Fon-mulis,
901 3741 977 3805 V,
999 3759 1123 3812 pag.
1145 3741 1250 3808 488

251 3837 356 3892 seq.
378 3819 540 3873 conf.
563 3821 854 3872 Domitian.
884 3835 966 3872 ιο.

313 3901 366 3966 4.
425 3899 660 3953 nudibus
703 3917 874 3952 secum
917 3897 1208 3954 batuentem
1229 3924 1250 3964 ,-

251 3977 388 4049 quod
414 3983 618 4032 tirones
645 3980 824 4030 facere
859 3975 1100 4032 solebant
1128 3999 1250 4033 cum

251 4057 458 4124 lanista,
483 4059 720 4112 exercitii
748 4077 926 4114 causa.
957 4057 1078 4112 vid.
1103 4059 1246 4133 Lips.

251 4133 448 4188 Satura.
473 4137 526 4200 I,
559 4135 641 4191 15.

1406 3030 1456 3085 5.
1485 3032 1786 3086 Succinctus
1800 3046 2059 3104 poparum
2080 3027 2337 3080 habam...

1334 3109 1644 3162 cultrarium
1668 3108 1933 3162 mactavit.
1961 3107 2095 3159 Vide
2118 3106 2339 3159 Gutber.

1336 3189 1403 3240 de
1429 3189 1611 3241 Veteri
1646 3191 1776 3241 Jure
1811 3187 2122 3252 Pontificio,
2158 3188 2234 3253 11,
2278 3185 2343 3251 14

1335 3265 1529 3338 (Thes,
1559 3267 1722 3319 Graev.
1752 3281 1884 3318 tom.
1915 3270 1990 3330 V,
2018 3283 2141 3337 pag.
2180 3266 2342 3334 108),

1337 3346 1430 3400 ubi
1461 3369 1474 3398 ε
1518 3369 1542 3393 ι
1562 3348 1725 3418 Popoe
1752 3359 1807 3398 et
1836 3347 1889 3400 V
1889 3346 2137 3398 ictimarii
2162 3361 2344 3396 sacro-

1339 3446 1456 3479 rum
1475 3428 1700 3478 ministri
1714 3427 1971 3497 praecipui
1990 3426 2222 3477 fuerunt.
2243 3427 2347 3475 Po-

1338 3527 1418 3579 poe
1459 3507 1663 3560 hostias
1704 3505 2043 3568 mactabant;
2087 3506 2140 3559 V
2138 3506 2345 3556 iutima-

1339 3588 1441 3640 τίω
1471 3585 1589 3639 illas
1626 3584 1919 3658 apparabat
1940 3623 1957 3653 ‚
1996 3598 2048 3638 et
2078 3584 2348 3650 cultrum,

1340 3684 1575 3736 aquam,
1614 3665 1791 3736 ignem
1829 3677 1881 3716 et
1917 3664 2129 3716 molam.
2170 3665 2345 3735 Popas

1337 3744 1557 3798 Plautus
1593 3743 1763 3804 lanios
1786 3757 2057 3802 vocatu..
2086 3743 2344 3796 Victima·

1338 3823 1474 3888 rius,
1495 3820 1837 3889 μοσχοθῦτις,
1861 3818 2195 3889 μοσχοιτὸμος,
2228 3819 2346 3873 cul-

1339 3903 1525 3954 trarius
1551 3901 1821 3954 Suetonio.
1844 3923 1867 3947 ιι
1910 3899 2045 3952 Vide
2080 3897 2205 3950 ibid.
2242 3916 2345 3950 no-

1339 3995 1508 4034 strum
1537 3979 1715 4032 locum
1752 3981 1979 4050 imagine
2007 3978 2347 4031 illustratum.

1339 4089 1410 4103 —
1432 4062 1733 4133 Poparum'3
1758 4060 1825 4112 al.
1852 4059 1991 4112 male
2009 4077 2343 4134 pompm-mn.

1408 4141 1646 4193 XXXIII.
1688 4157 1732 4191 ι.
1762 4137 2007 4210 Apeliem
2030 4137 2347 4210 tmqoedum,
