3050 5004
729 456 808 521 16
1473 452 1549 516 C.
1600 450 2071 517 SUETONII

716 578 900 675 plebi
926 579 1205 647 urbanae
1238 579 1328 647 ob
1349 580 1753 648 memoriam
1774 580 2159 648 Germanici
2188 581 2401 673 patris
2414 629 2435 662 ‚
2468 582 2845 653 miseratio-

717 715 1014 788 nemque
1040 716 1255 785 prope
1285 690 1556 759 afflictae
1588 691 1833 763 domus
1847 700 1891 758 ².
1928 696 2167 785 Itaque
2192 707 2273 759 ut
2298 714 2341 759 a
2363 696 2673 761 Miseno³
2694 718 2843 762 mo-

715 808 814 873 vit
827 857 846 887 ‚
867 805 1175 899 quamvis
1193 802 1488 895 lugentis
1503 799 1741 869 habitu
1756 850 1773 885 ‚
1796 815 1865 869 et
1879 802 2087 869 funus
2112 800 2362 868 Tiberii
2378 823 2804 899 prosequens
2820 854 2839 890 ,

714 934 945 983 tamen
975 916 1152 981 iuter
1178 912 1416 981 altaria
1437 929 1506 979 et
1528 904 1865 995 victimas,
1900 910 2351 1008 ardentesque
2382 912 2573 982 tedas
2584 917 2644 1000 4,
2678 915 2842 984 den-

715 1028 984 1095 sissimo
1031 1040 1098 1091 et
1152 1023 1499 1093 laetissimo
1544 1022 1905 1093 obviorum
1948 1024 2219 1116 agmine
2264 1024 2575 1108 incessit„
2626 1050 2841 1119 super

713 1136 938 1204 fausta
963 1136 1230 1203 omina⁵
1263 1136 1438 1203 sidus
1465 1149 1535 1202 et
1553 1134 1811 1228 pullum
1835 1150 1903 1200 et
1918 1159 2208 1228 puppam
2232 1148 2299 1201 et
2324 1132 2697 1201 alumnum⁶
2720 1160 2841 1229 ap-

714 1246 1142 1340 pellantium.

805 1363 981 1426 XIV.
1033 1362 1484 1452 Ingressoque
1509 1356 1767 1425 Urbem
1785 1408 1803 1439 ‚
1834 1358 2063 1422 statim
2092 1378 2433 1423 consensu
2456 1360 2741 1425 Senatus
2764 1376 2841 1427 et

711 1469 1150 1562 irrumpentis
1187 1470 1260 1534 in
1292 1470 1567 1534 Curiam
1603 1466 1821 1535 turbae
1838 1520 1857 1551 ‚
1896 1468 2085 1533 irrita
2118 1465 2371 1557 Tiberii
2408 1472 2425 1503 ¹
2444 1465 2793 1537 voluntate
2812 1523 2835 1553 ‚

712 1582 834 1674 qui
859 1593 1264 1648 testamento
1285 1578 1579 1647 alterum
1598 1595 1921 1671 nepotem
1948 1600 2153 1645 suum
2168 1630 2187 1660 ,
2220 1592 2696 1669 praetextatum
2714 1578 2837 1653 ad-

709 1689 878 1772 huc,
905 1687 1309 1757 coheredem
1329 1691 1391 1757 ei
1414 1686 1725 1771 dederat,
1748 1686 1865 1782 jus
1888 1688 2384 1781 arbitriumque
2405 1690 2712 1756 omnium
2735 1714 2838 1757 re-

711 1826 866 1869 rum
899 1800 1000 1867 illi
1037 1803 1448 1897 permissum
1476 1814 1610 1883 est,
1648 1814 1837 1865 tanta
1874 1796 2149 1891 publica
2184 1797 2417 1867 laetitia
2438 1852 2456 1881 ,
2500 1814 2579 1866 ut
2610 1799 2835 1868 tribus

710 1915 1036 2005 proximis
1073 1911 1424 1985 mensibus
1447 1958 1464 1993 ‚
1501 1936 1582 1979 ac
1626 1934 1715 1978 ne
1751 1914 1910 1978 totis
1952 1909 2227 2005 quidem
2244 1962 2265 1993 ‚
2306 1934 2517 2004 supra
2550 1926 2834 1980 centum

712 2023 1056 2113 sexaginta
1071 2020 1283 2089 millia
1295 2022 1727 2088 victimarum
1744 2043 1920 2088 caesa
1937 2018 2315 2087 tradantur.
2334 2026 2567 2107 Quum
2579 2020 2833 2089 deinde

709 2148 964 2224 paucos
990 2148 1146 2225 post
1172 2131 1315 2199 dies
1338 2132 1410 2197 in
1433 2133 1777 2223 proximas
1800 2132 2186 2223 Campaniae
2212 2129 2507 2197 insulas²
2533 2129 2833 2225 trajecis-

704 2330 900 2401 pulum
928 2330 1226 2381 Romanum
1243 2349 1264 2390 ς
1297 2338 1352 2379 at
1387 2322 1546 2381 simul
1574 2345 1724 2379 com-⁴

705 2409 958 2481 plectitur
979 2426 1145 2483 qenus
1179 2407 1484 2467 hominum5
1513 2406 1584 2458 de
1612 2423 1723 2478 quo

706 2501 980 2560 zeugmate
1003 2486 1124 2540 vide
1144 2488 1304 2538 Periz.
1327 2482 1395 2538 ad
1419 2486 1721 2554 sanctium,

705 2589 829 2641 pag.
859 2586 982 2638 712.

781 2668 829 2702 2.
854 2652 1026 2722 Prope
1043 2648 1261 2726 afflictoe
1278 2647 1487 2716 domus,
1511 2661 1594 2701 tot
1612 2648 1719 2700 cla-

705 2727 861 2780 dibus
885 2730 996 2780 fere
1020 2726 1252 2796 dejectae.

777 2809 830 2861 3.
869 2808 919 2858 A
943 2807 1180 2866 Miseno,·
1208 2803 1303 2856 ubi
1331 2805 1536 2857 obierat
1557 2805 1718 2858 Tibe·-

705 2889 830 2938 rius.
855 2883 992 2936 Vide
1015 2883 1192 2934 Tiber.
1221 2901 1286 2952 72
1315 2897 1366 2934 et
1393 2883 1475 2954 75.
1511 2915 1585 2924 —
1616 2885 1719 2936 Lu-

700 2965 872 3038 yemis
895 2963 1078 3016 habitu
1091 2983 1111 3024 ,-
1141 2963 1281 3014 forte
1303 2975 1364 3014 ut
1391 2981 1425 3014 a
1443 2981 1500 3014 se
1521 2963 1717 3015 veneni

703 3043 916 3096 Tiberio
933 3042 1042 3094 dati
1061 3043 1420 3112 suspicionem
1441 3055 1717 3094 averteret.

775 3122 828 3189 4.
865 3122 1016 3172 Inter
1047 3119 1345 3172 altaria....
1377 3118 1720 3190 ardentesque

705 3201 860 3254 tedas.
882 3201 1016 3253 Vide
1040 3202 1278 3272 Lipsium
1298 3199 1365 3252 ad
1389 3201 1558 3252 Tacit.
1580 3201 1713 3252 Hist.

703 3283 783 3351 11,
815 3299 909 3354 70,
935 3296 988 3335 et
1011 3279 1242 3334 Casaub.
1267 3280 1334 3332 ad
1363 3279 1510 3333 hunc
1535 3280 1641 3333 loc.

775 3363 828 3418 5.
850 3365 1060 3417 Omina.
1083 3366 1160 3416 Ita
1181 3361 1424 3416 dedimus
1443 3383 1566 3416 cum
1586 3365 1715 3416 Gro-

703 3464 826 3498 nov.
857 3446 1142 3494 Burmann.
1173 3441 1392 3495 Wolfio.
1424 3443 1581 3513 vulg.
1617 3463 1715 3496 ηο-

701 3523 868 3576 mina.
897 3520 1165 3593 Josephus
1195 3519 1458 3582 ὅπεβοίσιις
1481 3517 1714 3588 ιῦφίμους

703 3603 865 3670 dicit,
894 3615 947 3652 et
980 3603 1176 3653 Noster
1201 3601 1411 3674 superi.
1445 3621 1494 3654 e.
1522 3615 1713 3673 praeter

701 3683 906 3735 faustas
919 3679 1043 3732 alias
1053 3677 1458 3731 acclamationes
1467 3682 1577 3732 sive
1588 3682 1717 3732 omi-

701 3780 799 3829 na,
828 3756 1024 3813 blanda
1051 3761 1101 3810 ei
1128 3759 1348 3810 nomina
1375 3757 1500 3809 data
1528 3759 1709 3811 refert.

701 3839 898 3912 Supra,
920 3840 1149 3907 August.
1176 3834 1272 3905 57,
1303 3857 1326 3880 ι
1345 3836 1715 3888 Revertentem

702 3937 767 3971 ex
779 3919 1054 3990 provincia
1066 3935 1178 3967 non
1191 3913 1366 3968 solum
1374 3915 1571 3988 faustis
1589 3916 1716 3967 omi-

703 3999 875 4062 nibus,
895 3995 988 4049 sed
1010 4009 1061 4048 et
1082 3992 1367 4046 modulatis
1387 3995 1711 4047 carminibus

701 4074 1178 4147 prosequebantur.
1205 4098 1228 4122 a

772 4153 823 4205 6.
867 4152 1177 4206 Alumnum.
1226 4153 1345 4223 Ipse
1391 4168 1447 4203 se
1491 4147 1612 4220 υἱὸν,
1628 4149 1709 4202 καὶ

1811 2326 2031 2395 «τρόφιμον
2071 2312 2385 2380 Senatorum
2421 2322 2643 2379 ferebat.
2686 2328 2825 2395 Dio,

1810 2410 1958 2475 LIX,
1986 2410 2038 2463 6.

1881 2488 2019 2542 XIV.
2054 2505 2099 2541 ι.
2126 2488 2283 2540 Irrita
2307 2487 2501 2541 Tiberii
2522 2484 2825 2549 voluntate,-

1810 2569 1879 2622 de
1902 2588 2005 2640 qua
2028 2566 2148 2620 vide
2166 2566 2285 2618 Tib.
2312 2567 2398 2638 76.
2423 2567 2507 2619 Cf.
2530 2568 2659 2634 Dio,
2676 2567 2831 2635 LIX,

1816 2666 1835 2701 1
1848 2647 2251 2700 .-—Coheredem
2266 2646 2477 2718 imperii
2478 2665 2499 2715 J
2506 2663 2731 2697 uvenem
2740 2647 2830 2697 Ti-

1808 2727 2017 2780 benium
2044 2729 2394 2780 constitutum
2415 2726 2609 2790 fuisse,
2636 2737 2829 2796 praeter

1806 2809 2035 2860 Dionem
2055 2805 2253 2858 docent
2275 2806 2433 2856 etiam
2456 2803 2716 2876 xiphilin.
2734 2807 2831 2856 Jo-

1806 2886 2007 2957 sephus
2032 2898 2083 2938 et
2108 2882 2286 2949 Philo,
2314 2881 2459 2954 quod
2484 2896 2537 2934 et
2560 2901 2625 2934 ex
2645 2882 2825 2935 verbis

1806 2966 1987 3017 Nostri
2026 2975 2176 3036 patet
2191 3001 2209 3030 ,
2256 2962 2455 3034 quibus
2502 2985 2525 3010 α
2544 2967 2637 3034 jus
2677 2961 2825 3014 arbi—

1806 3044 2071 3115 triumque
2092 3044 2325 3094 omnium
2351 3060 2529 3094 rerum
2554 3041 2679 3094 Caro
2703 3061 2825 3113 per-

1808 3123 2027 3174 missum
2048 3146 2071 3170 ιο
2101 3122 2276 3172 refert.
2298 3121 2512 3172 Frustra
2533 3117 2828 3171 difficultae

1807 3215 1885 3252 tes
1900 3201 2139 3273 quaesivit
2155 3197 2532 3264 Casaubonns,
2551 3197 2645 3248 ubi
2660 3195 2823 3250 nullae

1806 3296 1948 3334 sunt.

1878 3378 1929 3412 2.
1967 3362 2035 3412 In
2058 3359 2327 3432 pmximas
2352 3356 2655 3430 Campam‘oe
2678 3357 2821 3410 insu-

1804 3437 1898 3490 Ias.
1909 3437 2150 3490 Alterum
2161 3441 2273 3509 ejus
2288 3441 2389 3490 iter
2403 3438 2459 3488 in
2473 3435 2821 3506 Campaniam

1805 3518 1873 3570 ad
1902 3538 2025 3570 ann.
2060 3533 2163 3589 792
2193 3519 2354 3571 refert
2384 3519 2518 3584 Dio,
2553 3517 2701 3582 LIX,
2732 3517 2821 3568 13.

1802 3601 1927 3652 Mox
1940 3601 1994 3652 in
2010 3598 2335 3673 testificanda
2344 3597 2702 3652 sollicitudine
2716 3611 2817 3663 est,

1810 3703 1833 3726 κ
1852 3678 1945 3732 ubi
1966 3679 2380 3732 sollicitudinem
2402 3676 2673 3730 testificari
2693 3694 2817 3744 poa-

1804 3772 1911 3826 set,
1928 3757 2039 3826 vel,
2058 3758 2154 3809 ubi
2172 3757 2229 3809 id
2252 3769 2431 3828 ageret
2443 3795 2461 3824 ,
2483 3769 2545 3808 ut
2562 3753 2819 3808 sollicitu-

1804 3834 1983 3886 dinem
2001 3834 2391 3901 testificaretur,
2408 3857 2432 3882 ι
2454 3853 2524 3887 ne
2544 3835 2663 3904 quis
2678 3851 2819 3884 nove

1805 3914 2006 3966 dictum
2041 3927 2257 3967 censeat
2290 3935 2413 3968 cum
2437 3915 2681 3966 Ernestio
2715 3930 2819 3983 pro

1804 3991 2141 4066 testificanda.»
2174 3993 2561 4048 sollicitudinis.
2596 3995 2821 4044 Utrum-

1804 4091 1905 4144 que
1942 4076 2083 4126 enim
2102 4113 2118 4142 ,
2153 4076 2336 4147 prouti
2372 4074 2685 4126 sententiam
2722 4089 2819 4122 ca-

1799 4153 1915 4224 pias
1934 4191 1953 4220 ,
1992 4171 2140 4223 aeque
2176 4153 2313 4206 bene
2350 4152 2559 4206 dicitur.
2598 4149 2813 4204 Mulier.
