3050 5004
1180 494 1471 560 OTHO.
1550 562 1559 569 ,

2240 495 2372 563 285
2414 490 2425 499 ’

286 624 898 718 cipereimperium
919 624 988 691 vi
1012 638 1283 691 coactus
1299 624 1360 705 3,
1391 637 1845 717 gesturusque
1876 626 2219 691 communi
2246 649 2380 693 om·

286 738 474 803 nium
509 734 820 815 arbitrie,
859 732 1188 802 Palatium
1225 734 1395 824 petit
1411 732 1461 798 4.
1495 738 1590 799 Ac
1619 757 1826 826 super
1860 750 2117 801 ceteras
2156 751 2381 825 gratu-

219 924 222 927 ,
287 844 573 913 lantium
614 843 1173 938 adulantiumque
1214 842 1611 926 blanditiae,
1651 844 1736 913 ab
1764 844 1993 911 infima
2033 843 2230 936 plebe
2265 870 2382 938 ap-

275 955 574 1049 pellatus
638 956 912 1022 NERO-5
932 1007 950 1036 ,
1000 953 1270 1021 nullum
1317 952 1644 1021 indicium
1699 958 2070 1023 recusantis
2140 954 2325 1023 dedit
2366 982 2379 1021 :

287 1068 530 1148 immo,
572 1082 649 1133 ut
683 1064 957 1158 quidam
994 1060 1449 1145 tradiderunt,
1488 1066 1693 1130 etiam
1728 1063 2213 1157 diplomatibus
2248 1069 2383 1158 pri-

287 1179 550 1271 misque
570 1176 868 1268 epistolis
888 1179 1028 1243 suis
1047 1174 1134 1242 ad
1153 1171 1487 1267 quosdam
1505 1177 2009 1267 provinciarum
2031 1176 2351 1270 praesides
2364 1229 2381 1258 ,

285 1291 572 1356 Neronis
601 1308 978 1377 cognomen
1006 1282 1268 1377 adjecit.
1307 1288 1502 1353 Certe
1536 1300 1602 1353 et
1632 1286 1957 1378 imagines
1992 1302 2383 1381 statuasque

289 1396 433 1491 ejus
465 1398 703 1491 reponi
733 1420 974 1489 passus
1008 1410 1110 1464 est
1130 1446 1148 1477 ‚
1176 1409 1243 1460 et
1264 1410 1739 1486 procuratores
1766 1411 1969 1490 atque
2000 1396 2273 1485 libertos
2296 1395 2384 1465 ad

288 1600 456 1645 uerat
471 1629 490 1657 ,
530 1588 590 1642 id
636 1606 716 1644 est
756 1600 1291 1656 commemoraverat,

288 1670 492 1723 dixerat
521 1668 659 1721 brevi
680 1667 940 1734 oratione,
972 1668 1146 1741 quasi,
1187 1680 1288 1718 etc.

289 1766 446 1819 quem
465 1766 623 1801 usum
635 1745 784 1801 verbi
798 1766 995 1818 ponere
1015 1744 1292 1798 illustravit

290 1826 538 1900 exemplis
561 1828 848 1892 Ciceronis,
886 1826 1036 1878 Orat.
1061 1826 1114 1892 4,
1131 1826 1173 1873 ‘a
1189 1843 1292 1896 po-

287 1909 438 1960 situm
452 1906 694 1979 sicigitur
707 1909 760 1958 in
779 1906 1019 1978 primisp·
1044 1924 1143 1976 pro
1160 1902 1289 1956 Coel.

289 2002 350 2057 7,
375 1986 648 2056 «posuistis
673 1988 814 2037 enim
833 2006 848 2046 ς
867 2006 890 2031 ιι
923 1985 1072 2036 Vei-r.
1098 1986 1176 2048 11,
1201 1982 1291 2049 38,

292 2076 536 2116 «tantum
569 2063 737 2117 verbo
767 2064 948 2135 posuit
959 2085 978 2125 ;
1005 2086 1028 2109 n
1073 2060 1290 2116 laudato

287 2146 446 2197 etiam
467 2146 670 2196 Ernest.
692 2148 746 2197 in
771 2143 915 2197 Clav.
933 2143 1100 2196 Cicer.
1121 2145 1290 2196 Unice

285 2222 522 2295 placeret
545 2221 675 2275 mihi
700 2222 812 2275 haec
843 2224 997 2289 ratio,
1027 2222 1098 2275 ob
1123 2221 1288 2275 libro-

287 2320 404 2353 rum
427 2302 676 2355 'maxime
728 2303 1092 2354 auctoritatem
1117 2338 1135 2367 ,
1186 2300 1291 2372 legi

281 2381 581 2455 jubentium
619 2382 880 2447 oratione,
919 2383 962 2433 si
1005 2380 1288 2433 Suetonius

284 2480 434 2534 aeque
463 2462 541 2514 uti
569 2461 764 2514 soleret
799 2459 1029 2514 ablativo
1065 2458 1158 2512 illo
1195 2458 1286 2512 ab·

287 2541 462 2594 soluto
484 2579 502 2608 ,
539 2553 699 2612 atque
730 2542 908 2593 Livius
945 2553 999 2593 et
1037 2542 1287 2606 TacituS,

288 2619 432 2692 apud
455 2639 594 2692 quos
616 2623 904 2674 sexcenties
933 2622 1166 2672 occurrit
1180 2658 1198 2687 ,
1239 2635 1291 2672 et

283 2698 596 2770 persuaderi
609 2697 739 2751 mihi
751 2711 950 2769 posset,
966 2699 1110 2752 illam
1127 2699 1291 2770 signi·-

281 2777 588 2830 ficationem
623 2777 773 2830 verbi
805 2795 998 2850 ponere
1033 2775 1287 2848 (metm,

285 2856 584 2920 dvxi-Siras,
597 2857 734 2910 unde
743 2855 898 2924 θίσις,
915 2855 1162 2929 ὖπὸθοσις)
1177 2877 1284 2911 non

285 2939 460 2988 minus
469 2936 732 2990 historica!
747 2937 975 2989 orationi
984 2938 1286 3004 convenire,

285 3033 448 3087 quam
468 3015 754 3068 rhetoricae.
783 3019 826 3068 E
841 3015 1025 3069 schola
1042 3017 1182 3069 enim
1200 3036 1289 3088 pe·

281 3098 381 3148 tita
415 3108 498 3148 cst
529 3093 975 3167 philosophorum
1015 3110 1069 3148 et
1103 3096 1284 3148 rheto-

283 3192 424 3239 rum,
435 3192 608 3246 neque
623 3173 780 3228 verba
791 3186 915 3225 sunt
924 3171 1152 3226 Othonis
1163 3173 1284 3225 loco

281 3267 426 3307 nost.
457 3271 752 3306 sermonem
775 3252 1019 3306 habentis
1036 3293 1052 3320 ,
1080 3252 1172 3306 sed
1197 3273 1287 3305 au·

283 3333 450 3386 ctoris
465 3331 658 3399 adhuc,
678 3347 1050 3403 argumentum
1064 3334 1288 3386 referen-

283 3413 370 3464 tis.
381 3411 626 3481 Denique
633 3423 784 3464 vexat
793 3431 878 3464 me
889 3429 1112 3484 sequens
1123 3415 1288 3485 quasi,

284 3486 438 3561 quod
449 3490 643 3543 rationi
657 3492 822 3560 magis
842 3493 1106 3556 convenit,
1126 3509 1285 3563 quam

283 3569 539 3634 orationi,
563 3586 728 3640 quum
749 3582 872 3640 post
894 3569 1178 3622 ablativum
1197 3590 1288 3642 po-

281 3650 382 3702 sito
406 3650 762 3700 accusativum
789 3663 1145 3719 exspectasses
1165 3669 1286 3701 cum

281 3725 562 3779 infinitivo.
589 3727 783 3778 Nescio
806 3729 996 3798 igitur,
1025 3747 1092 3779 an
1117 3729 1288 3781 verior

281 3807 546 3858 sententia
576 3806 642 3858 sit
664 3805 851 3857 Wolfii
868 3845 885 3872 ,
913 3808 1169 3858 servantis
1193 3825 1287 3878 po·

281 3887 384 3938 sita
417 3885 618 3936 ratione
631 3923 650 3951 ,
699 3883 926 3955 simplici
972 3884 1138 3937 verbo
1187 3904 1286 3955 pro

283 3965 587 4036 composito
603 4001 620 4028 ,
661 3965 766 4015 nisi
807 3964 924 4036 quis
968 3963 1072 4016 hoc
1113 3966 1288 4036 ipsum

282 4043 776 4118 (proposita)legere
791 4044 938 4098 malit
951 4064 1070 4098 cum
1083 4045 1290 4098 Ouden-

286 4123 498 4196 dorpio.
535 4124 736 4176 Locum
757 4124 999 4195 quidem,
1035 4144 1068 4177 a
1087 4125 1286 4177 Wolfio

286 4214 670 4274 comparatum,
691 4201 855 4273 Calig.
879 4201 962 4269 16,
977 4217 1160 4256 nostro
1176 4221 1286 4255 non

1383 1588 1891 1642 accommodaverim
1904 1627 1922 1656 ,
1943 1608 2107 1663 quum
2122 1608 2296 1641 sermo
2310 1590 2386 1642 ibi

1380 1668 1447 1719 sit
1460 1664 1528 1718 de
1545 1668 1833 1721 rationibus
1852 1670 2166 1739 propositis,
2190 1686 2302 1721 non
2317 1666 2385 1721 de

1381 1750 1597 1800 ratione.
1615 1748 1695 1801 lbi
1708 1750 1846 1801 enim
1862 1748 1931 1802 de
1946 1748 2109 1803 literis
2124 1768 2246 1801 vere
2262 1748 2387 1801 alio-

1378 1843 1496 1878 rum
1521 1824 1690 1877 oculis
1710 1830 1999 1901 propositis
2013 1828 2117 1880 alia
2137 1827 2285 1880 verbi
2308 1830 2385 1881 vis

1381 1920 1460 1957 est
1485 1919 1539 1957 et
1560 1908 1727 1977 magis
1750 1909 1985 1979 propria.
2015 1908 2205 1973 Licuit,
2230 1921 2384 1977 pute,

1378 1983 1618 2055 profiteri
1645 1984 2033 2039 dubitationem
2062 1985 2130 2037 de
2153 1988 2385 2038 virorum

1380 2064 1813 2117 doctissimorum
1852 2067 2157 2131 sententiis,
2203 2085 2388 2139 quam·-

1380 2164 1543 2215 quam
1583 2144 1772 2197 melior
1812 2146 1942 2197 mihi
1983 2164 2095 2199 non
2137 2149 2384 2219 suppetit.

1377 2222 1587 2277 Muller.
1614 2225 1870 2295 conjecit,
1892 2238 2165 2299 postquam
2184 2226 2385 2278 brevem

1380 2306 1668 2357 orationem
1687 2340 1705 2368 ,
1748 2302 1831 2355 vel
1870 2314 1989 2373 post
2028 2305 2203 2356 habita
2245 2306 2386 2357 brevi

1378 2382 1630 2436 oratione.

1451 2460 1500 2513 3.
1546 2462 1761 2532 Quasi...
1780 2462 1833 2513 υἱ
1844 2474 2066 2516 coactus.
2084 2463 2165 2516 cf.
2180 2460 2379 2534 Xiphil.

1377 2543 1569 2608 LXIV,
1600 2543 1649 2594 8.

1447 2623 1500 2688 4.
1555 2620 1823 2674 Palatium
1857 2622 2003 2694 petit.
2043 2622 2211 2673 Tacit.
2251 2621 2285 2672 l.
2329 2642 2375 2674 c.

1384 2699 1567 2752 notho
1583 2737 1599 2766 ,
1639 2713 1860 2751 cruento
1890 2698 2065 2751 adhuc
2088 2700 2260 2766 Foro,
2285 2719 2380 2772 per

1376 2793 1603 2850 stragem
1638 2780 1929 2850 jacentium
1963 2781 2019 2831 in
2057 2778 2377 2852 Capitolium

1373 2873 1535 2931 atque
1549 2857 1671 2910 inde
1686 2859 1741 2910 in
1755 2857 2014 2909 Palatium
2033 2871 2236 2925 vectus,
2258 2879 2379 2910 con-

1372 2938 1490 2991 cedi
1505 2956 1733 3009 corpora
1749 2936 2031 3009 sepultura!
2051 2941 2377 3010 cremarique

1373 3019 1628 3091 permisit.
1651 3040 1673 3064 υ

1447 3099 1498 3151 5.
1536 3097 1719 3151 Ac...a
1755 3097 1977 3169 pellatus
1989 3099 2150 3165 Nero,
2168 3112 2270 3151 etc.
2294 3099 2377 3153 Cf.

1375 3175 1639 3230 Plutarch.
1728 3176 1805 3228 th.
1844 3177 1897 3229 3.
1946 3177 2117 3229 Tacit.
2154 3180 2289 3229 Hist.
2327 3181 2378 3242 1,

1377 3257 1476 3325 78:
1534 3277 1557 3302 ι
1576 3257 1657 3307 Ne
1696 3266 1810 3305 tum
1852 3253 2063 3324 quidem
2104 3258 2380 3308 immemor

1377 3353 1645 3401 amorum,
1685 3347 1886 3412 statuas
1916 3335 2153 3406 Poppaeae
2173 3353 2269 3405 per
2290 3335 2380 3386 Se-

1375 3411 1841 3468 natusconsultum
1854 3414 2106 3484 reposuit.
2134 3412 2378 3466 Creditus

1377 3508 1457 3548 est
1497 3496 1655 3548 etiam
1698 3492 1764 3544 de
1802 3491 2115 3545 celebranda
2150 3495 2378 3546 Neronis

1375 3574 1633 3626 memoria
1670 3572 1981 3640 agitavisse,
2032 3589 2127 3642 spe
2162 3572 2379 3642 vulgum

1375 3650 1663 3705 alliciendi.
1694 3649 1759 3701 Et
1788 3651 1935 3702 fuere
1952 3689 1970 3717 ‚
2010 3652 2101 3723 qui
2124 3652 2378 3722 imagines

1375 3732 1602 3784 Neronis
1623 3742 2017 3801 proponerent;
2042 3743 2201 3804 atque
2220 3732 2381 3785 etiam

1378 3810 1582 3865 Othoni
1602 3807 1920 3881 quibusdam
1939 3807 2125 3861 diebus
2144 3812 2379 3882 populus

1379 3904 1432 3942 et
1455 3889 1603 3941 miles
1620 3924 1637 3952 ‚
1675 3901 1931 3960 tanquam
1960 3887 2289 3940 nobilitatem
2315 3908 2376 3942 ac

1377 3968 1541 4021 decus
1566 3966 1926 4030 adstruerent,
1954 3967 2156 4018 Neroni
2183 3966 2379 4019 Othoni

1378 4045 1703 4098 acclamavit.
1742 4047 1862 4115 Ipse
1906 4045 1961 4094 in
1996 4062 2255 4115 suspenso
2295 4059 2375 4096 te-

1376 4125 1514 4190 nuit,
1532 4121 1743 4174 vetaudi
1762 4134 1925 4188 metu,
1954 4122 2037 4174 vel
2058 4123 2379 4194 agnoscendi

1377 4202 1631 4274 pudorem
1675 4199 1826 4253 Adde
1846 4199 2044 4272 Xiphil.
2070 4200 2105 4254 l.
2132 4221 2179 4254 c.
