3050 5004
1389 466 1459 529 C.
1510 459 1986 531 SUETONH

626 619 709 663 ac
732 591 1009 663 vixdum
1021 591 1313 659 triclinio
1332 614 1709 683 egressum,
1730 590 2004 664 confodi
2015 590 2254 687 jussit:
2279 618 2442 666 sane
2461 614 2748 689 urgente

626 705 1016 776 discrimine
1032 756 1049 787 ,
1094 728 1311 799 quum
1356 706 1562 773 etiam
1597 703 2128 800 chirographum
2163 703 2314 800 ejus
2349 724 2746 800 praepamtoe

626 816 813 910 apud
862 815 1107 883 milites
1158 816 1501 893 concionis
1521 826 1550 867 9
1599 814 2180 909 deprehendisset.
2231 816 2496 905 Quibus
2543 818 2746 890 rebus

627 934 801 1002 sicut
838 930 911 995 in
952 942 1303 1019 posterum
1344 928 1690 995 securitati
1733 929 1894 997 satis
1931 931 2144 1010 cavit,
2188 931 2282 1002 ita
2316 927 2404 1001 ad
2444 953 2746 1022 praesens

626 1039 999 1132 plurimum
1024 1042 1357 1107 contraxit
1382 1037 1682 1107 invidiae:
1715 1055 1794 1106 ut
1823 1063 1966 1113 non
1992 1056 2250 1109 temere
2279 1043 2432 1135 quis
2465 1055 2608 1113 tam
2629 1040 2745 1111 ad·

628 1173 825 1217 verso
867 1173 1141 1219 rumore
1159 1202 1177 1231 ,
1224 1152 1579 1245 magisque
1614 1151 1842 1219 invitis
1882 1150 2236 1233 omnibus,
2283 1152 2624 1225 transierit
2660 1150 2748 1221 ad

626 1262 1107 1355 principatum.

722 1376 871 1441 Vll.
926 1378 1177 1441 Praeter
1229 1374 1556 1441 sat-vitiam
1607 1390 1926 1465 suspecta
1973 1376 2047 1443 in
2097 1396 2178 1441 eo
2229 1376 2432 1444 etiam
2479 1371 2748 1445 luxuria

628 1502 801 1566 erat,
832 1482 1019 1579 quod
1045 1483 1134 1553 ad
1166 1484 1461 1557 mediam
1486 1502 1762 1557 noctem
1793 1487 2302 1555 comissationes
2331 1508 2494 1563 cum
2523 1484 2749 1577 profiu-

628 1599 895 1666 sissimo
914 1620 1191 1691 quoque
1210 1596 1648 1668 familiarium
1666 1595 2082 1669 extenderet.
2105 1602 2246 1665 Nec
2265 1598 2491 1671 minus
2511 1594 2746 1679 libido,

624 1726 904 1801 propter
927 1708 1348 1775 exoletorum
1373 1726 1443 1779 et
1456 1705 1850 1800 spadonum
1874 1730 2110 1800 greges
2131 1716 2146 1744 ¹
2174 1759 2191 1789 ,
2215 1722 2632 1801 propterque
2653 1708 2748 1773 in-

628 1822 889 1912 signem
938 1821 1187 1910 reginae
1234 1821 1585 1887 Berenices
1631 1834 1978 1889 amorem²
2000 1870 2018 1899 ‚
2071 1819 2183 1885 cui
2229 1818 2432 1885 etiam
2477 1818 2750 1908 nuptias

626 1928 967 2025 pollicitus
996 1927 1363 1997 ferebatur.
1405 1932 1732 2023 Suspecta
1765 1945 1833 1996 et
1869 1930 2238 2022 rapacitas3
2273 1926 2460 2022 quod
2491 1942 2750 1995 consta-

627 2039 745 2108 bat
764 2090 782 2119 ,
808 2042 879 2107 in
902 2039 1399 2131 cognitionibus
1423 2042 1636 2134 patris
1651 2040 1680 2087 3
1705 2039 2073 2108 nundinari
2100 2039 2576 2133 praemiarique
2601 2035 2751 2105 soli-

634 468 765 553 37⁰

630 2260 814 2315 Aurei.
844 2262 983 2313 vict.
1023 2261 1057 2313 Ι.
1090 2282 1139 2314 c.
1176 2264 1364 2332 qui-u
1342 2262 1646 2316 «Caecinam

630 2342 969 2397 consularem
1002 2342 1309 2395 adhibitum
1332 2362 1525 2412 coenae,
1563 2347 1648 2397 vix

630 2423 759 2477 dum
790 2423 1021 2476 triclinio
1050 2440 1355 2493 egressum,
1384 2426 1446 2475 ob
1478 2426 1649 2497 suspi-

629 2507 833 2558 cionem
880 2517 1123 2574 stupratae
1167 2505 1435 2558 Berenices
1474 2505 1650 2558 uxoris

632 2605 761 2652 Μ,
782 2585 1019 2658 jugulari
1037 2588 1258 2656 jussit.»

703 2684 757 2736 9.
800 2665 1090 2719 Οοηοὶοιιὶε.
1121 2669 1201 2717 Ita
1228 2685 1329 2736 pro
1357 2665 1501 2736 vulg.
1528 2683 1650 2718 con·-

618 2745 913 2818 jurationis
958 2763 989 2797 e
1028 2743 1197 2797 codd.
1250 2744 1652 2798 rescribendum

636 2838 960 2877 censuerant
982 2825 1159 2878 Guiet.
1176 2863 1193 2890 ‚
1218 2823 1479 2890 Casaub.‚
1506 2826 1652 2876 Peri-

633 2906 819 2956 zonius
836 2943 852 2970 ‚
882 2905 1153 2968 nokerus,
1184 2919 1238 2956 et
1265 2907 1652 2976 rescripserunt

635 2984 847 3036 Ernest.
874 2997 925 3036 et
952 2981 1301 3054 Oudendorp.
1332 2983 1466 3037 Vide
1488 2985 1650 3036 etiam

636 3064 844 3115 Ernest.
874 3060 945 3114 ad
970 3063 1141 3114 Tacit.
1171 3063 1305 3114 nist.
1336 3065 1409 3130 11,
1440 3080 1525 3133 79.

709 3144 821 3194 vn.
854 3159 897 3193 1.
938 3143 1011 3193 Et
1030 3140 1319 3211 spadonum
1345 3160 1540 3215 qreqes.
1567 3141 1650 3193 cf.

638 3221 839 3294 xiphil.
870 3222 1087 3286 LXVII,
1124 3237 1183 3285 2,
1215 3233 1269 3272 et
1291 3218 1411 3272 vide
1441 3221 1509 3272 ad
1539 3223 1652 3273 Do-

640 3305 843 3356 mitian.
870 3321 996 3374 cap.
1028 3318 1076 3371 7.

716 3403 763 3436 2.
804 3385 1181 3458 Propinqua...
1218 3382 1481 3434 Berenices
1502 3399 1656 3433 amo·

640 3481 768 3515 rem.
797 3461 968 3514 Tacit.
1008 3461 1141 3512 nist.
1182 3461 1262 3524 11,
1306 3478 1365 3512 2:
1404 3459 1651 3524 Fuere,

642 3544 748 3634 qui·
762 3558 1052 3594 accensum
1080 3538 1345 3592 desiderio
1378 3541 1654 3592 Berenices

640 3624 835 3703 regino
862 3621 1083 3673 vertisse
1106 3621 1206 3672 iter
1229 3619 1519 3673 crederent.
1547 3623 1654 3674 Ne·

643 3721 751 3776 que
759 3684 1096 3756 abhorrebat
1120 3720 1153 3754 a
1176 3702 1463 3754 Berenice'
1444 3703 1655 3768 juveni-

640 3783 707 3838 lis
723 3783 956 3844 animus·
979 3781 1071 3834 aed
1091 3780 1335 3852 gerendis
1354 3780 1515 3834 rebus
1537 3780 1656 3834 nul

642 3864 755 3917 lum
784 3883 846 3918 ex
880 3881 945 3915 eo
978 3860 1452 3934 impedimentum:
1484 3861 1656 3916 laetam

644 3941 1010 4014 voluptatibus
1057 3940 1473 3994 adolescentiam
1514 3943 1656 4012 egit,

644 4039 747 4076 auo
776 4039 937 4094 qnam
968 4023 1133 4091 patris
1159 4023 1385 4092 irnperio
1412 4019 1657 4074 modera-

645 4103 765 4153 tior.
790 4123 813 4148 ιι
840 4099 924 4152 cf.
956 4098 1211 4172 xiphilin.
1242 4100 1434 4167 LXVI,
1466 4100 1547 4153 15.
1577 4101 1658 4152 De

644 4179 851 4234 famosa
894 4177 997 4232 hac*
1034 4179 1231 4234 femina
1274 4178 1393 4234 vide
1432 4179 1654 4252 Joseph.

1737 2266 1862 2315 Ant.
1905 2264 2104 2327 XVIII,
2150 2262 2218 2329 5,
2259 2261 2328 2328 43
2371 2261 2532 2327 xlx,
2576 2260 2651 2328 5,
2691 2277 2748 2327 ξς

1737 2344 1868 2407 XX,
1905 2360 1965 2412 7,
2005 2343 2056 2395 3.
2097 2342 2251 2394 Plura
2286 2340 2440 2395 dedit
2473 2342 2749 2394 Reimarus

1740 2422 1810 2475 ad
1835 2421 2040 2493 Xiphil.
2069 2422 2173 2475 loc.
2198 2424 2285 2473 cit.

1809 2500 1862 2554 3.
1899 2504 1970 2553 In
1991 2500 2376 2573 coynitionibus
2392 2500 2578 2571 patris.
2593 2496 2748 2570 anss.

1741 2584 1798 2634 in
1825 2581 2162 2636 concionibus
2189 2581 2393 2654 patriis.
2423 2581 2504 2632 lta
2527 2581 2750 2633 vicissim

1737 2663 1911 2714 Tacit.
1940 2662 2074 2714 nist.
2111 2662 2184 2726 11,
2212 2677 2312 2731 79,
2339 2657 2484 2730 vulg.
2518 2677 2627 2710 non
2652 2676 2750 2729 pa-

1739 2751 1856 2792 rata
1879 2739 2180 2813 cognitione
2203 2757 2302 2809 pro
2325 2736 2593 2792 concinne.
2619 2733 2750 2788 cod.

1743 2820 1894 2886 alter,
1911 2821 1968 2872 in
1983 2815 2617 2892 neqotiationibuspatrit,
2639 2832 2752 2887 quse

1743 2900 2004 2952 correctio
2025 2917 2138 2952 esse
2157 2895 2388 2964 videtur,
2413 2897 2592 2980 inepte
2609 2893 2756 2948 indu·

1739 2993 1826 3032 cta
1848 2997 1912 3032 ex
1940 2975 2412 3050 Vespas.16‚ubi
2433 2963 2501 3030 d'e
2526 2975 2754 3048 περσεία-

1743 3060 1964 3114 tionibus
1987 3060 2303 3130 Vespasiani
2323 3075 2528 3122 sermo,
2561 3055 2754 3126 quibus

1735 3141 2026 3192 convenire
2053 3137 2334 3191 videbatur
2368 3135 2590 3188 verbum
2625 3153 2755 3188 nmi-

1743 3221 1950 3288 dinari,
1998 3219 2054 3272 h.
2099 3219 2135 3271 l.
2180 3218 2248 3272 (le
2294 3217 2510 3270 vendita
2549 3217 2756 3288 justitia

1743 3315 2086 3374 usurpatum.
2134 3301 2260 3353 Non
2305 3297 2534 3352 tacenda
2578 3311 2754 3352 autem

1745 3385 2086 3453 conjectura,
2119 3399 2282 3453 quam
2319 3379 2578 3450 singulari
2609 3379 2678 3432 de
2698 3378 2751 3432 b.

1744 3465 1779 3516 Ι.
1824 3462 2010 3516 libello
2051 3462 2278 3536 protulit
2315 3461 2518 3514 Boden.
2559 3461 2754 3516 Suadet

1743 3543 1835 3598 ille
1867 3544 2178 3598 nacionibus.
2219 3541 2464 3598 Coc-'iones
2497 3555 2626 3594 sunt
2661 3542 2752 3598 Gr.

1743 3619 1948 3676 κάπηλοι
1963 3661 1978 3684 ,
2002 3618 2290 3688 μηεβὸλοι,
2319 3618 2568 3690 ἀγοραῖοι,
2590 3635 2646 3674 et
2671 3639 2754 3676 co-

1743 3704 1946 3756 ciatura
1961 3697 2318 3767 masta-rui,
2344 3715 2405 3756 ut
2431 3700 2570 3754 adeo
2591 3702 2754 3754 coeio·

1745 3801 1834 3836 nes
1847 3782 2036 3854 patrii,
2061 3784 2204 3836 inter
2221 3799 2358 3853 quos
2375 3781 2530 3834 Titus
2547 3781 2752 3851 negotia

1747 3863 2220 3930 sua'exercuerit,
2261 3863 2300 3914 ii
2339 3861 2538 3916 fuerint
2557 3899 2578 3928 ,
2622 3879 2751 3934 quos

1745 3943 2104 4018 Vespauianns
2145 3942 2530 3996 subornaverat
2567 3939 2638 3996 ad
2671 3958 2750 3994 re·

1723 4053 1726 4056 -
1741 4019 1958 4074 venales
1973 4021 2214 4094 undique
2225 4018 2646 4092 comparandas,
2663 4037 2753 4072 un·

1747 4099 1824 4156 de'
1853 4103 2086 4172 majores
2123 4115 2314 4172 postea
2345 4113 2578 4172 quaestus
2615 4101 2750 4152 face·

1747 4197 1882 4236 rent.
1905 4184 2104 4237 Verum
2129 4183 2286 4235 nimis
2305 4182 2522 4253 quasita
2547 4179 2748 4234 videtur
