3050 5004
410 1688 421 1706 ¹
466 1683 471 1691 .

422 1780 479 1819 s,-

348 1897 373 1925 s
419 1897 429 1916 9

349 1960 376 2023 ,’
408 1980 437 2021 x
472 1949 538 2020 ‚sa

322 2086 345 2123 0'
432 2075 464 2115 θ’

331 2152 347 2181 θ
386 2126 529 2174 aa!

668 469 792 553 154
1402 477 1475 543 C.
1529 478 2000 547 SUETONII

656 602 965 669 retinuit:
990 606 1182 670 auxit
1212 604 1443 685 etiam3
1478 628 1608 673 nec
1624 657 1640 688 ,
1675 610 1804 674 nisi
1837 607 2145 701 partibus
2168 607 2422 707 ubique
2454 612 2766 710 profliga-

654 712 775 794 tis,
800 716 895 779 M.
924 716 1215 782 Antonio
1242 730 1517 809 sponte,
1545 732 1612 783 et
1633 719 1924 809 ingentis
1951 722 2174 789 meriti
2197 720 2381 807 loco,
2411 722 2766 815 ³tradidit;

654 821 978 921 solusque
1015 830 1323 895 omnium
1361 851 1442 895 ex
1482 829 1564 897 iis
1589 880 1606 911 ,
1647 831 1767 924 qui
1806 834 1954 924 pari
1995 831 2146 925 lege
2190 833 2491 905 damnati
2537 858 2768 924 erant,

653 938 1004 1005 restitutus
1030 940 1097 1003 in
1122 940 1411 1031 patriam
1429 993 1449 1023 ‚
1478 940 1934 1034 amplissimos
1955 942 2250 1013 honores
2271 944 2768 1039 ⁴percucurrit:

654 1068 735 1113 ac
764 1046 1051 1116 subinde
1072 1048 1522 1143 redintegrata
1545 1048 1965 1121 dissensione
1987 1055 2201 1139 civili,
2231 1055 2451 1125 eidem
2479 1064 2773 1131 Antonio

654 1154 917 1249 legatus
935 1211 952 1242 ,
988 1158 1283 1228 delatam
1308 1160 1434 1228 sibi
1458 1184 1798 1251 summam
1819 1164 2084 1257 imperii
2107 1165 2194 1233 ab
2215 1168 2298 1233 iis
2318 1218 2335 1249 ‚
2369 1190 2544 1262 quos
2573 1170 2773 1239 Cleo-

655 1284 868 1360 patrae
898 1268 1231 1363 pudebat,
1270 1295 1493 1367 neque
1531 1274 1874 1365 suscipere
1897 1324 1913 1355 ,
1953 1297 2176 1370 neque
2204 1298 2518 1345 recusare
2555 1277 2772 1349 fiden-

656 1394 777 1461 ter,
802 1396 1082 1475 propter
1104 1381 1399 1450 suhitam
1428 1381 1891 1451 valetudinem
1911 1436 1928 1467 ,
1956 1408 2165 1452 ausus
2183 1437 2200 1468 ,
2231 1389 2498 1455 transiit
2523 1388 2611 1457 ad
2632 1395 2772 1457 Au·-

574 1545 582 1556 .
657 1493 1007 1583 gustum52
1041 1508 1112 1561 et
1132 1495 1203 1560 in
1226 1490 1467 1562 diebus
1492 1496 1728 1587 paucis
1752 1492 1920 1562 obiit
1936 1547 1954 1577 ,
1981 1494 2313 1564 nonnulla
2339 1513 2409 1565 et
2428 1500 2574 1590 ipse
2573 1500 2772 1589 „ini-'a-

521 1672 532 1690 Ι
589 1619 602 1698 j
649 1603 791 1698 {135³
824 1626 1163 1697 aspersus.
1188 1608 1361 1671 Nam
1394 1605 1758 1686 Antonius,
1799 1628 1956 1671 eum
1993 1604 2328 1674 desiderio
2355 1610 2592 1677 amicae
2617 1614 2772 1681 Ser-

598 1774 612 1806 ,
654 1711 831 1781 viliae
854 1711 1083 1781 Naidis
1108 1714 1579 1815 transfugisse,
1602 1710 1898 1807 jactavit.

751 1829 867 1891 IV.
916 1831 1017 1893 Ex
1048 1824 1179 1894 hoc
1204 1827 1538 1895 Domitius
1561 1827 1885 1917 nascitur,
1913 1848 2118 1920 quem
2143 1844 2474 1895 emtorem
2495 1827 2792 1925 fiamiliae·

656 1938 1129 2032 pecuniaeque¹
1176 1940 1249 2004 in
1292 1950 1697 2003 testamento
1742 1939 2028 2028 Augusti
2071 1936 2280 2005 fuisse
2301 1989 2317 2020 ,
2359 1962 2520 2006 mox
2567 1937 2772 2031 vulgo

608 2066 639 2119 J,
657 2060 967 2114 notatum
1006 2063 1141 2132 est3
1185 2072 1325 2115 non
1362 2048 1590 2114 minus
1633 2044 1990 2138 aurigandi
2031 2064 2174 2116 arte
2206 2051 2276 2116 in
2311 2048 2774 2119 adolescentia

656 2153 881 2223 clarus
901 2209 920 2239 ‚
958 2180 1164 2252 quam
1200 2154 1445 2225 deinde
1482 2158 1896 2223 ornamentis
1935 2158 2458 2251 triumphalibus
2488 2184 2570 2228 ex
2609 2164 2775 2229 Ger-

654 2268 922 2335 manico
946 2266 1129 2336 bello
1144 2276 1191 2335 ².
1218 2274 1476 2335 Verum
1496 2290 1824 2359 arrogans
1843 2318 1862 2349 ‚
1887 2268 2206 2361 profusus
2225 2322 2245 2352 ‚
2273 2272 2548 2341 immitis
2561 2324 2580 2355 ‚
2607 2274 2774 2339 Cen-

658 2399 883 2446 sorem
910 2382 987 2446 L.
1020 2376 1391 2447 Plancum3
1419 2380 1532 2446 via
1553 2377 1680 2446 sibi
1707 2376 2035 2446 decedere
2062 2379 2292 2448 AEdilis
2319 2385 2534 2476 coegit
2551 2390 2580 2449 ἒ·
2598 2405 2776 2477 prae·

656 2502 830 2559 turae
852 2490 1383 2590 consulatusque
1404 2490 1667 2560 honore
1688 2544 1705 2575 ,
1730 2493 2012 2588 Equites
2035 2498 2374 2564 Romanos
2393 2509 2774 2565 matronas·

728 2746 779 2799 3.
818 2703 901 2800 ss.
939 2748 1234 2804 Antonio...
1268 2752 1496 2805 tradidit.
1533 2729 1668 2803 vm.

657 2826 889 2897 Appian.
914 2831 980 2896 V,
1010 2827 1105 2893 553
1128 2829 1265 2882 vell.
1295 2832 1375 2898 Π,
1406 2847 1469 2902 72
1500 2843 1554 2883 et
1579 2830 1666 2900 76.

726 2905 781 2972 4.
825 2906 1187 2979 Amplissimos
1226 2911 1445 2964 honores
1479 2928 1669 2982 percu-

654 2986 833 3038 cun-it.
856 2985 1061 3040 Consul
1076 2989 1182 3042 fuit
1197 3007 1321 3043 cum
1338 2991 1491 3044 sosio
1502 3027 1525 3058 ,
1539 3009 1666 3044 ann.

658 3079 686 3132 7
697 3080 724 3115 2
732 3081 759 3115 2
768 3100 781 3114 .

728 3141 779 3194 5.
822 3141 1053 3198 Transiit
1072 3145 1144 3198 aa
1166 3109 1477 3220 Anqu'smm.
1502 3149 1662 3202 conf.

654 3219 925 3273 Plutarch.
951 3223 1150 3275 Anton-
1178 3223 1278 3288 633
1308 3227 1447 3294 Dio,
1469 3229 1540 3294 L,
1573 3228 1664 3291 135

654 3300 793 3354 Ven.
814 3305 895 3369 11,
922 3301 1022 3369 843
1050 3317 1162 3356 not.
1190 3305 1261 3359 ad
1284 3308 1507 3378 August.
1539 3325 1618 3378 ¹7·

724 3382 813 3437 lv.
861 3399 905 3436 1.
946 3385 1215 3440 Emtooem
1240 3387 1478 3459 familioe
1508 3408 1671 3461 pecu·

654 3463 886 3535 nioeque5
916 3483 1017 3536 per
1060 3467 1429 3538 imaginariam
1462 3467 1668 3520 scilicet

654 3537 963 3596 hereditatis
986 3547 1472 3616 mancipationem,
1498 3549 1667 3600 usita-

655 3633 764 3671 tam
788 3623 843 3674 in
864 3633 1169 3678 testamento
1186 3645 1285 3698 per
1298 3645 1365 3682 ως
1386 3637 1439 3678 et
1458 3626 1664 3680 libram.

653 3698 791 3753 Vide
814 3702 1043 3755 Brisson.
1078 3702 1143 3756 de
1176 3705 1353 3759 Form.
1393 3703 1485 3758 lib.
1517 3706 1668 3772 vm,

653 3799 778 3854 pag.
806 3782 911 3838 586
938 3802 1049 3856 seq.
1080 3787 1331 3840 Heinecc.
1355 3787 1480 3839 Ant.
1513 3789 1669 3840 Rom.

652 3863 735 3930 11,
772 3882 867 3932 10,
898 3865 926 3940 §
948 3865 984 3918 6
1007 3885 1121 3940 seq.
1146 3871 1279 3921 Voc.
1300 3871 1663 3940 pecunt’oeque,

657 3941 969 3996 damnatum
1016 3963 1047 3998 a
1086 3947 1373 4000 Torrentio
1410 3947 1665 4019 aliisque,

656 4021 807 4094 quod
818 4022 1045 4094 familia
1070 4027 1125 4078 in
1158 4025 1392 4080 formula
1422 4019 1668 4080 sollemni

656 4097 724 4150 de
746 4111 857 4152 tota
876 4118 933 4152 re
952 4087 1201 4155 familiari
1218 4103 1325 4156 dici
1343 4103 1507 4172 solet,
1524 4117 1668 4158 recte

656 4176 958 4234 defenditur
988 4199 1017 4232 a
1054 4185 1230 4236 Burm.
1258 4197 1311 4240 et
1333 4185 1546 4240 Ernest.
1571 4205 1669 4240 an—

1755 2753 2052 2824 tiquissimo
2076 2771 2177 2806 usu
2193 2791 2210 2820 ,
2235 2772 2398 2826 quum
2418 2755 2472 2806 in
2491 2754 2589 2806 XII
2607 2754 2774 2808 tabu-

1749 2831 1819 2884 lis
1841 2831 2030 2885 eodem
2047 2835 2162 2903 jam
2185 2833 2350 2886 modo
2368 2836 2669 2904 jungantur
2679 2834 2775 2906 fa-

1756 2908 1910 2962 milia
1951 2914 2299 2985 pecuniaque.
2347 2911 2558 2964 Scilicet
2603 2911 2772 2964 modo

1755 2989 1966 3058 latiori,
1995 2989 2156 3043 modo
2182 2992 2479 3062 angustiori
2501 3009 2664 3044 sensu
2679 2990 2776 3062 fa·

1757 3069 1913 3124 milia
1941 3068 2152 3135 dicitur,
2177 3083 2340 3141 atque
2370 3069 2460 3121 ille
2489 3071 2658 3122 serius
2680 3073 2771 3122 in-

1754 3150 2024 3203 valescere
2069 3151 2249 3222 coepit.
2299 3147 2586 3202 Suetonius
2627 3149 2774 3202 anti·-

1757 3246 1888 3300 quas
1917 3226 2173 3280 formulas
2197 3231 2402 3280 servare
2423 3225 2576 3280 solet.

1831 3327 1879 3362 2.
1915 3311 2001 3362 Ex
2029 3309 2344 3363 Germanico
2369 3307 2504 3361 bello
2519 3329 2538 3371 ,-
2563 3327 2594 3361 a
2615 3305 2776 3360 Tibe-

1757 3390 1838 3440 rio
1861 3401 2031 3460 gesto.
2053 3389 2136 3442 Cf.
2159 3389 2336 3442 Tiber.
2367 3404 2451 3440 20.
2474 3388 2646 3440 Tacit.
2663 3388 2776 3442 Aur

1755 3465 1862 3520 nal.
1903 3467 1993 3533 w,
2037 3466 2108 3534 44
2123 3501 2142 3530 ‚
2183 3489 2206 3516 α
2229 3469 2492 3522 Domitius
2533 3468 2773 3520 exercitu
2817 3451 2838 3545 ξ

1755 3547 1955 3600 flumen
1977 3545 2158 3600 Albim
2177 3547 2532 3614 transcendit,
2555 3547 2772 3619 longius
2831 3554 2850 3630 χ

1755 3639 2032 3699 penetrata
2061 3628 2383 3693 Germania,
2420 3644 2583 3698 qnam
2623 3626 2776 3698 quia-
2835 3640 2844 3658 f

1757 3725 1916 3780 quam
1944 3709 2214 3778 priorum:
2245 3725 2441 3780 easque
2476 3706 2548 3760 ob
2575 3725 2659 3760 res
2685 3708 2774 3758 in-
2797 3690 2824 3748 s

1755 3790 1923 3860 signia
1949 3788 2204 3860 triumphi
2225 3787 2452 3860 adeptus
2477 3799 2574 3840 est.
2597 3809 2620 3834 n

1825 3869 1877 3921 3.
1919 3871 2187 3922 Censorem
2221 3869 2282 3920 L.
2309 3867 2610 3928 Plancum‚·
2639 3865 2773 3918 ulti-

1756 3963 1902 3998 mum
1922 3967 1951 4000 e
1969 3949 2188 4019 privatis
2207 3967 2331 4002 ann.
2355 3949 2478 4018 73²·
2502 3947 2590 4003 Cf.-
2605 3947 2770 3998 Dion.

1755 4029 1891 4097 le,
1913 4047 1961 4082 a.
1981 4031 2126 4102 Lips.
2145 4028 2446 4102 corrigebat
2458 4029 2770 4081 censorium.

1757 4109 1830 4162 At
1873 4110 1929 4160 in
1975 4107 2362 4162 summovendo
2403 4110 2516 4178 jam
2556 4109 2772 4179 privato

1757 4186 1908 4242 nulla
1929 4188 2116 4242 fuisset
2141 4187 2462 4258 arrogantia.
