<?xml version="1.0" encoding="UTF-8"?>
<!DOCTYPE html PUBLIC "-//W3C//DTD XHTML 1.0 Transitional//EN"
    "http://www.w3.org/TR/xhtml1/DTD/xhtml1-transitional.dtd">
<html xmlns="http://www.w3.org/1999/xhtml" xml:lang="en" lang="en">
 <head>
  <title>
</title>
<meta http-equiv="Content-Type" content="text/html;charset=utf-8" />
  <meta name='ocr-system' content='tesseract 3.04.00' />
  <meta name='ocr-capabilities' content='ocr_page ocr_carea ocr_par ocr_line ocrx_word'/>
</head>
<body>
  <div class='ocr_page' id='page_1' title='image "./csuetoniitranqu09suetgoog_0448.png"; bbox 0 0 3050 5004; ppageno 0'>
   <div class='ocr_carea' id='block_1_1' title="bbox 996 519 2371 605">
    <p class='ocr_par' dir='ltr' id='par_1_1' title="bbox 996 519 2371 605">
     <span class='ocr_line' id='line_1_1' title="bbox 996 519 2371 605; baseline 0.004 -23"><span class='ocrx_word' id='word_1_1' title='bbox 996 519 1635 585; x_wconf 75' lang='lat' dir='ltr'><strong>n0M1T1ANth.</strong></span> <span class='ocrx_word' id='word_1_2' title='bbox 2239 521 2371 605; x_wconf 78' lang='lat'><strong>405</strong></span> 
     </span>
    </p>
   </div>
   <div class='ocr_carea' id='block_1_2' title="bbox 268 639 2379 868">
    <p class='ocr_par' dir='ltr' id='par_1_2' title="bbox 268 639 2379 868">
     <span class='ocr_line' id='line_1_2' title="bbox 268 639 2379 738; baseline 0.001 -26"><span class='ocrx_word' id='word_1_3' title='bbox 268 647 501 738; x_wconf 82' lang='lat' dir='ltr'><strong>geatis.</strong></span> <span class='ocrx_word' id='word_1_4' title='bbox 540 649 710 712; x_wconf 86' lang='lat' dir='ltr'><strong>Nam</strong></span> <span class='ocrx_word' id='word_1_5' title='bbox 752 658 821 708; x_wconf 91' lang='lat' dir='ltr'><strong>et</strong></span> <span class='ocrx_word' id='word_1_6' title='bbox 854 646 1143 734; x_wconf 80' lang='lat' dir='ltr'><strong>parcetis</strong></span> <span class='ocrx_word' id='word_1_7' title='bbox 1186 641 1397 709; x_wconf 89' lang='lat' dir='ltr'><strong>oculis</strong></span> <span class='ocrx_word' id='word_1_8' title='bbox 1440 645 1679 709; x_wconf 87' lang='lat' dir='ltr'><strong>vestris</strong></span> <span class='ocrx_word' id='word_1_9' title='bbox 1697 693 1714 725; x_wconf 88' lang='lat'>‚</span> <span class='ocrx_word' id='word_1_10' title='bbox 1753 658 1821 712; x_wconf 90' lang='lat' dir='ltr'><strong>et</strong></span> <span class='ocrx_word' id='word_1_11' title='bbox 1855 639 2233 736; x_wconf 79' lang='lat' dir='ltr'><strong>intelligent</strong></span> <span class='ocrx_word' id='word_1_12' title='bbox 2269 671 2379 714; x_wconf 88' lang='lat' dir='ltr'><strong>me</strong></span> 
     </span>
     <span class='ocr_line' id='line_1_3' title="bbox 269 751 1296 868; baseline -0.003 -47"><span class='ocrx_word' id='word_1_13' title='bbox 269 777 509 824; x_wconf 87' lang='lat' dir='ltr'><strong>omnes</strong></span> <span class='ocrx_word' id='word_1_14' title='bbox 537 753 808 822; x_wconf 90' lang='lat' dir='ltr'><strong>Senatui</strong></span> <span class='ocrx_word' id='word_1_15' title='bbox 835 751 1243 868; x_wconf 59' lang='lat' dir='ltr'><strong>interfuisse.</strong></span> <span class='ocrx_word' id='word_1_16' title='bbox 1270 783 1296 810; x_wconf 73' lang='grc' dir='ltr'><strong><em>υ</em></strong></span> 
     </span>
    </p>
   </div>
   <div class='ocr_carea' id='block_1_3' title="bbox 264 880 2430 2641">
    <p class='ocr_par' dir='ltr' id='par_1_3' title="bbox 264 880 2430 2641">
     <span class='ocr_line' id='line_1_4' title="bbox 364 880 2378 977; baseline 0 -26"><span class='ocrx_word' id='word_1_17' title='bbox 364 888 514 951; x_wconf 89' lang='lat' dir='ltr'><strong>XII.</strong></span> <span class='ocrx_word' id='word_1_18' title='bbox 554 880 937 950; x_wconf 84' lang='lat' dir='ltr'><strong>Exhaustus</strong></span> <span class='ocrx_word' id='word_1_19' title='bbox 957 905 1243 974; x_wconf 91' lang='lat' dir='ltr'><strong>operum</strong></span> <span class='ocrx_word' id='word_1_20' title='bbox 1265 905 1345 948; x_wconf 92' lang='lat' dir='ltr'><strong>ac</strong></span> <span class='ocrx_word' id='word_1_21' title='bbox 1366 905 1730 949; x_wconf 90' lang='lat' dir='ltr'><strong>munerum</strong></span> <span class='ocrx_word' id='word_1_22' title='bbox 1750 886 2105 976; x_wconf 76' lang='lat' dir='ltr'><strong>impensi5‚</strong></span> <span class='ocrx_word' id='word_1_23' title='bbox 2131 887 2378 977; x_wconf 89' lang='lat' dir='ltr'><strong>stipen-</strong></span> 
     </span>
     <span class='ocr_line' id='line_1_5' title="bbox 266 989 2378 1089; baseline 0.001 -28"><span class='ocrx_word' id='word_1_24' title='bbox 266 994 520 1089; x_wconf 89' lang='lat' dir='ltr'><strong>dioque</strong></span> <span class='ocrx_word' id='word_1_25' title='bbox 540 1045 559 1076; x_wconf 96' lang='lat'><strong>,</strong></span> <span class='ocrx_word' id='word_1_26' title='bbox 590 989 1141 1087; x_wconf 86' lang='lat' dir='ltr'><strong>quod-adjecerat</strong></span> <span class='ocrx_word' id='word_1_27' title='bbox 1159 1003 1202 1072; x_wconf 88' lang='lat'><strong>¹,</strong></span> <span class='ocrx_word' id='word_1_28' title='bbox 1230 995 1511 1060; x_wconf 87' lang='lat' dir='ltr'><strong>tentavit</strong></span> <span class='ocrx_word' id='word_1_29' title='bbox 1534 991 1809 1087; x_wconf 88' lang='lat' dir='ltr'><strong>quidem</strong></span> <span class='ocrx_word' id='word_1_30' title='bbox 1826 1046 1843 1079; x_wconf 89' lang='lat'>‚</span> <span class='ocrx_word' id='word_1_31' title='bbox 1869 992 1956 1061; x_wconf 89' lang='lat' dir='ltr'><strong>ad</strong></span> <span class='ocrx_word' id='word_1_32' title='bbox 1981 995 2378 1064; x_wconf 85' lang='lat' dir='ltr'><strong>relevandos</strong></span> 
     </span>
     <span class='ocr_line' id='line_1_6' title="bbox 266 1101 2378 1186; baseline 0 -14"><span class='ocrx_word' id='word_1_33' title='bbox 266 1121 646 1172; x_wconf 81' lang='lat' dir='ltr'><strong>castrenses</strong></span> <span class='ocrx_word' id='word_1_34' title='bbox 697 1118 993 1186; x_wconf 87' lang='lat' dir='ltr'><strong>sumtus,</strong></span> <span class='ocrx_word' id='word_1_35' title='bbox 1041 1101 1330 1170; x_wconf 90' lang='lat' dir='ltr'><strong>militum</strong></span> <span class='ocrx_word' id='word_1_36' title='bbox 1376 1126 1741 1171; x_wconf 88' lang='lat' dir='ltr'><strong>numerum</strong></span> <span class='ocrx_word' id='word_1_37' title='bbox 1783 1102 2208 1172; x_wconf 87' lang='lat' dir='ltr'><strong>deminuere:</strong></span> <span class='ocrx_word' id='word_1_38' title='bbox 2260 1104 2378 1173; x_wconf 82' lang='lat' dir='ltr'><strong>sed</strong></span> 
     </span>
     <span class='ocr_line' id='line_1_7' title="bbox 266 1208 2430 1309; baseline 0.001 -28"><span class='ocrx_word' id='word_1_39' title='bbox 266 1238 485 1309; x_wconf 91' lang='lat' dir='ltr'><strong>quum</strong></span> <span class='ocrx_word' id='word_1_40' title='bbox 520 1229 588 1279; x_wconf 90' lang='lat' dir='ltr'><strong>et</strong></span> <span class='ocrx_word' id='word_1_41' title='bbox 619 1212 987 1281; x_wconf 87' lang='lat' dir='ltr'><strong>obnoxium</strong></span> <span class='ocrx_word' id='word_1_42' title='bbox 1018 1237 1089 1280; x_wconf 86' lang='lat' dir='ltr'><strong>se</strong></span> <span class='ocrx_word' id='word_1_43' title='bbox 1120 1213 1425 1281; x_wconf 87' lang='lat' dir='ltr'><strong>barbaris</strong></span> <span class='ocrx_word' id='word_1_44' title='bbox 1454 1238 1581 1306; x_wconf 93' lang='lat' dir='ltr'><strong>per</strong></span> <span class='ocrx_word' id='word_1_45' title='bbox 1611 1214 1742 1283; x_wconf 88' lang='lat' dir='ltr'><strong>hoc</strong></span> <span class='ocrx_word' id='word_1_46' title='bbox 1773 1215 2376 1303; x_wconf 87' lang='lat' dir='ltr'><strong>animadverteret,</strong></span> <span class='ocrx_word' id='word_1_47' title='bbox 2425 1208 2430 1215; x_wconf 59' lang='grc'><strong>’</strong></span> 
     </span>
     <span class='ocr_line' id='line_1_8' title="bbox 267 1323 2379 1422; baseline 0.001 -28"><span class='ocrx_word' id='word_1_48' title='bbox 267 1351 495 1422; x_wconf 86' lang='lat' dir='ltr'><strong>neque</strong></span> <span class='ocrx_word' id='word_1_49' title='bbox 533 1349 613 1394; x_wconf 94' lang='lat' dir='ltr'><strong>eo</strong></span> <span class='ocrx_word' id='word_1_50' title='bbox 652 1328 871 1392; x_wconf 90' lang='lat' dir='ltr'><strong>secius</strong></span> <span class='ocrx_word' id='word_1_51' title='bbox 904 1329 975 1392; x_wconf 90' lang='lat' dir='ltr'><strong>in</strong></span> <span class='ocrx_word' id='word_1_52' title='bbox 1007 1323 1423 1418; x_wconf 84' lang='lat' dir='ltr'><strong>explicandis</strong></span> <span class='ocrx_word' id='word_1_53' title='bbox 1461 1327 1822 1395; x_wconf 85' lang='lat' dir='ltr'><strong>oneribus²</strong></span> <span class='ocrx_word' id='word_1_54' title='bbox 1860 1326 2175 1412; x_wconf 87' lang='lat' dir='ltr'><strong>haereret,</strong></span> <span class='ocrx_word' id='word_1_55' title='bbox 2208 1329 2379 1398; x_wconf 90' lang='lat' dir='ltr'><strong>nihil</strong></span> 
     </span>
     <span class='ocr_line' id='line_1_9' title="bbox 266 1393 2380 1533; baseline 0 -26"><span class='ocrx_word' id='word_1_56' title='bbox 266 1443 466 1533; x_wconf 88' lang='lat' dir='ltr'><strong>pensi</strong></span> <span class='ocrx_word' id='word_1_57' title='bbox 505 1437 741 1505; x_wconf 89' lang='lat' dir='ltr'><strong>habuit</strong></span> <span class='ocrx_word' id='word_1_58' title='bbox 754 1437 806 1522; x_wconf 84' lang='lat'><strong>3,</strong></span> <span class='ocrx_word' id='word_1_59' title='bbox 843 1439 1009 1530; x_wconf 83' lang='lat' dir='ltr'><strong>quin</strong></span> <span class='ocrx_word' id='word_1_60' title='bbox 1040 1437 1458 1530; x_wconf 88' lang='lat' dir='ltr'><strong>praedaretur</strong></span> <span class='ocrx_word' id='word_1_61' title='bbox 1490 1393 1680 1506; x_wconf 54' lang='lat' dir='ltr'><strong>olnni</strong></span> <span class='ocrx_word' id='word_1_62' title='bbox 1715 1437 1940 1506; x_wconf 88' lang='lat' dir='ltr'><strong>mod0.</strong></span> <span class='ocrx_word' id='word_1_63' title='bbox 1977 1444 2160 1507; x_wconf 91' lang='lat' dir='ltr'><strong>Bona</strong></span> <span class='ocrx_word' id='word_1_64' title='bbox 2195 1442 2380 1508; x_wconf 85' lang='lat' dir='ltr'><strong>vivo—</strong></span> 
     </span>
     <span class='ocr_line' id='line_1_10' title="bbox 264 1546 2378 1643; baseline 0.001 -28"><span class='ocrx_word' id='word_1_65' title='bbox 264 1570 427 1615; x_wconf 89' lang='lat' dir='ltr'><strong>rum</strong></span> <span class='ocrx_word' id='word_1_66' title='bbox 450 1571 530 1614; x_wconf 88' lang='lat' dir='ltr'><strong>ac</strong></span> <span class='ocrx_word' id='word_1_67' title='bbox 551 1561 980 1614; x_wconf 89' lang='lat' dir='ltr'><strong>mortuorum</strong></span> <span class='ocrx_word' id='word_1_68' title='bbox 1006 1570 1497 1643; x_wconf 86' lang='lat' dir='ltr'><strong>usquequaque</strong></span> <span class='ocrx_word' id='word_1_69' title='bbox 1512 1601 1532 1628; x_wconf 90' lang='lat'><strong>,</strong></span> <span class='ocrx_word' id='word_1_70' title='bbox 1561 1546 1866 1642; x_wconf 90' lang='lat' dir='ltr'><strong>quolibet</strong></span> <span class='ocrx_word' id='word_1_71' title='bbox 1891 1566 1957 1615; x_wconf 90' lang='lat' dir='ltr'><strong>et</strong></span> <span class='ocrx_word' id='word_1_72' title='bbox 1987 1565 2378 1618; x_wconf 86' lang='lat' dir='ltr'><strong>accusatore</strong></span> 
     </span>
     <span class='ocr_line' id='line_1_11' title="bbox 268 1655 2376 1764; baseline 0.001 -38"><span class='ocrx_word' id='word_1_73' title='bbox 268 1675 341 1726; x_wconf 89' lang='lat' dir='ltr'><strong>et</strong></span> <span class='ocrx_word' id='word_1_74' title='bbox 359 1660 640 1764; x_wconf 69' lang='lat' dir='ltr'><strong>crimine</strong></span> <span class='ocrx_word' id='word_1_75' title='bbox 655 1711 672 1741; x_wconf 95' lang='lat'><strong>,</strong></span> <span class='ocrx_word' id='word_1_76' title='bbox 695 1655 1253 1749; x_wconf 83' lang='lat' dir='ltr'><strong>corripiebantur.</strong></span> <span class='ocrx_word' id='word_1_77' title='bbox 1282 1663 1451 1727; x_wconf 84' lang='lat' dir='ltr'><strong>Satis</strong></span> <span class='ocrx_word' id='word_1_78' title='bbox 1476 1675 1652 1743; x_wconf 88' lang='lat' dir='ltr'><strong>erat,</strong></span> <span class='ocrx_word' id='word_1_79' title='bbox 1684 1655 1884 1752; x_wconf 88' lang='lat' dir='ltr'><strong>objici</strong></span> <span class='ocrx_word' id='word_1_80' title='bbox 1906 1660 2376 1755; x_wconf 89' lang='lat' dir='ltr'><strong>qualecunque</strong></span> 
     </span>
     <span class='ocr_line' id='line_1_12' title="bbox 266 1765 2378 1864; baseline 0.002 -30"><span class='ocrx_word' id='word_1_81' title='bbox 266 1769 526 1835; x_wconf 80' lang='lat' dir='ltr'><strong>factum</strong></span> <span class='ocrx_word' id='word_1_82' title='bbox 562 1767 904 1835; x_wconf 89' lang='lat' dir='ltr'><strong>dictumve</strong></span> <span class='ocrx_word' id='word_1_83' title='bbox 945 1765 1269 1834; x_wconf 88' lang='lat' dir='ltr'><strong>adversus</strong></span> <span class='ocrx_word' id='word_1_84' title='bbox 1304 1766 1730 1862; x_wconf 89' lang='lat' dir='ltr'><strong>majestatem</strong></span> <span class='ocrx_word' id='word_1_85' title='bbox 1770 1772 2118 1864; x_wconf 90' lang='lat' dir='ltr'><strong>Principis.</strong></span> <span class='ocrx_word' id='word_1_86' title='bbox 2159 1770 2378 1838; x_wconf 86' lang='lat' dir='ltr'><strong>Confi-</strong></span> 
     </span>
     <span class='ocr_line' id='line_1_13' title="bbox 268 1875 2378 1978; baseline 0.002 -33"><span class='ocrx_word' id='word_1_87' title='bbox 268 1877 634 1946; x_wconf 87' lang='lat' dir='ltr'><strong>scabantur</strong></span> <span class='ocrx_word' id='word_1_88' title='bbox 658 1875 1087 1944; x_wconf 73' lang='lat' dir='ltr'><strong>alienissimae</strong></span> <span class='ocrx_word' id='word_1_89' title='bbox 1110 1875 1539 1962; x_wconf 79' lang='lat' dir='ltr'><strong>hereditates,</strong></span> <span class='ocrx_word' id='word_1_90' title='bbox 1560 1877 1670 1946; x_wconf 90' lang='lat' dir='ltr'><strong>vel</strong></span> <span class='ocrx_word' id='word_1_91' title='bbox 1691 1903 1828 1948; x_wconf 92' lang='lat' dir='ltr'><strong>uno</strong></span> <span class='ocrx_word' id='word_1_92' title='bbox 1847 1883 2233 1964; x_wconf 85' lang='lat' dir='ltr'><strong>exsistente,</strong></span> <span class='ocrx_word' id='word_1_93' title='bbox 2259 1886 2378 1978; x_wconf 88' lang='lat' dir='ltr'><strong>qui</strong></span> 
     </span>
     <span class='ocr_line' id='line_1_14' title="bbox 268 1987 2376 2084; baseline 0.002 -26"><span class='ocrx_word' id='word_1_94' title='bbox 268 1989 556 2072; x_wconf 85' lang='lat' dir='ltr'><strong>diceret,</strong></span> <span class='ocrx_word' id='word_1_95' title='bbox 584 1988 851 2057; x_wconf 89' lang='lat' dir='ltr'><strong>audisse</strong></span> <span class='ocrx_word' id='word_1_96' title='bbox 873 2011 947 2056; x_wconf 88' lang='lat' dir='ltr'><strong>se</strong></span> <span class='ocrx_word' id='word_1_97' title='bbox 968 2013 1047 2056; x_wconf 87' lang='lat' dir='ltr'><strong>ex</strong></span> <span class='ocrx_word' id='word_1_98' title='bbox 1073 1987 1397 2057; x_wconf 87' lang='lat' dir='ltr'><strong>defuncto</strong></span> <span class='ocrx_word' id='word_1_99' title='bbox 1418 2042 1434 2071; x_wconf 89' lang='lat'><strong>,</strong></span> <span class='ocrx_word' id='word_1_100' title='bbox 1462 2012 1674 2084; x_wconf 88' lang='lat' dir='ltr'><strong>quum</strong></span> <span class='ocrx_word' id='word_1_101' title='bbox 1698 1993 1975 2072; x_wconf 84' lang='lat' dir='ltr'><strong>viveret,</strong></span> <span class='ocrx_word' id='word_1_102' title='bbox 2007 2023 2033 2052; x_wconf 73' lang='lat' dir='ltr'><strong><em>a</em></strong></span> <span class='ocrx_word' id='word_1_103' title='bbox 2057 1991 2376 2062; x_wconf 85' lang='lat' dir='ltr'><strong>heredem</strong></span> 
     </span>
     <span class='ocr_line' id='line_1_15' title="bbox 268 2099 2378 2178; baseline 0.001 -9"><span class='ocrx_word' id='word_1_104' title='bbox 268 2099 398 2169; x_wconf 86' lang='lat' dir='ltr'><strong>sibi</strong></span> <span class='ocrx_word' id='word_1_105' title='bbox 418 2103 752 2167; x_wconf 65' lang='lat' dir='ltr'><strong>Caesarem</strong></span> <span class='ocrx_word' id='word_1_106' title='bbox 770 2123 938 2168; x_wconf 87' lang='lat' dir='ltr'><strong>esse.</strong></span> <span class='ocrx_word' id='word_1_107' title='bbox 968 2131 995 2162; x_wconf 70' lang='lat' dir='ltr'><strong>»s</strong></span> <span class='ocrx_word' id='word_1_108' title='bbox 1029 2104 1281 2167; x_wconf 81' lang='lat' dir='ltr'><strong>Praeter</strong></span> <span class='ocrx_word' id='word_1_109' title='bbox 1302 2118 1562 2168; x_wconf 90' lang='lat' dir='ltr'><strong>ceteros</strong></span> <span class='ocrx_word' id='word_1_110' title='bbox 1582 2105 1619 2168; x_wconf 87' lang='lat' dir='ltr'><strong>J</strong></span> <span class='ocrx_word' id='word_1_111' title='bbox 1624 2100 1902 2178; x_wconf 88' lang='lat' dir='ltr'><strong>udaicus</strong></span> <span class='ocrx_word' id='word_1_112' title='bbox 1928 2104 2130 2172; x_wconf 86' lang='lat' dir='ltr'><strong>fiscus</strong></span> <span class='ocrx_word' id='word_1_113' title='bbox 2144 2102 2171 2155; x_wconf 79' lang='lat'>⁴</span> <span class='ocrx_word' id='word_1_114' title='bbox 2195 2128 2378 2172; x_wconf 89' lang='lat' dir='ltr'><strong>acer-</strong></span> 
     </span>
     <span class='ocr_line' id='line_1_16' title="bbox 268 2207 2374 2305; baseline 0.002 -29"><span class='ocrx_word' id='word_1_115' title='bbox 268 2208 548 2276; x_wconf 88' lang='lat' dir='ltr'><strong>bissime</strong></span> <span class='ocrx_word' id='word_1_116' title='bbox 571 2226 765 2276; x_wconf 89' lang='lat' dir='ltr'><strong>actus</strong></span> <span class='ocrx_word' id='word_1_117' title='bbox 793 2224 928 2276; x_wconf 87' lang='lat' dir='ltr'><strong>est:</strong></span> <span class='ocrx_word' id='word_1_118' title='bbox 960 2207 1049 2276; x_wconf 91' lang='lat' dir='ltr'><strong>ad</strong></span> <span class='ocrx_word' id='word_1_119' title='bbox 1075 2233 1280 2305; x_wconf 89' lang='lat' dir='ltr'><strong>quem</strong></span> <span class='ocrx_word' id='word_1_120' title='bbox 1305 2207 1809 2292; x_wconf 88' lang='lat' dir='ltr'><strong>deferebantur,</strong></span> <span class='ocrx_word' id='word_1_121' title='bbox 1840 2215 1955 2305; x_wconf 89' lang='lat' dir='ltr'><strong>qui</strong></span> <span class='ocrx_word' id='word_1_122' title='bbox 1987 2212 2093 2280; x_wconf 93' lang='lat' dir='ltr'><strong>vel</strong></span> <span class='ocrx_word' id='word_1_123' title='bbox 2121 2216 2374 2305; x_wconf 89' lang='lat' dir='ltr'><strong>impro-</strong></span> 
     </span>
     <span class='ocr_line' id='line_1_17' title="bbox 267 2321 2372 2415; baseline 0.001 -27"><span class='ocrx_word' id='word_1_124' title='bbox 267 2321 434 2389; x_wconf 83' lang='lat' dir='ltr'><strong>fessi</strong></span> <span class='ocrx_word' id='word_1_125' title='bbox 458 2327 497 2390; x_wconf 88' lang='lat' dir='ltr'>J</span> <span class='ocrx_word' id='word_1_126' title='bbox 503 2321 811 2389; x_wconf 89' lang='lat' dir='ltr'><strong>udaicam</strong></span> <span class='ocrx_word' id='word_1_127' title='bbox 839 2324 1143 2390; x_wconf 87' lang='lat' dir='ltr'><strong>viverent</strong></span> <span class='ocrx_word' id='word_1_128' title='bbox 1165 2325 1371 2390; x_wconf 81' lang='lat' dir='ltr'><strong>vitam</strong></span> <span class='ocrx_word' id='word_1_129' title='bbox 1387 2325 1439 2404; x_wconf 82' lang='lat'><strong>⁵,</strong></span> <span class='ocrx_word' id='word_1_130' title='bbox 1471 2322 1614 2403; x_wconf 88' lang='lat' dir='ltr'><strong>vel,</strong></span> <span class='ocrx_word' id='word_1_131' title='bbox 1645 2321 2065 2391; x_wconf 87' lang='lat' dir='ltr'><strong>dissimulata</strong></span> <span class='ocrx_word' id='word_1_132' title='bbox 2089 2327 2372 2415; x_wconf 80' lang='lat' dir='ltr'><strong>origine,</strong></span> 
     </span>
     <span class='ocr_line' id='line_1_18' title="bbox 266 2432 2376 2527; baseline 0.002 -27"><span class='ocrx_word' id='word_1_133' title='bbox 266 2434 586 2525; x_wconf 88' lang='lat' dir='ltr'><strong>imposita</strong></span> <span class='ocrx_word' id='word_1_134' title='bbox 622 2435 803 2527; x_wconf 78' lang='lat' dir='ltr'><strong>genti</strong></span> <span class='ocrx_word' id='word_1_135' title='bbox 840 2432 1093 2500; x_wconf 86' lang='lat' dir='ltr'><strong>tributa</strong></span> <span class='ocrx_word' id='word_1_136' title='bbox 1124 2457 1263 2500; x_wconf 90' lang='lat' dir='ltr'><strong>non</strong></span> <span class='ocrx_word' id='word_1_137' title='bbox 1295 2432 1798 2527; x_wconf 88' lang='lat' dir='ltr'><strong>pependissent.</strong></span> <span class='ocrx_word' id='word_1_138' title='bbox 1839 2435 2231 2505; x_wconf 88' lang='lat' dir='ltr'><strong>Interfuisse</strong></span> <span class='ocrx_word' id='word_1_139' title='bbox 2261 2460 2376 2504; x_wconf 86' lang='lat' dir='ltr'><strong>me</strong></span> 
     </span>
     <span class='ocr_line' id='line_1_19' title="bbox 266 2543 2376 2641; baseline 0.001 -30"><span class='ocrx_word' id='word_1_140' title='bbox 266 2543 850 2613; x_wconf 88' lang='lat' dir='ltr'><strong>adolescentulum</strong></span> <span class='ocrx_word' id='word_1_141' title='bbox 871 2548 1177 2628; x_wconf 88' lang='lat' dir='ltr'><strong>memini,</strong></span> <span class='ocrx_word' id='word_1_142' title='bbox 1200 2570 1413 2641; x_wconf 90' lang='lat' dir='ltr'><strong>quum</strong></span> <span class='ocrx_word' id='word_1_143' title='bbox 1427 2570 1465 2613; x_wconf 83' lang='lat' dir='ltr'><strong>a</strong></span> <span class='ocrx_word' id='word_1_144' title='bbox 1484 2560 1922 2639; x_wconf 84' lang='lat' dir='ltr'><strong>procuratore</strong></span> <span class='ocrx_word' id='word_1_145' title='bbox 1938 2600 1955 2629; x_wconf 90' lang='lat'><strong>,</strong></span> <span class='ocrx_word' id='word_1_146' title='bbox 1979 2546 2376 2640; x_wconf 88' lang='lat' dir='ltr'><strong>frequentis·</strong></span> 
     </span>
    </p>
   </div>
   <div class='ocr_carea' id='block_1_4' title="bbox 266 2782 1279 3000">
    <p class='ocr_par' dir='ltr' id='par_1_4' title="bbox 266 2782 1279 3000">
     <span class='ocr_line' id='line_1_20' title="bbox 338 2782 1279 2861; baseline 0.005 -26"><span class='ocrx_word' id='word_1_147' title='bbox 338 2782 458 2835; x_wconf 83' lang='grc' dir='ltr'><strong>ΧΠ.</strong></span> <span class='ocrx_word' id='word_1_148' title='bbox 484 2802 530 2837; x_wconf 86' lang='grc' dir='ltr'><strong>ι.</strong></span> <span class='ocrx_word' id='word_1_149' title='bbox 554 2785 955 2861; x_wconf 77' lang='lat' dir='ltr'><strong>Stipendioque,</strong></span> <span class='ocrx_word' id='word_1_150' title='bbox 982 2787 1123 2861; x_wconf 78' lang='lat' dir='ltr'><strong>quod</strong></span> <span class='ocrx_word' id='word_1_151' title='bbox 1140 2788 1279 2861; x_wconf 56' lang='lat' dir='ltr'><strong>adie-</strong></span> 
     </span>
     <span class='ocr_line' id='line_1_21' title="bbox 266 2864 1279 2938; baseline 0.006 -24"><span class='ocrx_word' id='word_1_152' title='bbox 266 2872 427 2915; x_wconf 78' lang='lat' dir='ltr'><strong>cerat.</strong></span> <span class='ocrx_word' id='word_1_153' title='bbox 461 2864 596 2917; x_wconf 86' lang='lat' dir='ltr'><strong>Vide</strong></span> <span class='ocrx_word' id='word_1_154' title='bbox 632 2883 828 2936; x_wconf 78' lang='lat' dir='ltr'><strong>supra,</strong></span> <span class='ocrx_word' id='word_1_155' title='bbox 865 2885 984 2938; x_wconf 84' lang='lat' dir='ltr'><strong>cap.</strong></span> <span class='ocrx_word' id='word_1_156' title='bbox 1020 2884 1069 2935; x_wconf 69' lang='lat'><strong>7.</strong></span> <span class='ocrx_word' id='word_1_157' title='bbox 1099 2898 1173 2909; x_wconf 91' lang='lat'><strong>—·-</strong></span> <span class='ocrx_word' id='word_1_158' title='bbox 1200 2868 1279 2921; x_wconf 84' lang='lat' dir='ltr'><strong>De</strong></span> 
     </span>
     <span class='ocr_line' id='line_1_22' title="bbox 268 2942 1272 3000; baseline 0.004 -5"><span class='ocrx_word' id='word_1_159' title='bbox 268 2942 543 2996; x_wconf 74' lang='lat' dir='ltr'><strong>deminuto</strong></span> <span class='ocrx_word' id='word_1_160' title='bbox 569 2943 801 2996; x_wconf 76' lang='lat' dir='ltr'><strong>militum</strong></span> <span class='ocrx_word' id='word_1_161' title='bbox 835 2964 1050 2999; x_wconf 78' lang='lat' dir='ltr'><strong>numero</strong></span> <span class='ocrx_word' id='word_1_162' title='bbox 1081 2947 1272 3000; x_wconf 81' lang='lat' dir='ltr'><strong>Zonar.</strong></span> 
     </span>
    </p>
   </div>
   <div class='ocr_carea' id='block_1_5' title="bbox 1367 2780 2376 2857">
    <p class='ocr_par' dir='ltr' id='par_1_5' title="bbox 1367 2780 2376 2857">
     <span class='ocr_line' id='line_1_23' title="bbox 1367 2780 2376 2857; baseline -0.002 -18"><span class='ocrx_word' id='word_1_163' title='bbox 1367 2789 1530 2841; x_wconf 81' lang='lat' dir='ltr'><strong>refert</strong></span> <span class='ocrx_word' id='word_1_164' title='bbox 1557 2806 1620 2840; x_wconf 84' lang='lat' dir='ltr'><strong>ex</strong></span> <span class='ocrx_word' id='word_1_165' title='bbox 1645 2785 1863 2857; x_wconf 79' lang='lat' dir='ltr'><strong>Joseph.</strong></span> <span class='ocrx_word' id='word_1_166' title='bbox 1890 2784 2150 2838; x_wconf 76' lang='lat' dir='ltr'><strong>Archaeol.</strong></span> <span class='ocrx_word' id='word_1_167' title='bbox 2179 2780 2376 2853; x_wconf 81' lang='lat' dir='ltr'><strong>XVIII,</strong></span> 
     </span>
    </p>
   </div>
   <div class='ocr_carea' id='block_1_6' title="bbox 1368 2866 2376 3018">
    <p class='ocr_par' dir='ltr' id='par_1_6' title="bbox 1368 2866 2376 3018">
     <span class='ocr_line' id='line_1_24' title="bbox 1376 2866 2374 2934; baseline -0.001 -15"><span class='ocrx_word' id='word_1_168' title='bbox 1376 2886 1421 2934; x_wconf 85' lang='lat'><strong>1,</strong></span> <span class='ocrx_word' id='word_1_169' title='bbox 1455 2870 1638 2921; x_wconf 83' lang='lat' dir='ltr'><strong>nescio</strong></span> <span class='ocrx_word' id='word_1_170' title='bbox 1669 2886 1736 2918; x_wconf 83' lang='lat' dir='ltr'><strong>an</strong></span> <span class='ocrx_word' id='word_1_171' title='bbox 1764 2866 1996 2919; x_wconf 81' lang='lat' dir='ltr'><strong>diversas</strong></span> <span class='ocrx_word' id='word_1_172' title='bbox 2029 2884 2121 2918; x_wconf 75' lang='lat' dir='ltr'><strong>res</strong></span> <span class='ocrx_word' id='word_1_173' title='bbox 2141 2866 2374 2918; x_wconf 72' lang='lat' dir='ltr'><strong>coufun-</strong></span> 
     </span>
     <span class='ocr_line' id='line_1_25' title="bbox 1368 2944 2376 3018; baseline -0.001 -20"><span class='ocrx_word' id='word_1_174' title='bbox 1368 2946 1477 2999; x_wconf 85' lang='lat' dir='ltr'><strong>dat.</strong></span> <span class='ocrx_word' id='word_1_175' title='bbox 1508 2949 1665 3000; x_wconf 86' lang='lat' dir='ltr'><strong>Certe</strong></span> <span class='ocrx_word' id='word_1_176' title='bbox 1699 2946 1968 3018; x_wconf 77' lang='lat' dir='ltr'><strong>Josephus</strong></span> <span class='ocrx_word' id='word_1_177' title='bbox 1993 2947 2112 3017; x_wconf 80' lang='lat' dir='ltr'><strong>ipse</strong></span> <span class='ocrx_word' id='word_1_178' title='bbox 2145 2944 2249 2998; x_wconf 83' lang='lat' dir='ltr'><strong>hoc</strong></span> <span class='ocrx_word' id='word_1_179' title='bbox 2283 2948 2376 2997; x_wconf 86' lang='lat' dir='ltr'><strong>tri·-</strong></span> 
     </span>
    </p>
   </div>
   <div class='ocr_carea' id='block_1_7' title="bbox 244 3022 1283 4289">
    <p class='ocr_par' dir='ltr' id='par_1_7' title="bbox 269 3022 815 3097">
     <span class='ocr_line' id='line_1_26' title="bbox 269 3022 815 3097; baseline 0 -22"><span class='ocrx_word' id='word_1_180' title='bbox 269 3022 412 3075; x_wconf 75' lang='lat' dir='ltr'><strong>Ann.</strong></span> <span class='ocrx_word' id='word_1_181' title='bbox 440 3024 521 3090; x_wconf 90' lang='lat'><strong>11,</strong></span> <span class='ocrx_word' id='word_1_182' title='bbox 548 3042 669 3095; x_wconf 76' lang='lat' dir='ltr'><strong>pag.</strong></span> <span class='ocrx_word' id='word_1_183' title='bbox 698 3024 815 3097; x_wconf 84' lang='lat'><strong>196.</strong></span> 
     </span>
    </p>

    <p class='ocr_par' dir='ltr' id='par_1_8' title="bbox 270 3100 1279 3336">
     <span class='ocr_line' id='line_1_27' title="bbox 341 3100 1272 3173; baseline 0.004 -22"><span class='ocrx_word' id='word_1_184' title='bbox 341 3117 396 3151; x_wconf 80' lang='lat'><strong>2.</strong></span> <span class='ocrx_word' id='word_1_185' title='bbox 433 3101 501 3153; x_wconf 80' lang='lat' dir='ltr'><strong>In</strong></span> <span class='ocrx_word' id='word_1_186' title='bbox 524 3100 843 3173; x_wconf 71' lang='lat' dir='ltr'><strong>explicandis</strong></span> <span class='ocrx_word' id='word_1_187' title='bbox 870 3104 1131 3166; x_wconf 60' lang='lat' dir='ltr'><strong>aner-ihm</strong></span> <span class='ocrx_word' id='word_1_188' title='bbox 1150 3102 1205 3155; x_wconf 87' lang='lat' dir='ltr'><strong>h.</strong></span> <span class='ocrx_word' id='word_1_189' title='bbox 1227 3123 1272 3155; x_wconf 90' lang='lat' dir='ltr'><strong>e.</strong></span> 
     </span>
     <span class='ocr_line' id='line_1_28' title="bbox 270 3180 1277 3255; baseline 0.002 -22"><span class='ocrx_word' id='word_1_190' title='bbox 270 3180 649 3252; x_wconf 81' lang='lat' dir='ltr'><strong>comparandis</strong></span> <span class='ocrx_word' id='word_1_191' title='bbox 668 3184 912 3250; x_wconf 78' lang='lat' dir='ltr'><strong>pecuniis</strong></span> <span class='ocrx_word' id='word_1_192' title='bbox 940 3182 1009 3235; x_wconf 80' lang='lat' dir='ltr'><strong>ad</strong></span> <span class='ocrx_word' id='word_1_193' title='bbox 1032 3182 1277 3255; x_wconf 82' lang='lat' dir='ltr'><strong>publicas</strong></span> 
     </span>
     <span class='ocr_line' id='line_1_29' title="bbox 270 3262 1279 3336; baseline 0.004 -25"><span class='ocrx_word' id='word_1_194' title='bbox 270 3262 541 3333; x_wconf 77' lang='lat' dir='ltr'><strong>impensas</strong></span> <span class='ocrx_word' id='word_1_195' title='bbox 568 3264 894 3315; x_wconf 76' lang='lat' dir='ltr'><strong>necessariis.</strong></span> <span class='ocrx_word' id='word_1_196' title='bbox 922 3264 1203 3336; x_wconf 66' lang='lat' dir='ltr'><strong>Explicat-e</strong></span> <span class='ocrx_word' id='word_1_197' title='bbox 1224 3278 1279 3317; x_wconf 85' lang='lat' dir='ltr'><strong>et</strong></span> 
     </span>
    </p>

    <p class='ocr_par' dir='ltr' id='par_1_9' title="bbox 270 3341 1276 3566">
     <span class='ocr_line' id='line_1_30' title="bbox 328 3341 1276 3493; baseline -0.001 -19"><span class='ocrx_word' id='word_1_198' title='bbox 328 3341 1276 3493; x_wconf 57' lang='lat' dir='ltr'><strong>¹³.1}1·3.5‘;E:231¹32135.332¹2··00..</strong></span> 
     </span>
     <span class='ocr_line' id='line_1_31' title="bbox 270 3498 937 3566; baseline 0.001 -14"><span class='ocrx_word' id='word_1_199' title='bbox 270 3500 339 3552; x_wconf 80' lang='lat' dir='ltr'><strong>ad</strong></span> <span class='ocrx_word' id='word_1_200' title='bbox 368 3498 579 3553; x_wconf 74' lang='lat' dir='ltr'><strong>Sallust.</strong></span> <span class='ocrx_word' id='word_1_201' title='bbox 609 3500 761 3554; x_wconf 80' lang='lat' dir='ltr'><strong>Catil.</strong></span> <span class='ocrx_word' id='word_1_202' title='bbox 791 3504 857 3566; x_wconf 83' lang='lat' dir='ltr'><strong>V,</strong></span> <span class='ocrx_word' id='word_1_203' title='bbox 887 3501 937 3553; x_wconf 89' lang='lat'><strong>6.</strong></span> 
     </span>
    </p>

    <p class='ocr_par' dir='ltr' id='par_1_10' title="bbox 244 3578 1283 4289">
     <span class='ocr_line' id='line_1_32' title="bbox 342 3578 1279 3654; baseline 0.002 -23"><span class='ocrx_word' id='word_1_204' title='bbox 342 3581 395 3648; x_wconf 74' lang='grc'><strong>4.</strong></span> <span class='ocrx_word' id='word_1_205' title='bbox 432 3582 693 3634; x_wconf 71' lang='lat' dir='ltr'><strong>Judaicus</strong></span> <span class='ocrx_word' id='word_1_206' title='bbox 708 3578 901 3654; x_wconf 55' lang='lat' dir='ltr'><strong>fiscum</strong></span> <span class='ocrx_word' id='word_1_207' title='bbox 937 3579 993 3631; x_wconf 78' lang='lat' dir='ltr'><strong>h.</strong></span> <span class='ocrx_word' id='word_1_208' title='bbox 1029 3600 1076 3633; x_wconf 86' lang='lat' dir='ltr'><strong>e.</strong></span> <span class='ocrx_word' id='word_1_209' title='bbox 1115 3582 1279 3634; x_wconf 84' lang='lat' dir='ltr'><strong>tribu-</strong></span> 
     </span>
     <span class='ocr_line' id='line_1_33' title="bbox 271 3660 1280 3733; baseline 0 -20"><span class='ocrx_word' id='word_1_210' title='bbox 271 3676 384 3714; x_wconf 85' lang='lat' dir='ltr'><strong>tum</strong></span> <span class='ocrx_word' id='word_1_211' title='bbox 409 3660 635 3713; x_wconf 78' lang='lat' dir='ltr'><strong>duarum</strong></span> <span class='ocrx_word' id='word_1_212' title='bbox 666 3660 1070 3727; x_wconf 81' lang='lat' dir='ltr'><strong>drachmarum,</strong></span> <span class='ocrx_word' id='word_1_213' title='bbox 1100 3662 1280 3733; x_wconf 76' lang='lat' dir='ltr'><strong>singu·</strong></span> 
     </span>
     <span class='ocr_line' id='line_1_34' title="bbox 268 3738 1281 3811; baseline -0.003 -19"><span class='ocrx_word' id='word_1_214' title='bbox 268 3738 333 3792; x_wconf 72' lang='lat' dir='ltr'><strong>lis</strong></span> <span class='ocrx_word' id='word_1_215' title='bbox 346 3738 543 3791; x_wconf 77' lang='lat' dir='ltr'><strong>Judaeis</strong></span> <span class='ocrx_word' id='word_1_216' title='bbox 558 3757 656 3811; x_wconf 82' lang='lat' dir='ltr'><strong>pro</strong></span> <span class='ocrx_word' id='word_1_217' title='bbox 670 3738 841 3790; x_wconf 84' lang='lat' dir='ltr'><strong>libero</strong></span> <span class='ocrx_word' id='word_1_218' title='bbox 856 3738 1125 3807; x_wconf 78' lang='lat' dir='ltr'><strong>religionis</strong></span> <span class='ocrx_word' id='word_1_219' title='bbox 1140 3756 1281 3791; x_wconf 82' lang='lat' dir='ltr'><strong>exer-</strong></span> 
     </span>
     <span class='ocr_line' id='line_1_35' title="bbox 270 3812 1278 3889; baseline -0.004 -19"><span class='ocrx_word' id='word_1_220' title='bbox 270 3819 397 3871; x_wconf 84' lang='lat' dir='ltr'><strong>citio</strong></span> <span class='ocrx_word' id='word_1_221' title='bbox 418 3818 725 3889; x_wconf 78' lang='lat' dir='ltr'><strong>impositum</strong></span> <span class='ocrx_word' id='word_1_222' title='bbox 742 3835 771 3867; x_wconf 83' lang='lat' dir='ltr'><strong>a</strong></span> <span class='ocrx_word' id='word_1_223' title='bbox 792 3817 931 3868; x_wconf 84' lang='lat' dir='ltr'><strong>Tito.</strong></span> <span class='ocrx_word' id='word_1_224' title='bbox 953 3814 1033 3866; x_wconf 78' lang='lat' dir='ltr'><strong>Cf.</strong></span> <span class='ocrx_word' id='word_1_225' title='bbox 1059 3812 1278 3886; x_wconf 74' lang='lat' dir='ltr'><strong>Joseph.</strong></span> 
     </span>
     <span class='ocr_line' id='line_1_36' title="bbox 268 3893 1281 3966; baseline -0.007 -16"><span class='ocrx_word' id='word_1_226' title='bbox 268 3896 400 3950; x_wconf 86' lang='lat' dir='ltr'><strong>Bell.</strong></span> <span class='ocrx_word' id='word_1_227' title='bbox 419 3895 549 3950; x_wconf 81' lang='lat' dir='ltr'><strong>Jud.</strong></span> <span class='ocrx_word' id='word_1_228' title='bbox 565 3897 685 3963; x_wconf 80' lang='lat' dir='ltr'><strong>vll,</strong></span> <span class='ocrx_word' id='word_1_229' title='bbox 705 3895 765 3962; x_wconf 85' lang='lat'><strong>6,</strong></span> <span class='ocrx_word' id='word_1_230' title='bbox 790 3894 852 3956; x_wconf 87' lang='lat'><strong>6;</strong></span> <span class='ocrx_word' id='word_1_231' title='bbox 871 3893 1071 3966; x_wconf 83' lang='lat' dir='ltr'><strong>xiphil.</strong></span> <span class='ocrx_word' id='word_1_232' title='bbox 1092 3894 1281 3961; x_wconf 84' lang='lat' dir='ltr'><strong>LXVI,</strong></span> 
     </span>
     <span class='ocr_line' id='line_1_37' title="bbox 272 3972 1281 4045; baseline -0.004 -18"><span class='ocrx_word' id='word_1_233' title='bbox 272 3992 323 4045; x_wconf 91' lang='lat'><strong>7.</strong></span> <span class='ocrx_word' id='word_1_234' title='bbox 350 3975 509 4029; x_wconf 86' lang='lat' dir='ltr'><strong>Plura</strong></span> <span class='ocrx_word' id='word_1_235' title='bbox 531 3972 651 4027; x_wconf 78' lang='lat' dir='ltr'><strong>vide</strong></span> <span class='ocrx_word' id='word_1_236' title='bbox 677 3972 819 4045; x_wconf 86' lang='lat' dir='ltr'><strong>apud</strong></span> <span class='ocrx_word' id='word_1_237' title='bbox 844 3976 1073 4026; x_wconf 83' lang='lat' dir='ltr'><strong>Reimar.</strong></span> <span class='ocrx_word' id='word_1_238' title='bbox 1099 3972 1163 4024; x_wconf 85' lang='lat' dir='ltr'><strong>ad</strong></span> <span class='ocrx_word' id='word_1_239' title='bbox 1186 3972 1281 4024; x_wconf 80' lang='lat' dir='ltr'><strong>Xi-</strong></span> 
     </span>
     <span class='ocr_line' id='line_1_38' title="bbox 270 4050 1279 4125; baseline -0.003 -19"><span class='ocrx_word' id='word_1_240' title='bbox 270 4053 421 4125; x_wconf 81' lang='lat' dir='ltr'><strong>phil..</strong></span> <span class='ocrx_word' id='word_1_241' title='bbox 440 4052 474 4104; x_wconf 91' lang='lat' dir='ltr'><strong>l.</strong></span> <span class='ocrx_word' id='word_1_242' title='bbox 505 4072 553 4106; x_wconf 83' lang='lat' dir='ltr'><strong>c.</strong></span> <span class='ocrx_word' id='word_1_243' title='bbox 585 4067 638 4105; x_wconf 86' lang='lat' dir='ltr'><strong>et</strong></span> <span class='ocrx_word' id='word_1_244' title='bbox 672 4052 905 4104; x_wconf 87' lang='lat' dir='ltr'><strong>Tullium</strong></span> <span class='ocrx_word' id='word_1_245' title='bbox 944 4050 1013 4103; x_wconf 84' lang='lat' dir='ltr'><strong>ad</strong></span> <span class='ocrx_word' id='word_1_246' title='bbox 1047 4053 1279 4123; x_wconf 79' lang='lat' dir='ltr'><strong>Appian-</strong></span> 
     </span>
     <span class='ocr_line' id='line_1_39' title="bbox 271 4128 1281 4203; baseline -0.004 -18"><span class='ocrx_word' id='word_1_247' title='bbox 271 4134 469 4203; x_wconf 72' lang='lat' dir='ltr'><strong>Syriac.</strong></span> <span class='ocrx_word' id='word_1_248' title='bbox 515 4132 601 4185; x_wconf 85' lang='lat'><strong>50.</strong></span> <span class='ocrx_word' id='word_1_249' title='bbox 648 4129 1066 4203; x_wconf 76' lang='lat' dir='ltr'><strong>Oudendorpius</strong></span> <span class='ocrx_word' id='word_1_250' title='bbox 1086 4166 1104 4195; x_wconf 82' lang='lat'><strong>.‚</strong></span> <span class='ocrx_word' id='word_1_251' title='bbox 1152 4128 1281 4182; x_wconf 88' lang='lat' dir='ltr'><strong>dum</strong></span> 
     </span>
     <span class='ocr_line' id='line_1_40' title="bbox 244 4204 1283 4289; baseline 0 -28"><span class='ocrx_word' id='word_1_252' title='bbox 244 4210 379 4289; x_wconf 32' lang='lat' dir='ltr'><strong>‘hoc</strong></span> <span class='ocrx_word' id='word_1_253' title='bbox 401 4212 655 4263; x_wconf 83' lang='lat' dir='ltr'><strong>tributum</strong></span> <span class='ocrx_word' id='word_1_254' title='bbox 682 4208 749 4262; x_wconf 87' lang='lat' dir='ltr'><strong>ad</strong></span> <span class='ocrx_word' id='word_1_255' title='bbox 773 4210 980 4276; x_wconf 76' lang='lat' dir='ltr'><strong>Quirini</strong></span> <span class='ocrx_word' id='word_1_256' title='bbox 1006 4204 1283 4277; x_wconf 46' lang='lat' dir='ltr'><strong>dramni·</strong></span> 
     </span>
    </p>
   </div>
   <div class='ocr_carea' id='block_1_8' title="bbox 1346 3023 2378 4283">
    <p class='ocr_par' dir='ltr' id='par_1_11' title="bbox 1364 3023 2376 3175">
     <span class='ocr_line' id='line_1_41' title="bbox 1366 3023 2376 3078; baseline 0.002 -2"><span class='ocrx_word' id='word_1_257' title='bbox 1366 3024 1558 3078; x_wconf 83' lang='lat' dir='ltr'><strong>butum</strong></span> <span class='ocrx_word' id='word_1_258' title='bbox 1580 3023 1800 3077; x_wconf 75' lang='lat' dir='ltr'><strong>devictis</strong></span> <span class='ocrx_word' id='word_1_259' title='bbox 1819 3024 2036 3077; x_wconf 86' lang='lat' dir='ltr'><strong>demum</strong></span> <span class='ocrx_word' id='word_1_260' title='bbox 2061 3026 2092 3075; x_wconf 84' lang='lat' dir='ltr'>J</span> <span class='ocrx_word' id='word_1_261' title='bbox 2099 3023 2256 3078; x_wconf 76' lang='lat' dir='ltr'><strong>udoeis</strong></span> <span class='ocrx_word' id='word_1_262' title='bbox 2281 3027 2376 3077; x_wconf 80' lang='lat' dir='ltr'><strong>im-</strong></span> 
     </span>
     <span class='ocr_line' id='line_1_42' title="bbox 1364 3102 2267 3175; baseline -0.001 -18"><span class='ocrx_word' id='word_1_263' title='bbox 1364 3109 1602 3175; x_wconf 77' lang='lat' dir='ltr'><strong>positum</strong></span> <span class='ocrx_word' id='word_1_264' title='bbox 1625 3120 1834 3171; x_wconf 77' lang='lat' dir='ltr'><strong>narrat,</strong></span> <span class='ocrx_word' id='word_1_265' title='bbox 1857 3104 1985 3157; x_wconf 88' lang='lat' dir='ltr'><strong>Bell.</strong></span> <span class='ocrx_word' id='word_1_266' title='bbox 2008 3107 2039 3156; x_wconf 89' lang='lat' dir='ltr'><strong>J</strong></span> <span class='ocrx_word' id='word_1_267' title='bbox 2045 3104 2130 3156; x_wconf 91' lang='lat' dir='ltr'><strong>ud.</strong></span> <span class='ocrx_word' id='word_1_268' title='bbox 2156 3102 2194 3158; x_wconf 91' lang='lat' dir='ltr'><strong>l.</strong></span> <span class='ocrx_word' id='word_1_269' title='bbox 2221 3123 2267 3156; x_wconf 90' lang='lat' dir='ltr'><strong>c.</strong></span> 
     </span>
    </p>

    <p class='ocr_par' dir='ltr' id='par_1_12' title="bbox 1346 3181 2378 4283">
     <span class='ocr_line' id='line_1_43' title="bbox 1438 3181 2376 3255; baseline -0.002 -21"><span class='ocrx_word' id='word_1_270' title='bbox 1438 3181 1488 3234; x_wconf 83' lang='lat'><strong>5.</strong></span> <span class='ocrx_word' id='word_1_271' title='bbox 1535 3181 1634 3235; x_wconf 80' lang='lat' dir='ltr'><strong>Vel</strong></span> <span class='ocrx_word' id='word_1_272' title='bbox 1661 3182 1954 3255; x_wconf 75' lang='lat' dir='ltr'><strong>improfessi</strong></span> <span class='ocrx_word' id='word_1_273' title='bbox 1986 3183 2266 3236; x_wconf 79' lang='lat' dir='ltr'><strong>Judaicam</strong></span> <span class='ocrx_word' id='word_1_274' title='bbox 2297 3182 2376 3233; x_wconf 80' lang='grc' dir='ltr'><strong>νὶ-</strong></span> 
     </span>
     <span class='ocr_line' id='line_1_44' title="bbox 1366 3260 2376 3313; baseline -0.001 -1"><span class='ocrx_word' id='word_1_275' title='bbox 1366 3270 1545 3312; x_wconf 83' lang='lat' dir='ltr'><strong>verent</strong></span> <span class='ocrx_word' id='word_1_276' title='bbox 1567 3263 1747 3313; x_wconf 78' lang='lat' dir='ltr'><strong>vitam.</strong></span> <span class='ocrx_word' id='word_1_277' title='bbox 1774 3263 1853 3313; x_wconf 83' lang='lat' dir='ltr'><strong>Ita</strong></span> <span class='ocrx_word' id='word_1_278' title='bbox 1873 3262 2078 3313; x_wconf 83' lang='lat' dir='ltr'><strong>Ernest.</strong></span> <span class='ocrx_word' id='word_1_279' title='bbox 2104 3278 2228 3312; x_wconf 85' lang='lat' dir='ltr'><strong>cum</strong></span> <span class='ocrx_word' id='word_1_280' title='bbox 2251 3260 2376 3311; x_wconf 87' lang='lat' dir='ltr'><strong>Bur-</strong></span> 
     </span>
     <span class='ocr_line' id='line_1_45' title="bbox 1366 3338 2376 3411; baseline 0.001 -20"><span class='ocrx_word' id='word_1_281' title='bbox 1366 3358 1546 3391; x_wconf 83' lang='lat' dir='ltr'><strong>mann.</strong></span> <span class='ocrx_word' id='word_1_282' title='bbox 1577 3353 1631 3393; x_wconf 88' lang='lat' dir='ltr'><strong>et</strong></span> <span class='ocrx_word' id='word_1_283' title='bbox 1658 3338 1908 3392; x_wconf 86' lang='lat' dir='ltr'><strong>Oudend.</strong></span> <span class='ocrx_word' id='word_1_284' title='bbox 1943 3339 2026 3392; x_wconf 80' lang='lat' dir='ltr'><strong>Al.</strong></span> <span class='ocrx_word' id='word_1_285' title='bbox 2057 3338 2220 3392; x_wconf 77' lang='lat' dir='ltr'><strong>veluti</strong></span> <span class='ocrx_word' id='word_1_286' title='bbox 2244 3358 2376 3411; x_wconf 83' lang='lat' dir='ltr'><strong>pro·</strong></span> 
     </span>
     <span class='ocr_line' id='line_1_46' title="bbox 1346 3419 2378 3497; baseline -0.002 -24"><span class='ocrx_word' id='word_1_287' title='bbox 1346 3420 1488 3497; x_wconf 72' lang='lat' dir='ltr'><strong>sessi</strong></span> <span class='ocrx_word' id='word_1_288' title='bbox 1509 3434 1563 3473; x_wconf 89' lang='lat' dir='ltr'><strong>et</strong></span> <span class='ocrx_word' id='word_1_289' title='bbox 1586 3420 1670 3472; x_wconf 79' lang='lat' dir='ltr'><strong>vel</strong></span> <span class='ocrx_word' id='word_1_290' title='bbox 1691 3433 1749 3473; x_wconf 82' lang='lat' dir='ltr'><strong>ut</strong></span> <span class='ocrx_word' id='word_1_291' title='bbox 1765 3420 2013 3493; x_wconf 63' lang='lat' dir='ltr'><strong>profati,-</strong></span> <span class='ocrx_word' id='word_1_292' title='bbox 2031 3419 2265 3472; x_wconf 68' lang='lat' dir='ltr'><strong>GronoV.</strong></span> <span class='ocrx_word' id='word_1_293' title='bbox 2294 3420 2378 3472; x_wconf 76' lang='lat' dir='ltr'><strong>vel</strong></span> 
     </span>
     <span class='ocr_line' id='line_1_47' title="bbox 1369 3496 2376 3570; baseline 0.001 -22"><span class='ocrx_word' id='word_1_294' title='bbox 1369 3510 1430 3551; x_wconf 82' lang='lat' dir='ltr'><strong>ut</strong></span> <span class='ocrx_word' id='word_1_295' title='bbox 1456 3498 1762 3570; x_wconf 76' lang='lat' dir='ltr'><strong>improfesse‘.</strong></span> <span class='ocrx_word' id='word_1_296' title='bbox 1791 3499 1948 3551; x_wconf 88' lang='lat' dir='ltr'><strong>Conf.</strong></span> <span class='ocrx_word' id='word_1_297' title='bbox 1975 3500 2152 3550; x_wconf 87' lang='lat' dir='ltr'><strong>Burm.</strong></span> <span class='ocrx_word' id='word_1_298' title='bbox 2179 3510 2230 3549; x_wconf 83' lang='lat' dir='ltr'><strong>et</strong></span> <span class='ocrx_word' id='word_1_299' title='bbox 2255 3496 2376 3550; x_wconf 85' lang='lat' dir='ltr'><strong>Ou-</strong></span> 
     </span>
     <span class='ocr_line' id='line_1_48' title="bbox 1368 3576 2376 3651; baseline 0.002 -22"><span class='ocrx_word' id='word_1_300' title='bbox 1368 3577 1534 3631; x_wconf 86' lang='lat' dir='ltr'><strong>dend.</strong></span> <span class='ocrx_word' id='word_1_301' title='bbox 1550 3577 1790 3651; x_wconf 69' lang='lat' dir='ltr'><strong>[melligo</strong></span> <span class='ocrx_word' id='word_1_302' title='bbox 1805 3597 1927 3631; x_wconf 77' lang='lat' dir='ltr'><strong>cum</strong></span> <span class='ocrx_word' id='word_1_303' title='bbox 1943 3577 2057 3631; x_wconf 74' lang='lat' dir='ltr'><strong>aliis</strong></span> <span class='ocrx_word' id='word_1_304' title='bbox 2073 3576 2376 3649; x_wconf 72' lang='lat' dir='ltr'><strong>proselytos,</strong></span> 
     </span>
     <span class='ocr_line' id='line_1_49' title="bbox 1368 3654 2375 3734; baseline -0.002 -25"><span class='ocrx_word' id='word_1_305' title='bbox 1368 3670 1429 3734; x_wconf 78' lang='lat' dir='ltr'><strong>ut</strong></span> <span class='ocrx_word' id='word_1_306' title='bbox 1452 3660 1728 3729; x_wconf 83' lang='lat' dir='ltr'><strong>sequentia</strong></span> <span class='ocrx_word' id='word_1_307' title='bbox 1753 3654 1835 3710; x_wconf 79' lang='lat' dir='ltr'><strong>vel</strong></span> <span class='ocrx_word' id='word_1_308' title='bbox 1862 3655 2186 3711; x_wconf 71' lang='lat' dir='ltr'><strong>dissimulata</strong></span> <span class='ocrx_word' id='word_1_309' title='bbox 2215 3656 2375 3728; x_wconf 71' lang='lat' dir='ltr'><strong>oriqi·</strong></span> 
     </span>
     <span class='ocr_line' id='line_1_50' title="bbox 1369 3735 2375 3807; baseline -0.002 -18"><span class='ocrx_word' id='word_1_310' title='bbox 1369 3756 1465 3803; x_wconf 74' lang='grc' dir='ltr'><strong>πο,</strong></span> <span class='ocrx_word' id='word_1_311' title='bbox 1496 3749 1598 3789; x_wconf 83' lang='lat' dir='ltr'><strong>etc.</strong></span> <span class='ocrx_word' id='word_1_312' title='bbox 1636 3736 1703 3791; x_wconf 87' lang='lat' dir='ltr'><strong>de</strong></span> <span class='ocrx_word' id='word_1_313' title='bbox 1738 3736 2081 3804; x_wconf 80' lang='lat' dir='ltr'><strong>Christianis,</strong></span> <span class='ocrx_word' id='word_1_314' title='bbox 2110 3753 2246 3807; x_wconf 77' lang='lat' dir='ltr'><strong>quos</strong></span> <span class='ocrx_word' id='word_1_315' title='bbox 2275 3735 2375 3788; x_wconf 85' lang='lat' dir='ltr'><strong>sub</strong></span> 
     </span>
     <span class='ocr_line' id='line_1_51' title="bbox 1368 3818 2377 3890; baseline 0 -21"><span class='ocrx_word' id='word_1_316' title='bbox 1368 3820 1680 3871; x_wconf 88' lang='lat' dir='ltr'><strong>Domitiano</strong></span> <span class='ocrx_word' id='word_1_317' title='bbox 1705 3820 1849 3890; x_wconf 77' lang='lat' dir='ltr'><strong>gravi</strong></span> <span class='ocrx_word' id='word_1_318' title='bbox 1881 3818 2252 3890; x_wconf 75' lang='lat' dir='ltr'><strong>persecutione</strong></span> <span class='ocrx_word' id='word_1_319' title='bbox 2284 3836 2377 3869; x_wconf 79' lang='lat' dir='ltr'><strong>ve-</strong></span> 
     </span>
     <span class='ocr_line' id='line_1_52' title="bbox 1368 3894 2374 3968; baseline -0.002 -19"><span class='ocrx_word' id='word_1_320' title='bbox 1368 3910 1551 3963; x_wconf 81' lang='lat' dir='ltr'><strong>xatos,</strong></span> <span class='ocrx_word' id='word_1_321' title='bbox 1581 3910 1634 3949; x_wconf 84' lang='lat' dir='ltr'><strong>et</strong></span> <span class='ocrx_word' id='word_1_322' title='bbox 1669 3897 1983 3968; x_wconf 84' lang='lat' dir='ltr'><strong>plerumque</strong></span> <span class='ocrx_word' id='word_1_323' title='bbox 2021 3913 2142 3947; x_wconf 86' lang='lat' dir='ltr'><strong>cum</strong></span> <span class='ocrx_word' id='word_1_324' title='bbox 2178 3894 2374 3947; x_wconf 69' lang='lat' dir='ltr'><strong>Judaeis</strong></span> 
     </span>
     <span class='ocr_line' id='line_1_53' title="bbox 1368 3974 2376 4045; baseline 0.001 -21"><span class='ocrx_word' id='word_1_325' title='bbox 1368 3974 1461 4026; x_wconf 89' lang='lat' dir='ltr'><strong>illo</strong></span> <span class='ocrx_word' id='word_1_326' title='bbox 1480 3986 1719 4045; x_wconf 84' lang='lat' dir='ltr'><strong>tempore</strong></span> <span class='ocrx_word' id='word_1_327' title='bbox 1739 3975 1990 4027; x_wconf 81' lang='lat' dir='ltr'><strong>confusos</strong></span> <span class='ocrx_word' id='word_1_328' title='bbox 2011 3986 2238 4027; x_wconf 81' lang='lat' dir='ltr'><strong>constat.</strong></span> <span class='ocrx_word' id='word_1_329' title='bbox 2254 3976 2376 4025; x_wconf 86' lang='lat' dir='ltr'><strong>Ver·</strong></span> 
     </span>
     <span class='ocr_line' id='line_1_54' title="bbox 1370 4052 2374 4125; baseline 0.001 -21"><span class='ocrx_word' id='word_1_330' title='bbox 1370 4052 1437 4105; x_wconf 83' lang='lat' dir='ltr'><strong>ba</strong></span> <span class='ocrx_word' id='word_1_331' title='bbox 1462 4056 1602 4106; x_wconf 76' lang='lat' dir='ltr'><strong>intra</strong></span> <span class='ocrx_word' id='word_1_332' title='bbox 1631 4054 1848 4119; x_wconf 79' lang='lat' dir='ltr'><strong>Urbem,</strong></span> <span class='ocrx_word' id='word_1_333' title='bbox 1871 4072 1989 4125; x_wconf 81' lang='lat' dir='ltr'><strong>quae</strong></span> <span class='ocrx_word' id='word_1_334' title='bbox 2010 4052 2155 4121; x_wconf 71' lang='lat' dir='ltr'><strong>vulg.</strong></span> <span class='ocrx_word' id='word_1_335' title='bbox 2183 4052 2374 4125; x_wconf 76' lang='lat' dir='ltr'><strong>legun-</strong></span> 
     </span>
     <span class='ocr_line' id='line_1_55' title="bbox 1370 4132 2375 4197; baseline 0 -14"><span class='ocrx_word' id='word_1_336' title='bbox 1370 4146 1457 4185; x_wconf 83' lang='lat' dir='ltr'><strong>tur</strong></span> <span class='ocrx_word' id='word_1_337' title='bbox 1478 4147 1602 4185; x_wconf 85' lang='lat' dir='ltr'><strong>ante</strong></span> <span class='ocrx_word' id='word_1_338' title='bbox 1620 4134 1876 4197; x_wconf 78' lang='lat' dir='ltr'><strong>viverent,</strong></span> <span class='ocrx_word' id='word_1_339' title='bbox 1895 4132 2037 4185; x_wconf 82' lang='lat' dir='ltr'><strong>MSS.</strong></span> <span class='ocrx_word' id='word_1_340' title='bbox 2061 4134 2375 4183; x_wconf 76' lang='lat' dir='ltr'><strong>auctoritate</strong></span> 
     </span>
     <span class='ocr_line' id='line_1_56' title="bbox 1371 4207 2166 4283; baseline 0.001 -23"><span class='ocrx_word' id='word_1_341' title='bbox 1371 4228 1493 4261; x_wconf 84' lang='lat' dir='ltr'><strong>cum</strong></span> <span class='ocrx_word' id='word_1_342' title='bbox 1510 4207 1858 4283; x_wconf 84' lang='lat' dir='ltr'><strong>Oudendorp.</strong></span> <span class='ocrx_word' id='word_1_343' title='bbox 1880 4212 2166 4265; x_wconf 77' lang='lat' dir='ltr'><strong>omisimus.</strong></span> 
     </span>
    </p>
   </div>
  </div>
 </body>
</html>
