3050 5004
631 496 754 561 DE
804 494 1253 560 1LLUSTR.
1302 493 1684 558 GRAMM.
1738 494 2048 560 Lmen.
2159 447 2184 464 ’
2264 491 2398 576 425

298 621 496 701 Sunt,
526 621 641 713 qui
675 615 979 700 tradant,
1016 617 1106 686 ob
1138 617 1485 686 infamiam
1514 617 1860 712 quandam
1895 641 2052 685 eum
2079 621 2148 684 in
2177 617 2402 686 Sardi-

298 734 481 800 niam
504 735 857 800 secessisse
876 783 894 812 ,
922 729 1147 825 ibique
1175 730 1355 798 diem
1383 729 1652 798 obiisse.

390 865 503 927 Vl.
537 867 863 928 Aunnuus
885 862 1186 941 Ovium,
1212 861 1523 951 Epicurei
1549 857 1904 953 cujusdam
1924 858 2229 942 ἤδει-ωε,
2255 859 2407 926 Phi-

300 970 678 1063 losophiam
714 974 933 1065 primo
954 1025 971 1054 ,
1005 971 1249 1039 deinde
1278 972 1738 1055 Rhetoricam‚
1777 973 2137 1039 novissime
2169 975 2404 1038 Gram-

298 1079 612 1148 maticam
642 1080 890 1149 docuit.
932 1082 1225 1148 Dimissa
1250 1097 1474 1148 autem
1504 1079 1767 1164 schola,
1798 1080 2123 1148 Rutilium
2153 1081 2402 1149 Rufum

300 1189 693 1258 damnatum
744 1195 813 1258 in
865 1195 1089 1258 Asiam
1146 1209 1415 1260 secutus
1438 1244 1454 1273 ,
1512 1190 1765 1259 ibidem
1816 1197 2120 1287 Smyrnae
2169 1191 2405 1261 simul-

299 1325 435 1394 que
470 1304 858 1385 consenuit3
906 1305 1425 1397 composuitque
1468 1306 1674 1370 variae
1711 1297 2106 1370 eruditionis
2147 1301 2407 1397 aliquot

298 1409 676 1495 volumina,
714 1437 797 1479 ex
829 1411 1077 1506 quibus
1114 1437 1359 1480 novem
1398 1417 1602 1482 unius
1639 1418 1974 1507 corporis:
2015 1417 2164 1508 qui,
2213 1424 2226 1451 ¹
2249 1417 2406 1507 quia

299 1523 662 1613 scriptores
708 1545 789 1588 ac
832 1539 1065 1616 poetas
1112 1521 1240 1590 sub
1285 1522 1596 1590 clientela
1640 1527 1996 1590 Musarum
2033 1521 2402 1617 judicaret,

300 1655 437 1698 non
462 1631 759 1700 absurde
781 1650 849 1700 et
871 1635 1221 1726 scripsisse
1240 1650 1307 1700 et
1328 1633 1567 1700 fecisse
1591 1657 1662 1700 se
1687 1637 1780 1700 ait
1798 1658 1880 1701 ex
1905 1657 2190 1702 numero
2217 1637 2409 1702 Diva-

299 1765 455 1808 rum
486 1757 553 1808 et
574 1740 1049 1835 appellatione.
1090 1740 1310 1835 Hujus
1349 1767 1728 1836 cognomen
1758 1747 1829 1813 in
1865 1742 2208 1838 plerisque
2244 1743 2409 1810 indi-

301 1851 495 1920 cibus
518 1870 587 1921 et
606 1853 817 1921 titulis
846 1879 969 1947 per
990 1879 1201 1922 unam
1222 1855 1487 1924 literam
1504 1873 1530 1902 ²
1557 1859 1884 1950 scriptum
1907 1853 2404 1924 animadverto:

303 1981 539 2032 verum
576 1968 722 2059 ipse
749 1964 819 2032 id
848 1990 973 2058 per
999 1965 1167 2034 duas
1197 1967 1393 2034 effert
1421 1971 1489 2036 in
1527 1968 1975 2061 parastichide
2007 1967 2250 2052 libelli,
2290 1971 2406 2063 qui

298 2077 691 2144 inscribitur
718 2079 958 2145 Pinax.

394 2193 541 2255 VH.
590 2195 686 2256 M.
728 2196 1063 2258 Am’romus
1098 2194 1393 2274 Gmmm,
1425 2195 1792 2285 ingenuu5‚
1829 2195 1902 2260 in
1931 2191 2148 2261 Gallia
2174 2210 2408 2271 natm,

303 2299 422 2367 sed
444 2303 820 2393 expositus;
846 2327 887 2368 a
906 2305 1237 2371 nutritore
1263 2326 1389 2370 suo
1412 2307 1872 2372 manumissus
1889 2357 1906 2386 ‚
1932 2307 2412 2398 institutusque

305 2411 729 2479 Alexandriae
772 2411 1081 2508 quidem,
1126 2431 1202 2480 ut
1245 2413 1454 2509 aliqui
1496 2413 1813 2497 tradunt,
1857 2417 1927 2481 in
1968 2415 2414 2482 contubernio

302 2527 607 2618 Dionysii
636 2525 1219 2619 Scytobracliionis
1248 2523 1467 2621 (quod
1497 2526 1812 2621 equidem
1837 2552 1976 2595 non
1999 2542 2254 2595 temere
2277 2551 2416 2593 cre·

300 2633 615 2716 diderim,
638 2659 853 2729 quum
876 2650 1259 2729 temporum
1280 2638 1449 2705 ratio
1470 2639 1584 2704 vix
1607 2642 1966 2729 congruat)
1986 2662 2002 2718 ;
2025 2636 2230 2703 fuisse
2250 2630 2412 2703 dici-

304 2762 419 2811 tur
434 2748 687 2837 ingenii
704 2749 931 2839 magni
948 2800 965 2829 ,
986 2750 1328 2816 memoriae
1348 2746 1709 2838 singularis
1726 2801 1743 2830 ,
1763 2771 1890 2815 nec
1903 2749 2127 2815 minus
2147 2750 2380 2814 Graece
2395 2800 2416 2829 ,

306 2878 515 2950 quam
540 2859 775 2924 Latine
796 2855 1075 2926 doctus:
1102 2876 1429 2949 praeterea
1454 2860 1630 2925 comi
1653 2856 1966 2952 facilique
1986 2874 2226 2923 natura
2243 2908 2260 2938 ‚
2289 2880 2418 2923 nec

306 2990 611 3063 unquam
627 2964 713 3034 de
726 2964 1149 3034 mercedibus
1165 2983 1404 3060 pactus
1422 3018 1439 3049 ,
1460 2989 1679 3061 eoque
1698 2966 1898 3060 plura
1917 2984 1998 3033 ex
2019 2963 2415 3033 liberalitate

304 3077 709 3147 discentium
742 3097 1169 3147 consecutus.
1212 3080 1454 3147 Docuit
1484 3082 1784 3171 primum
1815 3080 1884 3145 in
1923 3080 2072 3144 Divi
2103 3082 2140 3144 J
2145 3078 2264 3144 ulii
2299 3076 2416 3145 do-

306 3212 456 3272 mo,
482 3191 677 3281 pueri
700 3187 963 3257 adhuc:
996 3188 1240 3257 deinde
1264 3192 1334 3256 in
1358 3212 1481 3256 sua
1500 3191 1790 3281 privata.
1820 3190 2067 3255 Docuit
2090 3204 2319 3255 autem
2349 3204 2418 3255 et

306 3401 713 3455 Postumulcius.
752 3405 952 3457 Omnes
988 3406 1150 3476 igitur
1178 3406 1319 3457 idem

306 3496 557 3536 neutrum
574 3478 898 3537 habuemnt'.
920 3488 1033 3555 Ego
1054 3487 1187 3538 idem
1208 3504 1319 3537 ma·

305 3562 571 3615 sculinum
606 3582 721 3617 esse
748 3578 913 3635 puto,
943 3566 1177 3637 ideoque
1200 3584 1315 3615 mu·

306 3643 417 3693 tavi
442 3642 925 3713 interpunctionem
942 3682 960 3712 ,
988 3644 1094 3697 hoc
1126 3662 1315 3697 sensu:

302 3720 503 3773 Soevt‘us
528 3723 784 3789 Nicanor,
820 3724 916 3795 qui
952 3723 1091 3776 idem
1124 3724 1321 3777 Sevius

306 3798 643 3867 Postumius,
666 3819 775 3871 qno
804 3804 953 3872 ipso,
986 3801 1190 3874 duplici
1218 3819 1319 3855 co-

305 3882 565 3949 gnomine
588 3900 645 3933 se
668 3900 810 3948 esse,
834 3881 1053 3936 indicat.
1090 3886 1167 3935 Ita
1191 3883 1319 3935 nlti-

304 3980 401 4021 ma·
420 3961 621 4035 syllaba
637 3966 783 4017 vocis
802 3965 1099 4019 Postumius
1120 3964 1321 4036 produ-

308 4044 453 4095 citur
486 4042 559 4096 ob
590 4062 839 4097 caesuram
878 4048 933 4097 in
968 4046 1125 4097 tertio
1162 4044 1319 4117 pede.

308 4124 439 4175 Mox
456 4141 577 4175 cnm
596 4123 841 4178 Oudend.
864 4136 917 4177 ct
932 4123 1101 4176 wolf.
1126 4144 1157 4176 e
1174 4122 1321 4179 libris

304 4202 557 4257 dedimus
574 4213 661 4269 at,
690 4204 777 4257 cni
800 4202 1181 4260 substituet-ant
1202 4203 1317 4271 sed,

1408 3405 1503 3475 qui
1524 3402 1822 3475 neglectam
1847 3400 2128 3473 ecthlipsin
2149 3402 2286 3453 ferre
2305 3420 2416 3453 non

1406 3496 1716 3555 potuerunt.
2439 3490 2446 3497 “

1478 3568 1566 3636 Vl.
1615 3582 1662 3616 1.
1704 3564 1834 3636 Qut',
1871 3564 2030 3636 quicu-
2067 3564 2172 3615 hoc
2209 3578 2290 3616 eat
2307 3603 2324 3631 ‚
2359 3578 2418 3617 ut

1406 3645 1501 3715 qui
1512 3681 1532 3708 ‚
1557 3644 1754 3715 quippe
1775 3643 1883 3714 qui.
1907 3644 2068 3695 Vanae
2095 3656 2218 3695 sunt
2239 3662 2418 3695 emen-

1407 3722 1654 3775 dationes
1693 3721 1776 3773 vel
1815 3721 1959 3774 false
1973 3759 1992 3786 ‚
2035 3740 2168 3794 quos
2199 3724 2327 3796 quia
2365 3738 2418 3775 et

1408 3820 1525 3873 quoe
1537 3802 1684 3873 quia.
1701 3800 1891 3853 Melius
1907 3813 1956 3851 ta
1963 3820 2084 3852 men
2097 3802 2269 3853 oratio
2283 3801 2420 3869 fluit,

1408 3879 1589 3933 deleto
1613 3882 1732 3953 qui,
1759 3895 1820 3932 ut
1846 3880 2009 3933 verba
2043 3898 2230 3933 novem
2261 3882 2420 3935 unius

1408 3962 1636 4033 corporis
1663 3960 1961 4012 referantur
1982 3958 2050 4012 atl
2069 3960 2337 4031 scripsisse.

1482 4060 1532 4094 2.
1560 4043 1666 4095 Per
1676 4060 1838 4095 unam
1861 4040 2084 4093 literam.
2105 4040 2269 4093 Gron.
2289 4060 2424 4094 con-

1404 4124 1554 4191 jecit,
1565 4140 1664 4194 per
1673 4138 1834 4173 unam
1849 4120 1894 4172 L
1908 4118 2131 4172 literam.
2147 4116 2253 4172 Sed
2265 4122 2422 4190 gemi-

1412 4204 1528 4257 nari
1549 4204 1712 4255 etiam
1733 4203 1910 4274 potuit
1929 4201 2082 4255 litora
2102 4221 2144 4274 p
2169 4203 2226 4255 in
2243 4202 2424 4255 nomi-
