3050 5004
1219 466 1496 533 NERO.
2280 493 2407 558 ¹99

319 596 538 661 minus
563 590 995 660 aemulatione
1025 594 1209 659 vocis
1226 643 1245 673 ‚
1272 614 1424 685 quae
1453 590 1547 659 illi
1576 588 1943 685 jucundior
1973 591 2371 683 suppetebat
2389 644 2407 675 ,

315 730 519 800 quam
539 720 730 773 metu
749 757 768 787 ‚
805 728 893 772 ne
919 702 1329 798 quandoque
1365 700 1549 795 apud
1588 702 1943 771 hominum
1978 707 2263 797 gratiam
2298 704 2412 796 pa-

313 830 500 883 terna
533 817 858 883 memoria
891 812 1325 908 praevaleret‚
1359 839 1623 883 veneno
1654 838 2011 907 aggressus
2048 831 2171 883 est.
2208 814 2411 900 Quod

310 940 663 1017 acceptum
681 949 724 993 a
741 922 1035 1019 quadam
1052 928 1366 1006 Locusta,
1386 928 1906 993 venenat-iorum
1922 923 2173 1009 inclita,
2198 948 2412 1019 quum

311 1041 628 1131 opinione
655 1036 912 1108 tardius
939 1036 1208 1106 cederet
1223 1036 1286 1119 4,
1311 1054 1547 1121 yentre
1568 1036 1775 1105 modo
1800 1039 2160 1107 Britannici
2184 1054 2407 1121 mot03

309 1150 699 1217 arcessitam
719 1146 1076 1215 mulierem
1105 1171 1230 1214 sua
1261 1172 1471 1215 manu
1498 1146 1877 1216 verberavit
1893 1201 1910 1230 ‚
1935 1172 2257 1241 arguens,
2288 1171 2413 1241 pro

309 1282 574 1327 veneno
605 1257 980 1327 remedium
1012 1256 1314 1327 dedisse:
1357 1260 1841 1355 excusantique
1860 1312 1879 1341 ,
1916 1261 2141 1329 minus
2178 1258 2411 1330 datum
2442 1327 2447 1335 ,

309 1369 393 1438 ad
415 1368 896 1440 occultandam
923 1369 1236 1437 facinoris
1267 1369 1626 1454 invidiam;
1660 1400 1687 1429 a
1706 1374 1875 1439 Sane
1894 1422 1912 1452 ‚
1936 1402 1965 1433 a»
1997 1373 2245 1466 inquit,
2281 1400 2307 1430 α
2324 1370 2416 1437 le-

310 1502 464 1571 gem
509 1478 760 1548 Juliam
782 1479 804 1518 ⁵
845 1482 1052 1547 timeo
1085 1508 1152 1547 :u
1205 1482 1558 1576 coegitque
1606 1505 1678 1549 se
1722 1504 1951 1551 coram
1989 1482 2061 1547 in
2102 1480 2415 1549 cubiculo

311 1614 518 1685 quam
551 1608 782 1683 posset
815 1590 1316 1659 velocissimum
1350 1616 1429 1661 ac
1466 1608 2009 1684 praesentaneum
2047 1592 2079 1638 6
2096 1615 2409 1685 coquere.

312 1700 574 1770 Deinde
615 1704 688 1768 in
728 1699 925 1769 haedo
969 1718 1285 1794 expertus
1305 1754 1323 1783 ,
1361 1718 1724 1797 postquam
1768 1706 1823 1770 is
1867 1704 2170 1797 quinque
2211 1700 2413 1768 horas

311 1816 643 1906 protraxit
659 1867 676 1896 ‚
711 1816 960 1893 iterum
990 1837 1067 1881 ac
1107 1816 1352 1908 saepius
1387 1831 1733 1883 recoctum
1753 1867 1770 1898 ‚
1806 1812 2108 1907 porcello
2144 1808 2411 1906 objecit.

311 1928 460 2011 Quo
485 1925 712 1990 statim
737 1926 1154 2023 exanimatos,
1181 1924 1413 1992 inferri
1443 1926 1515 1991 in
1546 1924 1913 2013 triclinium
1933 1978 1951 2006 ,
1982 1924 2261 2019 darique
2288 1946 2413 1991 coe·

312 2036 502 2101 nanti
539 2058 772 2102 secum
803 2038 1180 2103 Britannico
1201 2046 1226 2086 ⁷
1260 2039 1631 2128 imperavit.
1673 2040 1755 2104 Et
1788 2060 2005 2132 quum
2034 2034 2150 2104 ille
2178 2034 2266 2103 ad
2288 2037 2418 2129 pri-

312 2170 506 2213 mum
541 2162 816 2238 gustum
849 2144 1252 2215 concidisset
1269 2199 1287 2230 ‚
1317 2148 1635 2216 comitiali
1670 2148 1907 2217 morbo
1946 2172 2041 2215 ex⁴
2062 2164 2421 2215 consuetu—

314 2254 469 2325 dine
490 2291 497 2300 ·
515 2271 905 2348 correptum
938 2256 1130 2348 -apud
1163 2259 1480 2325 convivas
1513 2261 1875 2326 ementitus
1897 2256 1922 2297 ⁸
1942 2312 1959 2341 ‚
2004 2273 2275 2351 postero
2311 2256 2418 2323 die

316 2492 610 2542 morum?
642 2488 798 2541 Plura
825 2488 1046 2562 conjicit
1071 2486 1317 2543 Oudend.
1407 2502 1645 2571 geretpr,
1684 2487 1991 2542 cubiculum
2018 2488 2239 2540 Caesaris
2268 2488 2417 2558 juxta

383 2569 433 2637 4.
472 2569 728 2640 Quium...
753 2568 943 2622 tardius
965 2568 1192 2636 cederet,
1215 2581 1316 2620 etc.
1411 2568 1730 2642 decoquitur
1770 2571 1945 2635 tirus,
1994 2569 2218 2638 cognitis
2260 2579 2417 2617 antea

315 2649 530 2700 Tacitus
553 2669 566 2698 ε
615 2670 638 2694 ιι
661 2648 894 2698 Primum
941 2665 1201 2698 venenum
1248 2645 1319 2698 ab

317 2729 441 2798 ipsis
467 2725 848 2778 educatoribus
881 2727 1119 2798 accepit,
1147 2739 1321 2778 trans-

315 2807 560 2878 misitque
574 2845 591 2872 ,
610 2805 846 2858 exsoluta
862 2805 980 2857 alvo
993 2843 1010 2872 ,
1029 2820 1218 2877 parum
1233 2824 1320 2858 va-

317 2884 476 2937 lidum
485 2923 504 2952 ‚
523 2887 633 2937 sive
649 2897 1120 2956 temperamentum
1133 2885 1322 2951 inerat,

317 2985 380 3020 ne
397 2967 578 3022 stetim
597 2967 815 3018 saeviret.
832 2989 855 3012 n

381 3055 436 3108 5.
445 3053 637 3128 Legem
649 3051 882 3115 hlium,-
898 3051 1198 3106 Corneliam
1208 3050 1323 3104 Sul-

318 3132 375 3184 }ae
390 3133 684 3184 Dictatoris
701 3130 768 3184 de
788 3132 987 3184 sicariis
1001 3171 1020 3200 ,
1038 3149 1154 3202 quoe
1174 3150 1323 3182 com·-

315 3211 650 3282 plectebatur
675 3211 924 3264 veneficia
937 3249 954 3278 ,
985 3212 1266 3282 repetitam
1289 3228 1322 3262 a

316 3293 458 3346 lulio
479 3292 700 3346 Caesare.
723 3291 860 3344 Vide
881 3294 1210 3350 Torrent.‚et
1225 3293 1322 3344 Er-

317 3386 449 3424 nest.
465 3401 539 3412 —-
551 3373 706 3426 Sane.
726 3373 932 3424 Ironice
947 3369 1164 3424 dictum.
1182 3372 1320 3424 Nos:

322 3475 344 3497 ι
361 3451 404 3503 11
433 3464 513 3504 est
536 3451 650 3502 vrai
676 3468 782 3522 que
814 3448 866 3500 la
892 3449 968 3501 loi
997 3462 1076 3502 est
1103 3448 1152 3500 Ιὲ
1181 3467 1322 3520 pour

319 3549 400 3583 me
420 3532 558 3582 faire
583 3549 740 3601 peur.
763 3553 785 3576 a

385 3618 436 3670 6.
470 3618 750 3692 Coeqitque
752 3655 880 3669 .....
909 3635 1140 3689 coquere.
1170 3616 1324 3668 Taci-

319 3709 400 3748 tus
417 3717 432 3748 ε
460 3718 487 3742 ι
502 3695 614 3750 Sed
639 3697 786 3748 Nero
801 3733 821 3762 ‚
842 3693 972 3748 lenti
995 3694 1208 3748 sceleris
1227 3696 1322 3746 im-

318 3778 551 3846 patiens,
581 3775 816 3827 minitari
836 3773 1110 3838 'trib-mo,
1135 3772 1323 3842 jubere

319 3855 642 3928 supplicium
678 3855 954 3919 venefico,
981 3851 1160 3924 quod,
1195 3852 1324 3905 dum

321 3953 588 3986 rumorem
613 3934 939 4005 respiciunt,
967 3932 1094 3986 dum
1132 3945 1324 4003 parant

323 4015 660 4070 defensiones
671 4053 690 4082 ‚
711 4017 1046 4068 securitatem
1063 4031 1326 4066 moraren-

327 4107 424 4147 tur.
455 4094 888 4156 Promittentihus
909 4093 1032 4146 dein
1061 4107 1168 4146 tam
1197 4111 1327 4164 prae-

329 4175 536 4244 cipitem
569 4191 788 4240 necem,
823 4191 982 4243 quam
1007 4174 1050 4226 si
1077 4175 1220 4224 ferro
1248 4189 1329 4222 ur-

1409 2651 1627 2701 venenis
1654 2647 1921 2719 rapidum.
1946 2669 1967 2692 ι

1483 2753 1533 2806 7.
1591 2736 1829 2788 Coenantt‘
1872 2753 2046 2788 secum
2089 2733 2415 2786 Britannico.

1411 2817 1659 2869 Tacitus:
1706 2839 1727 2862 α
1748 2815 1867 2867 Mos
1904 2812 2231 2882 habebatur,
2263 2815 2420 2866 Prin-

1412 2896 1594 2968 cipum
1634 2895 1833 2948 liberos
1882 2913 2005 2947 cum
2049 2897 2235 2946 ceteris
2276 2893 2417 2947 idem

1412 2980 1580 3029 aetatis
1602 2977 1869 3029 nobilibus
1896 2975 2143 3029 sedentes
2173 2977 2342 3043 vesci,
2367 2977 2421 3026 in

1411 3055 1671 3129 adspectu
1706 3059 2134 3130 propinquorum
2154 3095 2171 3123 ,
2204 3057 2418 3129 propria

1413 3149 1466 3186 et
1495 3137 1740 3208 parciore
1772 3153 1976 3188 mensa.
2021 3131 2133 3187 mic
2171 3133 2422 3204 epulante

1411 3217 1714 3267 Britannico
1736 3252 1752 3281 ,
1793 3227 1894 3266 etc.
1918 3236 1941 3260 ι
1984 3213 2287 3265 Inter-fuisse
2324 3211 2420 3264 Ti-

1412 3307 1523 3346 tum
1542 3331 1559 3359 ,
1588 3308 1775 3365 postea
1802 3293 2212 3362 Imperatorem,
2241 3301 2421 3340 narrat

1411 3375 1626 3440 Noster,
1648 3375 1755 3426 Tit.
1780 3390 1898 3442 cap.
1928 3388 1975 3422 a.

1483 3462 1534 3513 8.
1578 3456 1845 3512 Comitiali
1881 3457 2061 3509 morbo
2068 3491 2212 3505 .....
2254 3471 2423 3504 corre-

1408 3549 1641 3609 ptum....
1660 3531 1917 3588 mentitus.
1944 3537 2191 3586 Tacitus:
2224 3556 2245 3580 α
2266 3535 2422 3583 Inno-

1413 3621 1496 3670 xia
1538 3617 1717 3670 adhuc
1756 3635 1817 3668 ac
1853 3611 2140 3686 praecalida
2174 3625 2227 3664 et
2257 3609 2421 3663 libata

1411 3712 1573 3770 gustu
1614 3710 1765 3769 potio
1808 3693 2035 3747 traditur
2078 3693 2421 3753 Britannico;

1414 3775 1577 3843 dein,
1623 3789 1903 3847 postquam
1952 3773 2157 3825 fervore
2196 3768 2419 3841 adsper-

1411 3853 1672 3920 nabatur,
1708 3849 1897 3922 frigida
1926 3852 1979 3900 in
2011 3867 2149 3920 aqua
2183 3847 2420 3900 affundi-

1413 3945 1500 3984 tur
1511 3949 1773 3984 venenum
1786 3967 1803 3996 ,
1820 3925 1969 4000 quod
1983 3931 2054 3980 ita
2071 3941 2293 3980 cunctos
2308 3927 2421 3997 ejus

1417 4025 1560 4063 artus
1597 4010 1859 4081 pervasit,
1900 4022 1961 4059 ut
1994 4026 2097 4058 vox
2135 4009 2333 4078 pariter
2370 4017 2421 4058 et

1418 4093 1633 4160 spiritus
1668 4101 1995 4161 raperentur.
2036 4085 2359 4156 Trepidatur
2392 4103 2423 4136 a

1419 4167 1959 4232 circumsedentibus,
2001 4165 2289 4236 diffugiunt
2323 4167 2425 4218 im-
