3050 5004
969 506 1465 577 EXCURSUS
1520 512 1758 577 xvn.
2281 526 2410 613 ²197

314 644 416 701 pro
452 628 687 698 Milone,
720 648 769 683 o.
804 647 869 701 27
899 631 1029 704 (per
1061 632 1387 689 calumniam
1425 637 1598 690 litium
1615 640 1818 711 fundos
1837 642 2038 701 alienos
2062 650 2330 719 petebat),
2362 656 2419 707 in

314 708 613 781 periculum
638 712 773 763 servi
800 710 1095 765 amittendi.
1134 716 1273 785 Ergo
1304 718 1640 771 Domitianus
1679 718 1958 777 admonuit
1993 743 2422 803 recuperatores,

315 806 383 841 ne
410 808 510 860 per
529 793 787 861 gratiam,
820 805 911 843 aut
942 792 1042 845 alia
1066 812 1387 866 quacunque
1408 795 1476 849 de
1501 816 1689 851 caussa
1705 838 1722 867 .,
1750 802 2046 857 secundum
2065 808 2422 865 calumniato-

312 887 397 921 res
424 870 480 921 in
510 888 701 923 caussa
723 870 933 923 liberali
956 876 1390 947 pronuntiarent.
1426 876 1708 932 Suetonius
1741 882 1798 933 in
1823 880 1925 935 hac
1958 885 2202 957 inprimis
2229 909 2420 946 caussa

314 950 649 1001 severitatem
686 952 977 1004 Domitiani
1018 972 1437 1008 commemorare
1469 956 1668 1025 voluit,
1708 960 1856 1032 quod
1889 980 2293 1037 recuperatores
2330 972 2422 1026 tali

313 1029 595 1099 iniquitate
617 1048 728 1081 non
754 1030 914 1083 modo
946 1032 1208 1103 legitimos
1228 1033 1477 1088 dominos
1498 1039 1661 1090 servis
1685 1041 1794 1093 suis
1817 1043 2117 1112 privarent,
2146 1047 2241 1101 sed
2263 1051 2422 1104 etiam

314 1109 577 1161 civitatem
597 1111 955 1183 inquinarent,
974 1115 1135 1167 servis
1152 1114 1413 1185 improbis
1430 1118 1811 1189 ingenuitatem
1832 1121 2220 1197 adjudicando:
2239 1148 2424 1201 quam-

316 1208 477 1262 quam
500 1204 733 1244 ceterum
756 1212 867 1245 non
882 1196 1116 1267 ignoro,
1149 1199 1495 1259 assertionem
1520 1202 1876 1272 perfusoriam
1901 1207 2058 1259 etiam
2082 1226 2226 1278 esse,
2255 1230 2422 1285 quum

314 1268 379 1323 lis
400 1288 500 1343 per
521 1272 843 1327 calumniam
865 1274 1159 1328 intenditur
1179 1277 1431 1347 ingenuo.
1725 1274 1740 1289 ”

823 1536 1521 1636 EXCURSUS
1597 1543 1901 1641 XVII

716 1774 859 1845 AD
908 1774 1666 1869 DOMITIANUM‚
1724 1786 1893 1855 CAP.
1954 1785 2022 1857 8.

1218 2078 1503 2094 ψ

312 2236 919 2345 Nonumosjudices,
942 2286 1042 2325 etc.
1064 2272 1421 2327 Casaubonus
1438 2288 1490 2344 et
1514 2272 1735 2327 Guictus
1753 2278 2168 2349 interpretantur
2197 2300 2424 2338 assesso-

314 2372 429 2417 res,
462 2355 573 2407 sive
608 2352 955 2407 consiliarios.
994 2356 1121 2407 Non
1156 2351 1471 2425 improbem.
1514 2353 1619 2406 Sed
1658 2353 1848 2407 vellem
1884 2356 2096 2429 planius
2134 2361 2420 2435 dixissent,

311 2434 496 2508 quales
528 2448 705 2498 essent
728 2436 765 2485 ii
783 2432 989 2506 judices
1004 2472 1023 2501 ,
1046 2434 1137 2507 qui
1164 2451 1457 2494 assessores
1485 2447 1539 2487 et
1561 2435 1890 2523 consiliarios
1908 2438 2186 2499 haberent.
2211 2446 2424 2516 Quodsi

308 2516 449 2570 hanc
488 2517 803 2570 sententiam
832 2514 1160 2587 probamus,
1192 2515 1532 2588 intelligenda
1563 2537 1647 2571 res
1685 2521 1783 2572 erit
1820 2519 1886 2574 de
1915 2521 2134 2592 judiciis
2169 2529 2266 2593 iis,
2305 2551 2421 2603 qua

314 2596 533 2669 singulis
553 2596 825 2668 judicibus
849 2597 1261 2650 exercebanturz
1292 2598 1451 2662 item,
1482 2596 1550 2650 de
1579 2598 1838 2668 arbitriis,
1870 2621 1983 2674 quae
2006 2618 2057 2656 et
2083 2607 2198 2678 ipsa
2216 2609 2422 2682 judicia

314 2677 581 2730 dieantur.
606 2677 692 2729 Sic
714 2675 975 2748 Aquillius
999 2676 1155 2732 datus
1174 2675 1339 2748 judex
1356 2675 1502 2732 solus
1527 2680 1581 2730 in
1607 2697 1796 2734 caussa
1817 2683 2128 2750 Quintiana.
2149 2687 2214 2740 Et
2237 2690 2426 2744 tribui·

312 2771 401 2810 tur
422 2754 701 2810 consilium
732 2774 847 2828 cap.
882 2774 950 2824 2,
972 2774 1062 2823 ιο,
1095 2757 1175 2810 15.
1206 2755 1267 2808 ld
1302 2756 1391 2809 ille
1420 2759 1536 2829 ipse
1561 2757 1881 2829 adsciverat,
1915 2765 2301 2840 constabatque
2332 2771 2424 2822 tri-

306 2837 409 2892 bus
440 2839 567 2891 Jure
584 2836 881 2904 consultis,
900 2840 977 2890 Μ.
994 2837 1277 2905 Marcello,
1304 2841 1361 2891 P.
1384 2839 1672 2907 Quintilio,
1695 2854 1746 2893 et
1763 2843 1822 2894 L.
1843 2842 2086 2899 Lucullo.
2109 2847 2212 2902 Sed
2232 2853 2424 2906 mirum

307 2916 581 2984 videatur,
606 2918 973 2970 Domitianum
996 2919 1323 2971 severitatem
1340 2918 1484 2970 illam
1510 2937 1660 2972 suam
1687 2934 1896 2976 tantum
1915 2930 2208 2984 exercuisse
2233 2932 2289 2984 in
2311 2931 2421 2987 hoc

308 3016 503 3070 genere
525 2996 801 3068 judicum,
828 2999 918 3070 qui
944 2997 1143 3068 singuli-
1162 2997 1273 3052 dati
1298 3017 1355 3052 se
1376 3002 1650 3072 corrumpi
1674 3004 1818 3073 passi
1842 3019 2044 3076 essent,
2070 3027 2179 3062 non
2201 3015 2422 3067 omnino

318 3082 376 3134 in
400 3079 649 3134 omnibus
672 3101 683 3130 =
712 3078 860 3150 quod
885 3092 1062 3136 tamen
1086 3080 1289 3134 factum
1318 3080 1544 3134 videtur.
1563 3083 1704 3134 Nam
1729 3088 2004 3157 superiora
2025 3088 2134 3142 duo
2157 3093 2424 3164 pertinent

312 3159 381 3212 ad
404 3177 601 3232 genera
624 3177 965 3226 caussarum,
992 3157 1098 3211 hoc
1121 3161 1365 3212 universe
1385 3159 1453 3212 ad
1473 3159 1700 3232 judices.
1720 3163 1887 3236 Atqui
1909 3168 1963 3218 in
1987 3168 2048 3219 iis
2059 3168 2306 3240 judiciis,
2328 3172 2422 3226 ubi

312 3239 493 3311 plures
524 3239 795 3310 judicant,
831 3240 937 3294 dici
968 3259 1079 3292 non
1106 3254 1307 3312 potest,
1329 3240 1539 3314 judices
1569 3241 1767 3297 habere
1793 3246 2070 3300 consilium
2087 3288 2103 3316 ,
2134 3251 2278 3322 quod
2305 3255 2427 3324 qui-

312 3315 435 3370 dem
456 3318 638 3370 sciam.
664 3319 831 3390 Igitur
852 3319 1077 3372 arbitror
1098 3319 1287 3388 verba,
1307 3320 1513 3392 judices
1541 3323 1864 3376 nummarios
1898 3343 2016 3376 cum
2043 3345 2136 3379 suo
2163 3348 2424 3406 quemque

310 3396 563 3466 oonsilio,
590 3399 745 3452 etiam
769 3401 846 3452 sic
868 3403 990 3472 capi
1017 3420 1199 3471 posse,
1229 3414 1291 3452 ut
1324 3400 1604 3452 consilium
1638 3403 1703 3454 sit
1732 3401 1902 3454 to'tum
1925 3401 2184 3474 judicium
2201 3447 2218 3474 ,
2247 3413 2420 3466 omnis

308 3467 560 3532 numerus
581 3478 856 3548 judicum,
882 3482 972 3551 qui
995 3481 1049 3532 in
1076 3499 1268 3534 caussa
1296 3480 1475 3550 aliqua
1499 3479 1776 3533 sedissent.
1807 3483 2096 3534 Consilium
2125 3485 2192 3538 de
2213 3489 2420 3558 judicio

314 3559 510 3612 dicitur
546 3577 885 3631 quocunque.
932 3560 1117 3612 Cicero
1158 3561 1211 3612 in
1250 3558 1417 3612 Caecil.
1446 3578 1564 3630 cap.
1596 3562 1662 3628 4,
1690 3563 1814 3626 scit,
1842 3564 1939 3634 qui
1967 3576 2040 3617 est
2076 3565 2130 3617 in
2163 3570 2420 3644 consilio,

312 3640 368 3693 C.
405 3639 695 3692 Marcellus
721 3661 737 3690 .-
772 3641 816 3691 is
846 3651 1025 3692 autem
1056 3641 1245 3692 eratin
1267 3639 1553 3712 judicibus.
1579 3641 1736 3692 Conf.
1761 3643 1910 3694 Verr.
1942 3645 2014 3710 11,
2052 3661 2118 3716 29
2137 3682 2153 3710 ,
2181 3660 2282 3699 etc.
2318 3653 2417 3707 Res

306 3731 487 3770 autem
512 3719 587 3770 sic
615 3716 779 3770 habet
802 3741 813 3770 ι
846 3738 1013 3790 quum
1041 3720 1316 3790 cognitum
1342 3731 1509 3786 esset,
1541 3717 1814 3790 injudicio
1843 3723 2129 3792 pecuniam
2157 3743 2270 3778 esse
2297 3747 2418 3782 ver-

308 3809 511 3864 satam,
540 3811 711 3850 totum
742 3795 875 3850 illud
912 3799 1227 3868 consilium,
1264 3801 1373 3852 sive
1405 3797 1698 3869 judicium,
1725 3803 1928 3854 notavit
1957 3801 2324 3877 Domitianus,
2355 3825 2418 3864 ut

306 3891 620 3950 corruptum
645 3891 697 3931 et
723 3880 997 3948 injustum.
1028 3881 1109 3933 Sic
1139 3879 1435 3952 quondam,
1454 3881 1511 3932 in
1537 3898 1725 3934 caussa
1749 3881 2064 3952 Oppianici,
2096 3903 2258 3956 quum
2283 3907 2435 3951 conr

308 3971 503 4023 staret,
542 3961 825 4030 pecuniam
865 3961 920 4012 in
955 3959 1161 4032 judicio
1198 3973 1457 4014 versatam
1493 3977 1639 4027 esse,
1679 3961 1838 4015 etiam
1867 3961 2032 4033 judex
2070 3967 2374 4035 quaestionis
2397 4009 2417 4041 ,

308 4040 545 4109 quamvis
574 4041 867 4106 innocens,
900 4052 953 4092 et
978 4037 1217 4112 plerique
1239 4037 1445 4109 judices
1461 4076 1479 4106 ,
1518 4042 1678 4092 etiam
1705 4041 2046 4108 innocentes,
2071 4041 2154 4096 vel
2179 4043 2418 4104 damnati

305 4119 392 4173 vel
415 4139 447 4175 a
467 4119 789 4174 Censoribus
810 4123 982 4174 notati
1006 4133 1131 4174 sunt
1150 4159 1168 4187 ,
1194 4133 1476 4193 totumque
1498 4118 1635 4172 illud
1659 4119 1941 4175 consilium
1964 4124 2161 4177 infame
2188 4127 2305 4181 fuit.
2325 4131 2420 4183 vi-

304 4200 565 4275 deturque
607 4201 946 4254 Domitianus
988 4219 1049 4253 ea
1083 4200 1362 4254 severitate
1399 4211 1550 4252 tanto
1591 4201 1840 4271 majorem
1871 4213 2128 4255 terrorem
2163 4204 2414 4277 injicere,

489 4295 586 4362 Π.
2040 4291 2126 4358 32
