3050 5004
1155 452 1487 521 GALBA.
2234 460 2371 529 253

377 586 459 650 X.
513 584 722 674 Igitur
756 578 968 676 quum
1006 583 1199 676 quasi
1237 583 1749 651 manumissioni
1777 599 2134 661 vacaturus
2154 596 2169 625 ¹
2198 611 2373 655 con-

289 691 658 760 scendisset
684 689 973 759 tribunal
997 744 1014 774 ‚
1042 693 1401 785 propositis
1428 707 1585 759 ante
1613 716 1686 761 se
1713 692 2185 765 damnatorum
2210 700 2373 769 occi-

289 823 656 896 sorumque
699 826 740 867 a
781 806 1044 869 Nerone
1083 825 1292 895 quam
1331 800 1641 893 plurimis
1678 804 2112 901 imaginibuS,
2154 823 2221 873 et
2260 806 2371 875 ad·-

288 927 502 979 stante
526 909 736 979 nobili
758 934 972 1004 puero
989 961 1008 993 ‚
1041 934 1246 1005 quem
1275 910 1695 979 exsulantem
1720 936 1757 978 e
1782 916 2087 1007 proxima
2118 915 2372 984 Baleari

285 1026 504 1097 insula
545 1026 634 1095 ob
659 1025 728 1093 id
753 1030 978 1119 ipsum
1015 1029 1344 1094 acciverat
1358 1079 1376 1111 ,
1411 1026 1786 1119 deploravit
1822 1042 2203 1123 temporum
2246 1048 2373 1098 sta-

286 1153 454 1219 tum,
509 1135 1102 1231 consalutatusque
1145 1139 1681 1221 IMPERATOR,
1742 1143 2111 1232 «Legatum
2149 1164 2223 1208 se
2270 1144 2373 1211 Se-

285 1266 485 1317 natus
535 1271 615 1314 ac
655 1246 888 1341 populi
941 1250 1225 1315 Romani
1245 1278 1302 1331 ,n
1357 1248 1703 1340 professus
1740 1266 1859 1317 est.
1906 1252 2081 1318 Dein
2107 1247 2367 1344 justitio

285 1362 560 1444 indicte,
586 1378 624 1429 e
645 1360 844 1454 plebe
863 1361 1136 1456 quidem
1159 1363 1522 1453 provinciae
1545 1361 1841 1454 legiones
1864 1379 1932 1430 et
1952 1362 2197 1431 auxilia
2220 1387 2371 1433 con-

287 1476 554 1567 scripsit
573 1527 589 1555 ,
631 1496 835 1565 super
865 1474 1228 1540 exercitum
1258 1486 1557 1541 veterem
1586 1472 1867 1565 legionis
1894 1476 2096 1541 unius
2114 1482 2136 1511 ²
2152 1526 2171 1557 ‚
2211 1476 2373 1543 dua-

286 1607 574 1679 rumque
617 1582 883 1651 alarum
898 1634 917 1665 ‚
955 1599 1023 1651 et
1057 1580 1434 1651 cohortium
1475 1586 1683 1651 trium
1715 1610 1729 1650 :
1772 1600 1845 1651 at
1880 1608 1919 1651 e
1958 1585 2367 1677 primoribus

287 1694 782 1790 prudentiaque
801 1711 868 1762 et
890 1710 1082 1763 aetate
1104 1693 1602 1787 praestantibus,
1626 1694 1815 1763 velut
1830 1696 2040 1763 instar
2062 1700 2367 1779 Senatus,

287 1803 370 1871 ad
394 1828 566 1899 quos
597 1803 682 1872 de
711 1802 838 1898 maj
849 1828 966 1873 ore
983 1828 1089 1886 re,
1114 1806 1374 1898 quoties
1401 1829 1572 1898 opus
1602 1822 1813 1890 esset,
1844 1805 2243 1889 referretur,
2264 1809 2369 1875 in-

289 1918 522 1983 stituit.
553 1915 813 2009 Delegit
835 1932 904 1985 et
925 1919 1252 2012 equestris
1275 1916 1527 1985 ordinis
1546 1915 1863 2011 juveneS,
1890 1921 2035 2013 qui,
2056 1936 2373 1987 manente

288 2026 650 2095 anulorum
689 2052 1050 2096 aureorum
1089 2024 1257 2096 usu3
1275 2077 1294 2112 ,
1332 2027 1655 2095 Evocati‘*
1693 2028 2195 2122 appellarentur
2212 2082 2230 2111 ‚
2266 2055 2371 2099 ex·

290 2134 656 2229 cubiasq'ue
699 2138 876 2203 circa
917 2134 1304 2204 cubiculum
1336 2158 1540 2205 suum
1564 2140 1709 2206 vice
1746 2138 2037 2206 militum
2068 2156 2367 2230 agerent.

291 2247 504 2313 Etiam
525 2269 649 2337 per
676 2246 1054 2338 provincias
1087 2245 1304 2312 edicta
1335 2245 1623 2329 dimisit,
1660 2264 1896 2315 auctor
1918 2248 2197 2339 singulis
2226 2252 2372 2317 uni-

290 2357 634 2448 versisque
670 2352 1099 2447 conspirandi
1137 2354 1373 2437 simul,
1403 2371 1472 2423 et
1505 2372 1617 2438 ut,
1657 2379 1792 2451 qua
1823 2374 2055 2449 posset
2085 2360 2370 2452 quisque

293 2484 525 2556 opera,
564 2486 993 2532 communem
1023 2484 1296 2530 causam
1321 2459 1661 2555 juvarent.
1690 2470 1815 2534 Per
1838 2464 2019 2534 idem
2042 2467 2184 2534 fere
2206 2482 2371 2535 tem-

293 2599 418 2666 pus
453 2577 526 2641 in
563 2576 938 2642 munitione
981 2572 1468 2669 oppidi,=quod
1505 2575 1733 2643 sedem
1778 2575 1959 2645 bello
2001 2576 2369 2670 delegerat,
2454 2603 2459 2610 ·

293 2699 596 2779 repertus
642 2701 745 2753 est
784 2683 1028 2754 anulus
1075 2707 1278 2781 opere
1321 2689 1627 2782 antiqu0,
1663 2687 2050 2781 sculptura-'⁶
2090 2713 2371 2781 gemmae

358 2887 426 2940 X.
470 2905 514 2941 1.
549 2887 708 2958 Quasi
729 2886 1122 2941 manumissioni
1141 2907 1290 2940 vaca-

293 2974 446 3019 turus.
470 2966 545 3018 Ita
573 2968 711 3018 enim
738 2965 994 3033 edixerat,
1023 2964 1182 3017 veluti
1193 2963 1290 3016 bo-

1373 2899 1569 3016 ‘siextam
1605 2888 1805 2958 fuisse,
1842 2909 1905 2943 ex
1928 2890 2127 2944 Histor.
2155 2891 2229 2960 V,
2274 2890 2371 2960 16,

1411 2980 1585 3018 ocent.

291 3044 344 3094 ui
373 3043 563 3094 ominis
591 3061 778 3108 causa,
807 3041 956 3114 quod
987 3041 1285 3094 libertatem

293 3123 492 3190 generis
521 3121 740 3172 humani
771 3139 1001 3174 asserere
1024 3122 1078 3173 in
1110 3124 1285 3173 auimo

291 3197 529 3254 haberet.
555 3201 637 3254 Cf.
663 3198 928 3252 Plutarch.
950 3219 1065 3272 cap.
1093 3198 1143 3252 5.

359 3297 408 3332 2.
440 3280 682 3355 Leqiom's
695 3281 862 3333 unius.
893 3279 1058 3332 Tacit.
1085 3281 1218 3331 nist.
1234 3281 1284 3344 1,

291 3357 350 3424 6,
379 3357 642 3411 «inducta
671 3358 874 3431 legione
899 3359 1162 3432 Hispana,
1181 3380 1205 3405 ιο
1234 3371 1288 3411 et

293 3437 433 3510 apud
476 3437 752 3502 eumdem,
791 3456 910 3508 cap.
958 3439 1048 3502 16,
1085 3436 1283 3490 Galba:

297 3539 320 3565 ι
333 3519 500 3584 Nero,
521 3535 678 3588 quem
693 3515 852 3586 longa
871 3518 1134 3569 Gaesarum
1152 3517 1286 3568 serie

294 3611 610 3662 tumentem,
633 3615 742 3647 11011
770 3596 974 3648 Vindex
999 3615 1118 3648 cum
1143 3598 1286 3647 iner-

293 3680 362 3731 mi
386 3677 691 3750 provincia,
717 3691 807 3728 aut
830 3695 930 3746 ego
952 3695 1066 3730 cum
1089 3695 1196 3728 una
1217 3675 1284 3728 Ie-

290 3759 468 3832 gione,
493 3755 588 3809 sed
617 3773 710 3808 sua
731 3755 1054 3822 immanitas,
1081 3773 1178 3808 sua
1206 3754 1288 3807 lu-

295 3839 459 3902 xuria,
475 3832 767 3887 cervicibus
777 3833 998 3906 publicis
1011 3832 1287 3908 depulere,

296 3927 394 3966 etc.
415 3936 439 3961 n
467 3912 564 3964 nbi
584 3910 704 3964 vide
724 3913 866 3984 Lips.
893 3922 945 3964 et
965 3913 1169 3964 Ernest.
1197 3912 1288 3984 qui

297 3996 478 4058 trium,
513 4009 628 4064 quae
655 4006 810 4044 antea
841 3991 918 4043 ibi
942 3992 1180 4056 fuerant,
1208 3991 1288 4044 le-

297 4074 510 4141 gionum
542 4088 844 4138 numerum,
866 4083 1058 4140 pacata
1085 4073 1290 4142 provin-

297 4171 403 4221 cia,
440 4151 512 4207 ad
539 4171 703 4206 unam
730 4151 1030 4220 redactum,
1067 4169 1289 4224 eamque

1443 3045 1494 3098 3.
1536 3047 1785 3099 Manente
1800 3047 2079 3101 anulorum
2098 3067 2372 3104 aureorum

1372 3143 1494 3184 ωτι,-
1521 3123 1577 3174 11.
1603 3142 1647 3174 e.
1672 3122 1815 3176 salvo
1835 3125 2083 3197 Equitum
2104 3129 2373 3180 Romano·

1373 3223 1490 3256 rum
1510 3207 1651 3274 jure.

1445 3283 1498 3349 4.
1515 3282 1750 3335 Evocati.
1767 3283 1919 3334 Conf.
1940 3283 2042 3334 Dio
2053 3319 2071 3346 ‚
2090 3285 2259 3348 XLV,
2280 3303 2300 3336 1
2312 3303 2339 3338 2
2351 3322 2371 3354 ,

1376 3374 1429 3413 et
1450 3361 1566 3428 LV,
1588 3361 1681 3427 24,
1700 3355 1793 3411 ubi
1811 3358 2121 3417 ’mraxime
2138 3382 2259 3415 vere
2278 3383 2371 3418 eos

1375 3440 1607 3512 appellat
1619 3437 1848 3502 ;Fabric.
1868 3437 1936 3491 ad
1952 3438 2054 3491 loc.
2068 3441 2153 3492 cit.
2168 3454 2221 3494 et
2234 3460 2373 3513 quos

1377 3517 1444 3572 ad
1472 3531 1715 3570 nostrum
1734 3519 1978 3570 excitavit
2000 3520 2233 3572 Pitiscns.
2260 3521 2375 3574 Sin-

1374 3596 1557 3670 gulare
1584 3596 1687 3648 hoc
1716 3595 1815 3647 sub
1847 3597 2016 3650 Galba
2045 3599 2205 3651 fuisse
2233 3600 2374 3652 mili-

1369 3691 1480 3728 tum
1502 3693 1696 3746 genus,
1709 3687 1885 3726 vetere
1906 3688 2111 3728 tantum
2132 3689 2183 3729 et
2201 3676 2373 3730 hono·

1372 3755 1519 3808 rifico
1547 3757 1763 3808 nomine
1792 3755 2127 3826 insignitum,
2158 3775 2240 3809 res
2269 3756 2371 3809 do·

1373 3849 1476 3888 cet.

1448 3911 1499 3965 5.
1536 3911 1829 3984 Sculptura.
1859 3913 1938 3963 Ita
1960 3910 2104 3963 edidi
2123 3929 2243 3963 cum
2266 3913 2373 3966 Ou-

1375 3989 1535 4045 dend.
1558 4007 1879 4064 quamquam
1894 3991 2083 4060 optimi
2094 3987 2263 4042 codd.
2283 3989 2373 4043 ha-

1374 4070 1504 4125 bent
1515 4070 1772 4142 scalptum
1782 4108 1799 4136 ,
1822 4080 1883 4121 ut
1894 4067 2024 4121 mibi
2042 4081 2371 4136 constat-em,

1375 4165 1661 4225 postquam
1703 4149 1845 4204 illam
1885 4150 2109 4202 formam
2158 4147 2371 4204 exhibui
