<?xml version="1.0" encoding="UTF-8"?>
<!DOCTYPE html PUBLIC "-//W3C//DTD XHTML 1.0 Transitional//EN"
    "http://www.w3.org/TR/xhtml1/DTD/xhtml1-transitional.dtd">
<html xmlns="http://www.w3.org/1999/xhtml" xml:lang="en" lang="en">
 <head>
  <title>
</title>
<meta http-equiv="Content-Type" content="text/html;charset=utf-8" />
  <meta name='ocr-system' content='tesseract 3.04.00' />
  <meta name='ocr-capabilities' content='ocr_page ocr_carea ocr_par ocr_line ocrx_word'/>
</head>
<body>
  <div class='ocr_page' id='page_1' title='image "./csuetoniitranqu09suetgoog_0081.png"; bbox 0 0 3050 5004; ppageno 0'>
   <div class='ocr_carea' id='block_1_1' title="bbox 566 456 746 521">
    <p class='ocr_par' dir='ltr' id='par_1_1' title="bbox 566 456 746 521">
     <span class='ocr_line' id='line_1_1' title="bbox 566 456 746 521; baseline 0 0"><span class='ocrx_word' id='word_1_1' title='bbox 566 456 746 521; x_wconf 83' lang='grc'><strong>’68</strong></span> 
     </span>
    </p>
   </div>
   <div class='ocr_carea' id='block_1_2' title="bbox 1403 456 1995 525">
    <p class='ocr_par' dir='ltr' id='par_1_2' title="bbox 1403 456 1995 525">
     <span class='ocr_line' id='line_1_2' title="bbox 1403 456 1995 525; baseline 0.005 -4"><span class='ocrx_word' id='word_1_2' title='bbox 1403 458 1475 521; x_wconf 91' lang='lat' dir='ltr'><strong>C.</strong></span> <span class='ocrx_word' id='word_1_3' title='bbox 1528 456 1995 525; x_wconf 77' lang='lat' dir='ltr'>SUETONH</span> 
     </span>
    </p>
   </div>
   <div class='ocr_carea' id='block_1_3' title="bbox 638 581 2773 2458">
    <p class='ocr_par' dir='ltr' id='par_1_3' title="bbox 638 581 2773 2458">
     <span class='ocr_line' id='line_1_3' title="bbox 753 581 2763 683; baseline 0.003 -32"><span class='ocrx_word' id='word_1_4' title='bbox 753 589 959 651; x_wconf 83' lang='lat' dir='ltr'><strong>Lvtl.</strong></span> <span class='ocrx_word' id='word_1_5' title='bbox 999 590 1268 651; x_wconf 76' lang='lat' dir='ltr'><strong>Futurae</strong></span> <span class='ocrx_word' id='word_1_6' title='bbox 1289 581 1494 652; x_wconf 79' lang='lat' dir='ltr'><strong>caedis</strong></span> <span class='ocrx_word' id='word_1_7' title='bbox 1515 582 1733 650; x_wconf 87' lang='lat' dir='ltr'><strong>multa</strong></span> <span class='ocrx_word' id='word_1_8' title='bbox 1762 581 2068 676; x_wconf 78' lang='lat' dir='ltr'><strong>prodigia</strong></span> <span class='ocrx_word' id='word_1_9' title='bbox 2088 588 2507 655; x_wconf 83' lang='lat' dir='ltr'><strong>exstiterunt.</strong></span> <span class='ocrx_word' id='word_1_10' title='bbox 2532 588 2613 656; x_wconf 90' lang='lat'><strong>01</strong></span> <span class='ocrx_word' id='word_1_11' title='bbox 2622 612 2763 683; x_wconf 71' lang='lat' dir='ltr'><strong>ym—</strong></span> 
     </span>
     <span class='ocr_line' id='line_1_4' title="bbox 657 690 2764 792; baseline 0.004 -31"><span class='ocrx_word' id='word_1_12' title='bbox 657 699 788 787; x_wconf 80' lang='lat' dir='ltr'><strong>piae</strong></span> <span class='ocrx_word' id='word_1_13' title='bbox 803 694 1240 761; x_wconf 84' lang='lat' dir='ltr'><strong>simulacrum</strong></span> <span class='ocrx_word' id='word_1_14' title='bbox 1254 695 1436 762; x_wconf 81' lang='lat' dir='ltr'><strong>Jovis</strong></span> <span class='ocrx_word' id='word_1_15' title='bbox 1450 745 1470 773; x_wconf 92' lang='lat'><strong>,</strong></span> <span class='ocrx_word' id='word_1_16' title='bbox 1488 690 1676 787; x_wconf 90' lang='lat' dir='ltr'><strong>quod</strong></span> <span class='ocrx_word' id='word_1_17' title='bbox 1690 690 1967 761; x_wconf 86' lang='lat' dir='ltr'><strong>dissolvi</strong></span> <span class='ocrx_word' id='word_1_18' title='bbox 1982 695 2462 792; x_wconf 74' lang='lat' dir='ltr'><strong>transferrique</strong></span> <span class='ocrx_word' id='word_1_19' title='bbox 2472 704 2764 768; x_wconf 83' lang='lat' dir='ltr'><strong>Romam</strong></span> 
     </span>
     <span class='ocr_line' id='line_1_5' title="bbox 661 805 2763 899; baseline 0.002 -24"><span class='ocrx_word' id='word_1_20' title='bbox 661 808 1037 899; x_wconf 77' lang='lat' dir='ltr'><strong>placuerat·</strong></span> <span class='ocrx_word' id='word_1_21' title='bbox 1057 860 1076 889; x_wconf 89' lang='lat'><strong>,</strong></span> <span class='ocrx_word' id='word_1_22' title='bbox 1105 823 1371 875; x_wconf 83' lang='lat' dir='ltr'><strong>tantum</strong></span> <span class='ocrx_word' id='word_1_23' title='bbox 1401 805 1811 873; x_wconf 84' lang='lat' dir='ltr'><strong>cachinnum</strong></span> <span class='ocrx_word' id='word_1_24' title='bbox 1839 824 2117 899; x_wconf 88' lang='lat' dir='ltr'><strong>repente</strong></span> <span class='ocrx_word' id='word_1_25' title='bbox 2138 807 2374 893; x_wconf 83' lang='lat' dir='ltr'><strong>edidit,</strong></span> <span class='ocrx_word' id='word_1_26' title='bbox 2410 828 2487 879; x_wconf 89' lang='lat' dir='ltr'><strong>ut</strong></span> <span class='ocrx_word' id='word_1_27' title='bbox 2506 812 2763 881; x_wconf 84' lang='lat' dir='ltr'><strong>maehi-</strong></span> 
     </span>
     <span class='ocr_line' id='line_1_6' title="bbox 661 916 2763 1016; baseline 0.002 -29"><span class='ocrx_word' id='word_1_28' title='bbox 661 922 765 987; x_wconf 89' lang='lat' dir='ltr'><strong>nis</strong></span> <span class='ocrx_word' id='word_1_29' title='bbox 817 918 1160 985; x_wconf 79' lang='lat' dir='ltr'><strong>labefactis</strong></span> <span class='ocrx_word' id='word_1_30' title='bbox 1207 916 1484 1010; x_wconf 85' lang='lat' dir='ltr'><strong>opifices</strong></span> <span class='ocrx_word' id='word_1_31' title='bbox 1528 916 1941 1007; x_wconf 77' lang='lat' dir='ltr'><strong>diffugerint.</strong></span> <span class='ocrx_word' id='word_1_32' title='bbox 1995 920 2529 1016; x_wconf 84' lang='lat' dir='ltr'><strong>Supervenitque</strong></span> <span class='ocrx_word' id='word_1_33' title='bbox 2577 922 2763 992; x_wconf 86' lang='lat' dir='ltr'><strong>illico</strong></span> 
     </span>
     <span class='ocr_line' id='line_1_7' title="bbox 655 1026 2761 1126; baseline 0.003 -29"><span class='ocrx_word' id='word_1_34' title='bbox 655 1029 936 1126; x_wconf 86' lang='lat' dir='ltr'><strong>quidam</strong></span> <span class='ocrx_word' id='word_1_35' title='bbox 955 1033 1224 1097; x_wconf 80' lang='lat' dir='ltr'><strong>Cassius</strong></span> <span class='ocrx_word' id='word_1_36' title='bbox 1248 1052 1524 1124; x_wconf 89' lang='lat' dir='ltr'><strong>quoque</strong></span> <span class='ocrx_word' id='word_1_37' title='bbox 1552 1029 1859 1109; x_wconf 89' lang='lat' dir='ltr'><strong>nomine,</strong></span> <span class='ocrx_word' id='word_1_38' title='bbox 1885 1026 2160 1121; x_wconf 87' lang='lat' dir='ltr'><strong>jussum</strong></span> <span class='ocrx_word' id='word_1_39' title='bbox 2186 1054 2263 1098; x_wconf 89' lang='lat' dir='ltr'><strong>se</strong></span> <span class='ocrx_word' id='word_1_40' title='bbox 2293 1036 2555 1101; x_wconf 90' lang='lat' dir='ltr'><strong>somnio</strong></span> <span class='ocrx_word' id='word_1_41' title='bbox 2584 1035 2761 1103; x_wconf 84' lang='lat' dir='ltr'><strong>affir-</strong></span> 
     </span>
     <span class='ocr_line' id='line_1_8' title="bbox 659 1138 2759 1234; baseline 0.002 -26"><span class='ocrx_word' id='word_1_42' title='bbox 659 1164 890 1223; x_wconf 84' lang='lat' dir='ltr'><strong>mans,</strong></span> <span class='ocrx_word' id='word_1_43' title='bbox 919 1138 1270 1207; x_wconf 80' lang='lat' dir='ltr'><strong>immolare</strong></span> <span class='ocrx_word' id='word_1_44' title='bbox 1297 1154 1569 1205; x_wconf 84' lang='lat' dir='ltr'><strong>taurum</strong></span> <span class='ocrx_word' id='word_1_45' title='bbox 1590 1140 1761 1205; x_wconf 84' lang='lat' dir='ltr'><strong>Jovi.</strong></span> <span class='ocrx_word' id='word_1_46' title='bbox 1792 1138 2199 1230; x_wconf 78' lang='lat' dir='ltr'><strong>Capitolium</strong></span> <span class='ocrx_word' id='word_1_47' title='bbox 2218 1144 2501 1234; x_wconf 83' lang='lat' dir='ltr'><strong>Gapuae²</strong></span> <span class='ocrx_word' id='word_1_48' title='bbox 2526 1143 2759 1212; x_wconf 88' lang='lat' dir='ltr'><strong>Idibus</strong></span> 
     </span>
     <span class='ocr_line' id='line_1_9' title="bbox 638 1247 2764 1335; baseline 0.001 -16"><span class='ocrx_word' id='word_1_49' title='bbox 638 1251 917 1335; x_wconf 31' lang='lat' dir='ltr'><strong>‘Martiis</strong></span> <span class='ocrx_word' id='word_1_50' title='bbox 955 1248 1042 1317; x_wconf 91' lang='lat' dir='ltr'><strong>de</strong></span> <span class='ocrx_word' id='word_1_51' title='bbox 1083 1247 1251 1317; x_wconf 81' lang='lat' dir='ltr'><strong>caelo</strong></span> <span class='ocrx_word' id='word_1_52' title='bbox 1297 1264 1553 1315; x_wconf 85' lang='lat' dir='ltr'><strong>tactum</strong></span> <span class='ocrx_word' id='word_1_53' title='bbox 1596 1264 1739 1315; x_wconf 89' lang='lat' dir='ltr'><strong>est:</strong></span> <span class='ocrx_word' id='word_1_54' title='bbox 1790 1249 1954 1315; x_wconf 87' lang='lat' dir='ltr'><strong>item</strong></span> <span class='ocrx_word' id='word_1_55' title='bbox 1993 1254 2225 1333; x_wconf 68' lang='lat' dir='ltr'><strong>Romae</strong></span> <span class='ocrx_word' id='word_1_56' title='bbox 2262 1251 2437 1319; x_wconf 86' lang='lat' dir='ltr'><strong>cella</strong></span> <span class='ocrx_word' id='word_1_57' title='bbox 2476 1252 2764 1321; x_wconf 80' lang='lat' dir='ltr'><strong>Palatini</strong></span> 
     </span>
     <span class='ocr_line' id='line_1_10' title="bbox 653 1354 2762 1451; baseline 0.003 -24"><span class='ocrx_word' id='word_1_58' title='bbox 653 1362 965 1429; x_wconf 86' lang='lat' dir='ltr'><strong>atriensis</strong></span> <span class='ocrx_word' id='word_1_59' title='bbox 977 1356 1026 1425; x_wconf 84' lang='lat'><strong>³.</strong></span> <span class='ocrx_word' id='word_1_60' title='bbox 1045 1363 1184 1425; x_wconf 84' lang='lat' dir='ltr'><strong>Nec</strong></span> <span class='ocrx_word' id='word_1_61' title='bbox 1202 1358 1595 1437; x_wconf 84' lang='lat' dir='ltr'><strong>defuerunt,</strong></span> <span class='ocrx_word' id='word_1_62' title='bbox 1616 1359 1734 1451; x_wconf 87' lang='lat' dir='ltr'><strong>qui</strong></span> <span class='ocrx_word' id='word_1_63' title='bbox 1753 1354 2244 1450; x_wconf 70' lang='lat' dir='ltr'><strong>conjectarent,</strong></span> <span class='ocrx_word' id='word_1_64' title='bbox 2264 1359 2477 1428; x_wconf 86' lang='lat' dir='ltr'><strong>altero</strong></span> <span class='ocrx_word' id='word_1_65' title='bbox 2492 1380 2762 1433; x_wconf 86' lang='lat' dir='ltr'><strong>ostento</strong></span> 
     </span>
     <span class='ocr_line' id='line_1_11' title="bbox 653 1465 2763 1563; baseline 0.002 -24"><span class='ocrx_word' id='word_1_66' title='bbox 653 1470 1034 1563; x_wconf 86' lang='lat' dir='ltr'><strong>periculum</strong></span> <span class='ocrx_word' id='word_1_67' title='bbox 1057 1494 1098 1538; x_wconf 88' lang='lat' dir='ltr'><strong>a</strong></span> <span class='ocrx_word' id='word_1_68' title='bbox 1117 1468 1511 1537; x_wconf 86' lang='lat' dir='ltr'><strong>custodibus</strong></span> <span class='ocrx_word' id='word_1_69' title='bbox 1534 1465 1813 1535; x_wconf 90' lang='lat' dir='ltr'><strong>domino</strong></span> <span class='ocrx_word' id='word_1_70' title='bbox 1844 1466 2191 1561; x_wconf 80' lang='lat' dir='ltr'><strong>portendi3</strong></span> <span class='ocrx_word' id='word_1_71' title='bbox 2218 1468 2434 1538; x_wconf 86' lang='lat' dir='ltr'><strong>altero</strong></span> <span class='ocrx_word' id='word_1_72' title='bbox 2450 1524 2468 1553; x_wconf 92' lang='lat'><strong>,</strong></span> <span class='ocrx_word' id='word_1_73' title='bbox 2498 1472 2763 1542; x_wconf 84' lang='lat' dir='ltr'><strong>coedem</strong></span> 
     </span>
     <span class='ocr_line' id='line_1_12' title="bbox 655 1577 2767 1676; baseline 0.001 -27"><span class='ocrx_word' id='word_1_74' title='bbox 655 1606 895 1649; x_wconf 88' lang='lat' dir='ltr'><strong>rursus</strong></span> <span class='ocrx_word' id='word_1_75' title='bbox 919 1583 1290 1671; x_wconf 77' lang='lat' dir='ltr'><strong>insignem,</strong></span> <span class='ocrx_word' id='word_1_76' title='bbox 1323 1578 1546 1673; x_wconf 75' lang='lat' dir='ltr'><strong>qualis</strong></span> <span class='ocrx_word' id='word_1_77' title='bbox 1582 1578 1825 1647; x_wconf 83' lang='lat' dir='ltr'><strong>eodem</strong></span> <span class='ocrx_word' id='word_1_78' title='bbox 1859 1577 2004 1647; x_wconf 78' lang='lat' dir='ltr'><strong>die⁴</strong></span> <span class='ocrx_word' id='word_1_79' title='bbox 2034 1579 2211 1647; x_wconf 69' lang='lat' dir='ltr'><strong>facta</strong></span> <span class='ocrx_word' id='word_1_80' title='bbox 2238 1581 2581 1676; x_wconf 85' lang='lat' dir='ltr'><strong>quondam</strong></span> <span class='ocrx_word' id='word_1_81' title='bbox 2604 1586 2767 1653; x_wconf 83' lang='lat' dir='ltr'><strong>fuis·</strong></span> 
     </span>
     <span class='ocr_line' id='line_1_13' title="bbox 655 1690 2771 1789; baseline 0.002 -26"><span class='ocrx_word' id='word_1_82' title='bbox 655 1711 781 1763; x_wconf 87' lang='lat' dir='ltr'><strong>set.</strong></span> <span class='ocrx_word' id='word_1_83' title='bbox 807 1694 1202 1763; x_wconf 82' lang='lat' dir='ltr'><strong>Consulenti</strong></span> <span class='ocrx_word' id='word_1_84' title='bbox 1223 1718 1498 1789; x_wconf 89' lang='lat' dir='ltr'><strong>quoque</strong></span> <span class='ocrx_word' id='word_1_85' title='bbox 1520 1690 1607 1759; x_wconf 92' lang='lat' dir='ltr'><strong>de</strong></span> <span class='ocrx_word' id='word_1_86' title='bbox 1634 1696 1943 1785; x_wconf 80' lang='lat' dir='ltr'><strong>genitura</strong></span> <span class='ocrx_word' id='word_1_87' title='bbox 1966 1718 2091 1762; x_wconf 88' lang='lat' dir='ltr'><strong>sua</strong></span> <span class='ocrx_word' id='word_1_88' title='bbox 2106 1748 2123 1778; x_wconf 91' lang='lat'><strong>,</strong></span> <span class='ocrx_word' id='word_1_89' title='bbox 2149 1694 2335 1764; x_wconf 81' lang='lat' dir='ltr'><strong>Sulla</strong></span> <span class='ocrx_word' id='word_1_90' title='bbox 2352 1698 2771 1768; x_wconf 86' lang='lat' dir='ltr'><strong>mathemati-</strong></span> 
     </span>
     <span class='ocr_line' id='line_1_14' title="bbox 654 1810 2759 1903; baseline 0.001 -25"><span class='ocrx_word' id='word_1_91' title='bbox 654 1834 810 1891; x_wconf 88' lang='lat' dir='ltr'><strong>cus,</strong></span> <span class='ocrx_word' id='word_1_92' title='bbox 863 1811 1356 1875; x_wconf 71' lang='lat' dir='ltr'><strong>«certissimam</strong></span> <span class='ocrx_word' id='word_1_93' title='bbox 1401 1830 1640 1874; x_wconf 83' lang='lat' dir='ltr'><strong>necem</strong></span> <span class='ocrx_word' id='word_1_94' title='bbox 1682 1811 2264 1903; x_wconf 82' lang='lat' dir='ltr'><strong>appropinquare,</strong></span> <span class='ocrx_word' id='word_1_95' title='bbox 2290 1841 2319 1870; x_wconf 69' lang='lat' dir='ltr'>n</span> <span class='ocrx_word' id='word_1_96' title='bbox 2376 1810 2759 1881; x_wconf 85' lang='lat' dir='ltr'><strong>affirmavit.</strong></span> 
     </span>
     <span class='ocr_line' id='line_1_15' title="bbox 659 1922 2753 2004; baseline 0 -13"><span class='ocrx_word' id='word_1_97' title='bbox 659 1929 1078 1991; x_wconf 87' lang='lat' dir='ltr'><strong>Monuerunt</strong></span> <span class='ocrx_word' id='word_1_98' title='bbox 1095 1936 1164 1987; x_wconf 87' lang='lat' dir='ltr'><strong>et</strong></span> <span class='ocrx_word' id='word_1_99' title='bbox 1181 1926 1496 1987; x_wconf 81' lang='lat' dir='ltr'><strong>Fortunae</strong></span> <span class='ocrx_word' id='word_1_100' title='bbox 1511 1922 1903 1989; x_wconf 82' lang='lat' dir='ltr'><strong>Antiatinae⁵</strong></span> <span class='ocrx_word' id='word_1_101' title='bbox 1918 1973 1938 2004; x_wconf 94' lang='lat'><strong>,</strong></span> <span class='ocrx_word' id='word_1_102' title='bbox 1968 1951 1995 1981; x_wconf 76' lang='grc' dir='ltr'><strong>α</strong></span> <span class='ocrx_word' id='word_1_103' title='bbox 2014 1936 2091 1988; x_wconf 90' lang='lat' dir='ltr'><strong>ut</strong></span> <span class='ocrx_word' id='word_1_104' title='bbox 2104 1944 2147 1987; x_wconf 86' lang='lat' dir='ltr'><strong>a</strong></span> <span class='ocrx_word' id='word_1_105' title='bbox 2164 1925 2393 1991; x_wconf 85' lang='lat' dir='ltr'><strong>Cassio</strong></span> <span class='ocrx_word' id='word_1_106' title='bbox 2412 1944 2699 1993; x_wconf 85' lang='lat' dir='ltr'><strong>caveret.</strong></span> <span class='ocrx_word' id='word_1_107' title='bbox 2724 1959 2753 1985; x_wconf 77' lang='grc' dir='ltr'><strong>ιι</strong></span> 
     </span>
     <span class='ocr_line' id='line_1_16' title="bbox 657 2027 2769 2121; baseline 0.002 -22"><span class='ocrx_word' id='word_1_108' title='bbox 657 2036 810 2117; x_wconf 84' lang='lat' dir='ltr'><strong>Qua</strong></span> <span class='ocrx_word' id='word_1_109' title='bbox 835 2054 1046 2099; x_wconf 86' lang='lat' dir='ltr'><strong>causa</strong></span> <span class='ocrx_word' id='word_1_110' title='bbox 1073 2027 1185 2097; x_wconf 91' lang='lat' dir='ltr'><strong>ille</strong></span> <span class='ocrx_word' id='word_1_111' title='bbox 1215 2033 1520 2097; x_wconf 85' lang='lat' dir='ltr'><strong>Cassium</strong></span> <span class='ocrx_word' id='word_1_112' title='bbox 1556 2032 1969 2121; x_wconf 76' lang='lat' dir='ltr'><strong>Longinum,</strong></span> <span class='ocrx_word' id='word_1_113' title='bbox 2010 2032 2182 2099; x_wconf 72' lang='lat' dir='ltr'><strong>Asiae</strong></span> <span class='ocrx_word' id='word_1_114' title='bbox 2220 2046 2365 2099; x_wconf 86' lang='lat' dir='ltr'><strong>tum</strong></span> <span class='ocrx_word' id='word_1_115' title='bbox 2394 2038 2769 2103; x_wconf 86' lang='lat' dir='ltr'><strong>Proconsu-</strong></span> 
     </span>
     <span class='ocr_line' id='line_1_17' title="bbox 661 2139 2773 2233; baseline 0.002 -24"><span class='ocrx_word' id='word_1_116' title='bbox 661 2142 797 2211; x_wconf 85' lang='lat' dir='ltr'><strong>lem</strong></span> <span class='ocrx_word' id='word_1_117' title='bbox 813 2196 834 2223; x_wconf 90' lang='lat'><strong>,</strong></span> <span class='ocrx_word' id='word_1_118' title='bbox 865 2139 1314 2209; x_wconf 87' lang='lat' dir='ltr'><strong>occidendum</strong></span> <span class='ocrx_word' id='word_1_119' title='bbox 1335 2140 1793 2233; x_wconf 75' lang='lat' dir='ltr'><strong>delegaverat,</strong></span> <span class='ocrx_word' id='word_1_120' title='bbox 1822 2142 2206 2223; x_wconf 86' lang='lat' dir='ltr'><strong>immemor,</strong></span> <span class='ocrx_word' id='word_1_121' title='bbox 2232 2140 2584 2213; x_wconf 81' lang='lat' dir='ltr'><strong>Ghoeream</strong></span> <span class='ocrx_word' id='word_1_122' title='bbox 2608 2150 2773 2213; x_wconf 85' lang='lat' dir='ltr'><strong>Cas·</strong></span> 
     </span>
     <span class='ocr_line' id='line_1_18' title="bbox 662 2249 2771 2345; baseline 0.001 -26"><span class='ocrx_word' id='word_1_123' title='bbox 662 2255 841 2320; x_wconf 89' lang='lat' dir='ltr'><strong>sium</strong></span> <span class='ocrx_word' id='word_1_124' title='bbox 875 2253 1230 2319; x_wconf 80' lang='lat' dir='ltr'><strong>nominari.</strong></span> <span class='ocrx_word' id='word_1_125' title='bbox 1271 2249 1521 2331; x_wconf 82' lang='lat' dir='ltr'><strong>Pridie,</strong></span> <span class='ocrx_word' id='word_1_126' title='bbox 1550 2274 1760 2345; x_wconf 85' lang='lat' dir='ltr'><strong>quam</strong></span> <span class='ocrx_word' id='word_1_127' title='bbox 1796 2252 2077 2342; x_wconf 86' lang='lat' dir='ltr'><strong>periret,</strong></span> <span class='ocrx_word' id='word_1_128' title='bbox 2119 2254 2506 2337; x_wconf 79' lang='lat' dir='ltr'><strong>somniavit,</strong></span> <span class='ocrx_word' id='word_1_129' title='bbox 2543 2260 2771 2323; x_wconf 84' lang='lat' dir='ltr'><strong>consi-</strong></span> 
     </span>
     <span class='ocr_line' id='line_1_19' title="bbox 662 2358 2772 2458; baseline 0.003 -30"><span class='ocrx_word' id='word_1_130' title='bbox 662 2379 840 2428; x_wconf 87' lang='lat' dir='ltr'><strong>stere</strong></span> <span class='ocrx_word' id='word_1_131' title='bbox 873 2382 946 2427; x_wconf 89' lang='lat' dir='ltr'><strong>se</strong></span> <span class='ocrx_word' id='word_1_132' title='bbox 981 2363 1049 2427; x_wconf 88' lang='lat' dir='ltr'><strong>in</strong></span> <span class='ocrx_word' id='word_1_133' title='bbox 1082 2360 1248 2427; x_wconf 81' lang='lat' dir='ltr'><strong>caelo</strong></span> <span class='ocrx_word' id='word_1_134' title='bbox 1273 2358 1469 2452; x_wconf 84' lang='lat' dir='ltr'><strong>juxta</strong></span> <span class='ocrx_word' id='word_1_135' title='bbox 1499 2360 1745 2428; x_wconf 88' lang='lat' dir='ltr'><strong>solium</strong></span> <span class='ocrx_word' id='word_1_136' title='bbox 1778 2364 1996 2443; x_wconf 86' lang='lat' dir='ltr'><strong>Jovis,</strong></span> <span class='ocrx_word' id='word_1_137' title='bbox 2032 2360 2543 2458; x_wconf 86' lang='lat' dir='ltr'><strong>impulsumque</strong></span> <span class='ocrx_word' id='word_1_138' title='bbox 2568 2365 2658 2433; x_wconf 85' lang='lat' dir='ltr'><strong>ab</strong></span> <span class='ocrx_word' id='word_1_139' title='bbox 2684 2392 2772 2435; x_wconf 87' lang='lat' dir='ltr'><strong>eo</strong></span> 
     </span>
    </p>
   </div>
   <div class='ocr_carea' id='block_1_4' title="bbox 667 2578 2781 2812">
    <p class='ocr_par' dir='ltr' id='par_1_4' title="bbox 667 2578 2781 2812">
     <span class='ocr_line' id='line_1_20' title="bbox 735 2578 2777 2652; baseline 0 -18"><span class='ocrx_word' id='word_1_140' title='bbox 735 2582 892 2634; x_wconf 81' lang='lat' dir='ltr'><strong>Lvu.</strong></span> <span class='ocrx_word' id='word_1_141' title='bbox 917 2598 962 2631; x_wconf 85' lang='lat' dir='ltr'><strong>t.</strong></span> <span class='ocrx_word' id='word_1_142' title='bbox 983 2578 1519 2638; x_wconf 75' lang='lat' dir='ltr'><strong>Simulacrum-Iovis,</strong></span> <span class='ocrx_word' id='word_1_143' title='bbox 1538 2579 1679 2651; x_wconf 73' lang='lat' dir='ltr'><strong>quod</strong></span> <span class='ocrx_word' id='word_1_144' title='bbox 1767 2579 1866 2650; x_wconf 76' lang='lat' dir='ltr'><strong>aa)</strong></span> <span class='ocrx_word' id='word_1_145' title='bbox 1902 2578 2161 2630; x_wconf 85' lang='lat' dir='ltr'><strong>Palatium</strong></span> <span class='ocrx_word' id='word_1_146' title='bbox 2198 2579 2625 2652; x_wconf 75' lang='lat' dir='ltr'><strong>Capitoliumque</strong></span> <span class='ocrx_word' id='word_1_147' title='bbox 2646 2619 2664 2647; x_wconf 90' lang='lat'><strong>,</strong></span> <span class='ocrx_word' id='word_1_148' title='bbox 2700 2585 2777 2634; x_wconf 82' lang='lat' dir='ltr'><strong>ita</strong></span> 
     </span>
     <span class='ocr_line' id='line_1_21' title="bbox 667 2657 2780 2734; baseline 0.002 -24"><span class='ocrx_word' id='word_1_149' title='bbox 667 2660 1044 2734; x_wconf 81' lang='lat' dir='ltr'><strong>....placuerat.</strong></span> <span class='ocrx_word' id='word_1_150' title='bbox 1071 2657 1202 2710; x_wconf 83' lang='lat' dir='ltr'><strong>Vide</strong></span> <span class='ocrx_word' id='word_1_151' title='bbox 1227 2676 1386 2728; x_wconf 76' lang='lat' dir='ltr'><strong>supra</strong></span> <span class='ocrx_word' id='word_1_152' title='bbox 1403 2695 1420 2722; x_wconf 88' lang='lat'><strong>,</strong></span> <span class='ocrx_word' id='word_1_153' title='bbox 1446 2676 1567 2728; x_wconf 90' lang='lat' dir='ltr'><strong>cap.</strong></span> <span class='ocrx_word' id='word_1_154' title='bbox 1592 2673 1673 2708; x_wconf 82' lang='lat'><strong>22.</strong></span> <span class='ocrx_word' id='word_1_155' title='bbox 1768 2671 1827 2708; x_wconf 87' lang='lat' dir='ltr'><strong>ut</strong></span> <span class='ocrx_word' id='word_1_156' title='bbox 1855 2657 2119 2729; x_wconf 83' lang='lat' dir='ltr'><strong>Apollinis</strong></span> <span class='ocrx_word' id='word_1_157' title='bbox 2142 2659 2393 2730; x_wconf 85' lang='lat' dir='ltr'><strong>templum</strong></span> <span class='ocrx_word' id='word_1_158' title='bbox 2417 2660 2638 2714; x_wconf 81' lang='lat' dir='ltr'><strong>Palatini</strong></span> <span class='ocrx_word' id='word_1_159' title='bbox 2654 2663 2780 2714; x_wconf 82' lang='lat' dir='ltr'><strong>Jovi</strong></span> 
     </span>
     <span class='ocr_line' id='line_1_22' title="bbox 667 2737 2781 2812; baseline 0 -20"><span class='ocrx_word' id='word_1_160' title='bbox 667 2771 738 2782; x_wconf 89' lang='lat'><strong>-·-</strong></span> <span class='ocrx_word' id='word_1_161' title='bbox 766 2743 1000 2793; x_wconf 73' lang='lat' dir='ltr'><strong>Tantum</strong></span> <span class='ocrx_word' id='word_1_162' title='bbox 1027 2740 1341 2790; x_wconf 73' lang='lat' dir='ltr'><strong>cachinnum</strong></span> <span class='ocrx_word' id='word_1_163' title='bbox 1360 2774 1371 2787; x_wconf 91' lang='lat'><strong>.</strong></span> <span class='ocrx_word' id='word_1_164' title='bbox 1395 2777 1404 2786; x_wconf 87' lang='lat'><strong>.</strong></span> <span class='ocrx_word' id='word_1_165' title='bbox 1426 2777 1438 2786; x_wconf 94' lang='lat'>.</span> <span class='ocrx_word' id='word_1_166' title='bbox 1461 2776 1472 2786; x_wconf 93' lang='lat'>.</span> <span class='ocrx_word' id='word_1_167' title='bbox 1495 2737 1675 2788; x_wconf 69' lang='lat' dir='ltr'><strong>edidit.</strong></span> <span class='ocrx_word' id='word_1_168' title='bbox 1768 2738 2073 2808; x_wconf 80' lang='lat' dir='ltr'><strong>Capitolino</strong></span> <span class='ocrx_word' id='word_1_169' title='bbox 2099 2756 2199 2808; x_wconf 88' lang='lat' dir='ltr'><strong>pro</strong></span> <span class='ocrx_word' id='word_1_170' title='bbox 2222 2740 2359 2790; x_wconf 81' lang='lat' dir='ltr'><strong>atrio</strong></span> <span class='ocrx_word' id='word_1_171' title='bbox 2388 2753 2555 2804; x_wconf 78' lang='lat' dir='ltr'><strong>esset,</strong></span> <span class='ocrx_word' id='word_1_172' title='bbox 2584 2753 2637 2791; x_wconf 89' lang='lat' dir='ltr'><strong>et</strong></span> <span class='ocrx_word' id='word_1_173' title='bbox 2662 2742 2781 2812; x_wconf 86' lang='lat' dir='ltr'><strong>ipse</strong></span> 
     </span>
    </p>
   </div>
   <div class='ocr_carea' id='block_1_5' title="bbox 672 2819 1695 4239">
    <p class='ocr_par' dir='ltr' id='par_1_5' title="bbox 672 2819 1690 3424">
     <span class='ocr_line' id='line_1_23' title="bbox 673 2819 1682 2886; baseline -0.007 -11"><span class='ocrx_word' id='word_1_174' title='bbox 673 2825 803 2886; x_wconf 83' lang='lat' dir='ltr'><strong>nio,</strong></span> <span class='ocrx_word' id='word_1_175' title='bbox 828 2823 943 2874; x_wconf 80' lang='lat' dir='ltr'>th</span> <span class='ocrx_word' id='word_1_176' title='bbox 961 2859 978 2886; x_wconf 89' lang='lat'><strong>,</strong></span> <span class='ocrx_word' id='word_1_177' title='bbox 1007 2821 1090 2871; x_wconf 80' lang='lat'><strong>28.</strong></span> <span class='ocrx_word' id='word_1_178' title='bbox 1119 2821 1322 2870; x_wconf 75' lang='lat' dir='ltr'><strong>Tantus</strong></span> <span class='ocrx_word' id='word_1_179' title='bbox 1349 2833 1527 2868; x_wconf 86' lang='lat' dir='ltr'><strong>autem</strong></span> <span class='ocrx_word' id='word_1_180' title='bbox 1550 2819 1682 2868; x_wconf 79' lang='lat' dir='ltr'><strong>fere·-</strong></span> 
     </span>
     <span class='ocr_line' id='line_1_24' title="bbox 672 2896 1683 2962; baseline -0.007 -8"><span class='ocrx_word' id='word_1_181' title='bbox 672 2904 833 2954; x_wconf 81' lang='lat' dir='ltr'><strong>batur</strong></span> <span class='ocrx_word' id='word_1_182' title='bbox 855 2918 970 2952; x_wconf 81' lang='lat' dir='ltr'><strong>esse</strong></span> <span class='ocrx_word' id='word_1_183' title='bbox 987 2900 1134 2949; x_wconf 65' lang='lat' dir='ltr'><strong>lovis</strong></span> <span class='ocrx_word' id='word_1_184' title='bbox 1155 2896 1477 2962; x_wconf 73' lang='lat' dir='ltr'><strong>cachinnus,</strong></span> <span class='ocrx_word' id='word_1_185' title='bbox 1499 2910 1558 2947; x_wconf 82' lang='lat' dir='ltr'><strong>ut</strong></span> <span class='ocrx_word' id='word_1_186' title='bbox 1576 2915 1683 2948; x_wconf 88' lang='lat' dir='ltr'><strong>ma·</strong></span> 
     </span>
     <span class='ocr_line' id='line_1_25' title="bbox 675 2974 1685 3046; baseline -0.008 -12"><span class='ocrx_word' id='word_1_187' title='bbox 675 2982 864 3034; x_wconf 79' lang='lat' dir='ltr'><strong>ehinas</strong></span> <span class='ocrx_word' id='word_1_188' title='bbox 889 2981 922 3030; x_wconf 88' lang='lat' dir='ltr'><strong>i.</strong></span> <span class='ocrx_word' id='word_1_189' title='bbox 943 2998 994 3030; x_wconf 88' lang='lat' dir='ltr'><strong>e.</strong></span> <span class='ocrx_word' id='word_1_190' title='bbox 1019 2991 1220 3040; x_wconf 76' lang='lat' dir='ltr'><strong>vectes,</strong></span> <span class='ocrx_word' id='word_1_191' title='bbox 1246 2974 1442 3046; x_wconf 81' lang='lat' dir='ltr'><strong>quibus</strong></span> <span class='ocrx_word' id='word_1_192' title='bbox 1470 2975 1537 3027; x_wconf 88' lang='lat' dir='ltr'><strong>ad</strong></span> <span class='ocrx_word' id='word_1_193' title='bbox 1567 2995 1685 3026; x_wconf 85' lang='lat' dir='ltr'><strong>mo·-</strong></span> 
     </span>
     <span class='ocr_line' id='line_1_26' title="bbox 677 3055 1686 3127; baseline -0.006 -15"><span class='ocrx_word' id='word_1_194' title='bbox 677 3059 908 3114; x_wconf 72' lang='lat' dir='ltr'><strong>vendum</strong></span> <span class='ocrx_word' id='word_1_195' title='bbox 923 3061 1108 3127; x_wconf 70' lang='lat' dir='ltr'><strong>ingens</strong></span> <span class='ocrx_word' id='word_1_196' title='bbox 1123 3055 1462 3106; x_wconf 81' lang='lat' dir='ltr'><strong>simulacrum</strong></span> <span class='ocrx_word' id='word_1_197' title='bbox 1479 3057 1563 3106; x_wconf 83' lang='lat' dir='ltr'><strong>usi</strong></span> <span class='ocrx_word' id='word_1_198' title='bbox 1576 3056 1686 3106; x_wconf 85' lang='lat' dir='ltr'><strong>fue-</strong></span> 
     </span>
     <span class='ocr_line' id='line_1_27' title="bbox 679 3131 1687 3208; baseline -0.004 -20"><span class='ocrx_word' id='word_1_199' title='bbox 679 3151 798 3192; x_wconf 83' lang='lat' dir='ltr'><strong>rant</strong></span> <span class='ocrx_word' id='word_1_200' title='bbox 824 3136 1070 3208; x_wconf 76' lang='lat' dir='ltr'><strong>opifices,</strong></span> <span class='ocrx_word' id='word_1_201' title='bbox 1103 3131 1462 3184; x_wconf 73' lang='lat' dir='ltr'><strong>labefactaret.</strong></span> <span class='ocrx_word' id='word_1_202' title='bbox 1499 3135 1687 3184; x_wconf 77' lang='lat' dir='ltr'><strong>Postea</strong></span> 
     </span>
     <span class='ocr_line' id='line_1_28' title="bbox 677 3210 1690 3289; baseline -0.007 -21"><span class='ocrx_word' id='word_1_203' title='bbox 677 3215 992 3289; x_wconf 63' lang='lat' dir='ltr'><strong>diffugerint</strong></span> <span class='ocrx_word' id='word_1_204' title='bbox 1019 3213 1208 3282; x_wconf 80' lang='lat' dir='ltr'><strong>injuria</strong></span> <span class='ocrx_word' id='word_1_205' title='bbox 1233 3210 1578 3281; x_wconf 78' lang='lat' dir='ltr'><strong>reprehendit</strong></span> <span class='ocrx_word' id='word_1_206' title='bbox 1600 3213 1690 3262; x_wconf 85' lang='lat' dir='ltr'><strong>Er-</strong></span> 
     </span>
     <span class='ocr_line' id='line_1_29' title="bbox 685 3289 1687 3366; baseline -0.004 -20"><span class='ocrx_word' id='word_1_207' title='bbox 685 3308 819 3347; x_wconf 72' lang='lat' dir='ltr'><strong>nest.</strong></span> <span class='ocrx_word' id='word_1_208' title='bbox 859 3291 1138 3366; x_wconf 77' lang='lat' dir='ltr'><strong>postulans</strong></span> <span class='ocrx_word' id='word_1_209' title='bbox 1159 3289 1501 3363; x_wconf 58' lang='lat' dir='ltr'><strong>dfffuyeoent.</strong></span> <span class='ocrx_word' id='word_1_210' title='bbox 1532 3291 1687 3342; x_wconf 79' lang='lat' dir='ltr'><strong>Conf.</strong></span> 
     </span>
     <span class='ocr_line' id='line_1_30' title="bbox 681 3369 1128 3424; baseline -0.004 0"><span class='ocrx_word' id='word_1_211' title='bbox 681 3385 798 3424; x_wconf 85' lang='lat' dir='ltr'><strong>not.</strong></span> <span class='ocrx_word' id='word_1_212' title='bbox 824 3371 892 3424; x_wconf 87' lang='lat' dir='ltr'><strong>ad</strong></span> <span class='ocrx_word' id='word_1_213' title='bbox 918 3372 1044 3423; x_wconf 71' lang='lat' dir='ltr'><strong>Coes.</strong></span> <span class='ocrx_word' id='word_1_214' title='bbox 1069 3369 1128 3422; x_wconf 87' lang='grc'><strong>6.</strong></span> 
     </span>
    </p>

    <p class='ocr_par' dir='ltr' id='par_1_6' title="bbox 683 3447 1691 3602">
     <span class='ocr_line' id='line_1_31' title="bbox 761 3447 1691 3522; baseline -0.006 -17"><span class='ocrx_word' id='word_1_215' title='bbox 761 3471 809 3505; x_wconf 77' lang='lat' dir='ltr'><strong>a.</strong></span> <span class='ocrx_word' id='word_1_216' title='bbox 863 3449 1186 3522; x_wconf 73' lang='lat' dir='ltr'><strong>Capitolium</strong></span> <span class='ocrx_word' id='word_1_217' title='bbox 1216 3453 1425 3520; x_wconf 76' lang='lat' dir='ltr'><strong>Capuae.</strong></span> <span class='ocrx_word' id='word_1_218' title='bbox 1465 3448 1597 3499; x_wconf 79' lang='lat' dir='ltr'><strong>vide</strong></span> <span class='ocrx_word' id='word_1_219' title='bbox 1618 3447 1691 3499; x_wconf 83' lang='lat' dir='ltr'><strong>ad</strong></span> 
     </span>
     <span class='ocr_line' id='line_1_32' title="bbox 683 3532 1120 3602; baseline -0.002 -20"><span class='ocrx_word' id='word_1_220' title='bbox 683 3533 864 3584; x_wconf 82' lang='lat' dir='ltr'><strong>Tiber.</strong></span> <span class='ocrx_word' id='word_1_221' title='bbox 885 3550 1005 3602; x_wconf 82' lang='lat' dir='ltr'><strong>cap.</strong></span> <span class='ocrx_word' id='word_1_222' title='bbox 1033 3532 1120 3597; x_wconf 69' lang='grc'><strong>40.</strong></span> 
     </span>
    </p>

    <p class='ocr_par' dir='ltr' id='par_1_7' title="bbox 673 3607 1695 4239">
     <span class='ocr_line' id='line_1_33' title="bbox 757 3607 1695 3664; baseline -0.009 0"><span class='ocrx_word' id='word_1_223' title='bbox 757 3614 808 3664; x_wconf 84' lang='grc'><strong>3.</strong></span> <span class='ocrx_word' id='word_1_224' title='bbox 849 3613 1041 3663; x_wconf 73' lang='lat' dir='ltr'><strong>Item...</strong></span> <span class='ocrx_word' id='word_1_225' title='bbox 1073 3608 1210 3660; x_wconf 76' lang='lat' dir='ltr'><strong>cella</strong></span> <span class='ocrx_word' id='word_1_226' title='bbox 1238 3607 1476 3660; x_wconf 73' lang='lat' dir='ltr'><strong>Palatini</strong></span> <span class='ocrx_word' id='word_1_227' title='bbox 1495 3610 1695 3659; x_wconf 73' lang='lat' dir='ltr'><strong>atrien-</strong></span> 
     </span>
     <span class='ocr_line' id='line_1_34' title="bbox 683 3685 1693 3759; baseline -0.006 -15"><span class='ocrx_word' id='word_1_228' title='bbox 683 3694 764 3744; x_wconf 75' lang='lat' dir='ltr'><strong>sis.</strong></span> <span class='ocrx_word' id='word_1_229' title='bbox 785 3689 1087 3759; x_wconf 72' lang='lat' dir='ltr'><strong>intelligunt</strong></span> <span class='ocrx_word' id='word_1_230' title='bbox 1105 3687 1292 3740; x_wconf 83' lang='lat' dir='ltr'><strong>cellam</strong></span> <span class='ocrx_word' id='word_1_231' title='bbox 1305 3727 1322 3754; x_wconf 84' lang='lat'><strong>,</strong></span> <span class='ocrx_word' id='word_1_232' title='bbox 1341 3685 1538 3752; x_wconf 61' lang='grc' dir='ltr'><strong>οἴημα,</strong></span> <span class='ocrx_word' id='word_1_233' title='bbox 1558 3689 1693 3738; x_wconf 77' lang='lat' dir='ltr'><strong>servi</strong></span> 
     </span>
     <span class='ocr_line' id='line_1_35' title="bbox 687 3765 1695 3838; baseline -0.007 -15"><span class='ocrx_word' id='word_1_234' title='bbox 687 3771 930 3824; x_wconf 81' lang='lat' dir='ltr'><strong>atriensis</strong></span> <span class='ocrx_word' id='word_1_235' title='bbox 947 3769 1146 3821; x_wconf 72' lang='lat' dir='ltr'><strong>Palatii.</strong></span> <span class='ocrx_word' id='word_1_236' title='bbox 1173 3765 1278 3819; x_wconf 79' lang='lat' dir='ltr'><strong>Sed</strong></span> <span class='ocrx_word' id='word_1_237' title='bbox 1297 3785 1462 3838; x_wconf 84' lang='lat' dir='ltr'><strong>quum</strong></span> <span class='ocrx_word' id='word_1_238' title='bbox 1481 3769 1695 3838; x_wconf 77' lang='lat' dir='ltr'><strong>Capito·</strong></span> 
     </span>
     <span class='ocr_line' id='line_1_36' title="bbox 685 3846 1695 3918; baseline -0.004 -16"><span class='ocrx_word' id='word_1_239' title='bbox 685 3851 815 3904; x_wconf 85' lang='lat' dir='ltr'><strong>lium</strong></span> <span class='ocrx_word' id='word_1_240' title='bbox 835 3853 943 3902; x_wconf 74' lang='lat' dir='ltr'><strong>sive</strong></span> <span class='ocrx_word' id='word_1_241' title='bbox 957 3850 1110 3902; x_wconf 69' lang='lat' dir='ltr'><strong>Jovis</strong></span> <span class='ocrx_word' id='word_1_242' title='bbox 1135 3846 1386 3918; x_wconf 77' lang='lat' dir='ltr'><strong>templum</strong></span> <span class='ocrx_word' id='word_1_243' title='bbox 1413 3865 1695 3918; x_wconf 66' lang='lat' dir='ltr'><strong>praecesse-</strong></span> 
     </span>
     <span class='ocr_line' id='line_1_37' title="bbox 685 3925 1693 3998; baseline -0.008 -15"><span class='ocrx_word' id='word_1_244' title='bbox 685 3933 786 3998; x_wconf 83' lang='lat' dir='ltr'><strong>rit,</strong></span> <span class='ocrx_word' id='word_1_245' title='bbox 829 3928 1136 3983; x_wconf 69' lang='lat' dir='ltr'><strong>Palatinum</strong></span> <span class='ocrx_word' id='word_1_246' title='bbox 1172 3929 1446 3980; x_wconf 73' lang='lat' dir='ltr'><strong>atriensem</strong></span> <span class='ocrx_word' id='word_1_247' title='bbox 1487 3925 1693 3996; x_wconf 79' lang='lat' dir='ltr'><strong>Apolli-</strong></span> 
     </span>
     <span class='ocr_line' id='line_1_38' title="bbox 683 4006 1691 4080; baseline -0.003 -19"><span class='ocrx_word' id='word_1_248' title='bbox 683 4028 810 4064; x_wconf 74' lang='lat' dir='ltr'><strong>nem</strong></span> <span class='ocrx_word' id='word_1_249' title='bbox 823 4029 936 4066; x_wconf 80' lang='lat' dir='ltr'><strong>esse</strong></span> <span class='ocrx_word' id='word_1_250' title='bbox 957 4022 1088 4080; x_wconf 83' lang='lat' dir='ltr'><strong>puto</strong></span> <span class='ocrx_word' id='word_1_251' title='bbox 1108 4007 1432 4072; x_wconf 80' lang='lat' dir='ltr'><strong>Palatinum,</strong></span> <span class='ocrx_word' id='word_1_252' title='bbox 1453 4006 1520 4058; x_wconf 88' lang='lat' dir='ltr'><strong>de</strong></span> <span class='ocrx_word' id='word_1_253' title='bbox 1540 4008 1691 4076; x_wconf 76' lang='lat' dir='ltr'><strong>cujus</strong></span> 
     </span>
     <span class='ocr_line' id='line_1_39' title="bbox 688 4086 1692 4160; baseline -0.006 -20"><span class='ocrx_word' id='word_1_254' title='bbox 688 4087 887 4160; x_wconf 81' lang='lat' dir='ltr'><strong>templo</strong></span> <span class='ocrx_word' id='word_1_255' title='bbox 919 4088 1038 4142; x_wconf 72' lang='lat' dir='ltr'><strong>vide</strong></span> <span class='ocrx_word' id='word_1_256' title='bbox 1067 4087 1141 4140; x_wconf 82' lang='lat' dir='ltr'><strong>ad</strong></span> <span class='ocrx_word' id='word_1_257' title='bbox 1169 4090 1390 4158; x_wconf 75' lang='lat' dir='ltr'><strong>August.</strong></span> <span class='ocrx_word' id='word_1_258' title='bbox 1428 4103 1509 4156; x_wconf 82' lang='lat'><strong>²9-</strong></span> <span class='ocrx_word' id='word_1_259' title='bbox 1544 4086 1692 4135; x_wconf 87' lang='lat' dir='ltr'><strong>Cou-</strong></span> 
     </span>
     <span class='ocr_line' id='line_1_40' title="bbox 673 4164 1688 4239; baseline -0.002 -19"><span class='ocrx_word' id='word_1_260' title='bbox 673 4173 930 4238; x_wconf 77' lang='lat' dir='ltr'><strong>junxerat</strong></span> <span class='ocrx_word' id='word_1_261' title='bbox 946 4181 1126 4222; x_wconf 83' lang='lat' dir='ltr'><strong>autem</strong></span> <span class='ocrx_word' id='word_1_262' title='bbox 1143 4165 1379 4239; x_wconf 72' lang='lat' dir='ltr'><strong>Caligula</strong></span> <span class='ocrx_word' id='word_1_263' title='bbox 1394 4164 1551 4236; x_wconf 80' lang='lat' dir='ltr'><strong>(vide</strong></span> <span class='ocrx_word' id='word_1_264' title='bbox 1568 4183 1688 4236; x_wconf 82' lang='lat' dir='ltr'><strong>cap.</strong></span> 
     </span>
    </p>
   </div>
   <div class='ocr_carea' id='block_1_6' title="bbox 1772 2816 2797 4234">
    <p class='ocr_par' dir='ltr' id='par_1_8' title="bbox 1772 2816 2783 3127">
     <span class='ocr_line' id='line_1_41' title="bbox 1772 2816 2781 2890; baseline 0.004 -23"><span class='ocrx_word' id='word_1_265' title='bbox 1772 2817 1914 2868; x_wconf 85' lang='lat' dir='ltr'><strong>Deus</strong></span> <span class='ocrx_word' id='word_1_266' title='bbox 1934 2816 2009 2867; x_wconf 76' lang='lat' dir='ltr'><strong>ad</strong></span> <span class='ocrx_word' id='word_1_267' title='bbox 2040 2817 2293 2882; x_wconf 75' lang='lat' dir='ltr'><strong>custodes,</strong></span> <span class='ocrx_word' id='word_1_268' title='bbox 2320 2816 2389 2868; x_wconf 81' lang='lat' dir='ltr'><strong>de</strong></span> <span class='ocrx_word' id='word_1_269' title='bbox 2423 2817 2615 2888; x_wconf 74' lang='lat' dir='ltr'><strong>quibus</strong></span> <span class='ocrx_word' id='word_1_270' title='bbox 2648 2839 2781 2890; x_wconf 87' lang='lat' dir='ltr'><strong>pro-</strong></span> 
     </span>
     <span class='ocr_line' id='line_1_42' title="bbox 1773 2896 2781 2966; baseline 0.004 -20"><span class='ocrx_word' id='word_1_271' title='bbox 1773 2896 1910 2946; x_wconf 79' lang='lat' dir='ltr'><strong>xime</strong></span> <span class='ocrx_word' id='word_1_272' title='bbox 1944 2913 2151 2962; x_wconf 70' lang='lat' dir='ltr'><strong>set-moe,</strong></span> <span class='ocrx_word' id='word_1_273' title='bbox 2176 2909 2360 2966; x_wconf 74' lang='lat' dir='ltr'><strong>posset</strong></span> <span class='ocrx_word' id='word_1_274' title='bbox 2390 2897 2592 2949; x_wconf 77' lang='lat' dir='ltr'><strong>referri.</strong></span> <span class='ocrx_word' id='word_1_275' title='bbox 2630 2899 2781 2952; x_wconf 75' lang='lat' dir='ltr'><strong>Nihil</strong></span> 
     </span>
     <span class='ocr_line' id='line_1_43' title="bbox 1774 2974 2783 3059; baseline 0.006 -34"><span class='ocrx_word' id='word_1_276' title='bbox 1774 2987 1953 3026; x_wconf 82' lang='lat' dir='ltr'><strong>tamen</strong></span> <span class='ocrx_word' id='word_1_277' title='bbox 1994 2974 2192 3026; x_wconf 77' lang='lat' dir='ltr'><strong>definio</strong></span> <span class='ocrx_word' id='word_1_278' title='bbox 2234 2978 2287 3026; x_wconf 88' lang='lat' dir='ltr'><strong>in</strong></span> <span class='ocrx_word' id='word_1_279' title='bbox 2328 2995 2423 3059; x_wconf 26' lang='lat' dir='ltr'><strong>reu,</strong></span> <span class='ocrx_word' id='word_1_280' title='bbox 2468 2976 2537 3029; x_wconf 81' lang='lat' dir='ltr'><strong>de</strong></span> <span class='ocrx_word' id='word_1_281' title='bbox 2575 2995 2681 3049; x_wconf 87' lang='lat' dir='ltr'><strong>qua</strong></span> <span class='ocrx_word' id='word_1_282' title='bbox 2722 2980 2783 3030; x_wconf 82' lang='lat' dir='ltr'><strong>in</strong></span> 
     </span>
     <span class='ocr_line' id='line_1_44' title="bbox 1776 3055 2783 3127; baseline 0.005 -24"><span class='ocrx_word' id='word_1_283' title='bbox 1776 3065 2055 3125; x_wconf 81' lang='lat' dir='ltr'><strong>utramque</strong></span> <span class='ocrx_word' id='word_1_284' title='bbox 2076 3067 2281 3124; x_wconf 76' lang='lat' dir='ltr'><strong>partem</strong></span> <span class='ocrx_word' id='word_1_285' title='bbox 2304 3067 2481 3126; x_wconf 81' lang='lat' dir='ltr'><strong>potest</strong></span> <span class='ocrx_word' id='word_1_286' title='bbox 2504 3055 2783 3127; x_wconf 78' lang='lat' dir='ltr'><strong>disputari.</strong></span> 
     </span>
    </p>

    <p class='ocr_par' dir='ltr' id='par_1_9' title="bbox 1776 3132 2789 3342">
     <span class='ocr_line' id='line_1_45' title="bbox 1847 3132 2785 3204; baseline 0.006 -21"><span class='ocrx_word' id='word_1_287' title='bbox 1847 3132 1900 3198; x_wconf 76' lang='grc'><strong>4.</strong></span> <span class='ocrx_word' id='word_1_288' title='bbox 1929 3133 2111 3204; x_wconf 76' lang='lat' dir='ltr'><strong>Qualis</strong></span> <span class='ocrx_word' id='word_1_289' title='bbox 2133 3132 2311 3184; x_wconf 81' lang='lat' dir='ltr'><strong>eodem</strong></span> <span class='ocrx_word' id='word_1_290' title='bbox 2334 3133 2444 3198; x_wconf 71' lang='lat' dir='ltr'><strong>die,</strong></span> <span class='ocrx_word' id='word_1_291' title='bbox 2473 3147 2573 3186; x_wconf 87' lang='lat' dir='ltr'><strong>etc.</strong></span> <span class='ocrx_word' id='word_1_292' title='bbox 2600 3134 2785 3190; x_wconf 74' lang='lat' dir='ltr'><strong>Idibus</strong></span> 
     </span>
     <span class='ocr_line' id='line_1_46' title="bbox 1776 3211 2789 3284; baseline 0.005 -20"><span class='ocrx_word' id='word_1_293' title='bbox 1776 3213 2007 3276; x_wconf 75' lang='lat' dir='ltr'><strong>Martiis,</strong></span> <span class='ocrx_word' id='word_1_294' title='bbox 2030 3211 2224 3284; x_wconf 83' lang='lat' dir='ltr'><strong>quibus</strong></span> <span class='ocrx_word' id='word_1_295' title='bbox 2246 3211 2353 3263; x_wconf 81' lang='lat' dir='ltr'><strong>Jul.</strong></span> <span class='ocrx_word' id='word_1_296' title='bbox 2378 3215 2552 3265; x_wconf 59' lang='grc' dir='ltr'><strong>(Σκοπι-</strong></span> <span class='ocrx_word' id='word_1_297' title='bbox 2573 3217 2789 3268; x_wconf 77' lang='lat' dir='ltr'><strong>occisus</strong></span> 
     </span>
     <span class='ocr_line' id='line_1_47' title="bbox 1780 3291 1971 3342; baseline 0.005 -2"><span class='ocrx_word' id='word_1_298' title='bbox 1780 3291 1971 3342; x_wconf 80' lang='lat' dir='ltr'><strong>fuerat.</strong></span> 
     </span>
    </p>

    <p class='ocr_par' dir='ltr' id='par_1_10' title="bbox 1779 3371 2797 4234">
     <span class='ocr_line' id='line_1_48' title="bbox 1852 3371 2789 3440; baseline 0.004 -16"><span class='ocrx_word' id='word_1_299' title='bbox 1852 3371 1901 3424; x_wconf 83' lang='grc'><strong>5.</strong></span> <span class='ocrx_word' id='word_1_300' title='bbox 1925 3373 2166 3424; x_wconf 68' lang='lat' dir='ltr'><strong>Fortunae</strong></span> <span class='ocrx_word' id='word_1_301' title='bbox 2179 3371 2486 3424; x_wconf 74' lang='lat' dir='ltr'><strong>Antiatt‘nae.</strong></span> <span class='ocrx_word' id='word_1_302' title='bbox 2508 3372 2591 3424; x_wconf 84' lang='lat' dir='ltr'><strong>Al.</strong></span> <span class='ocrx_word' id='word_1_303' title='bbox 2610 3385 2789 3440; x_wconf 78' lang='lat' dir='ltr'><strong>sortes,</strong></span> 
     </span>
     <span class='ocr_line' id='line_1_49' title="bbox 1782 3449 2797 3520; baseline 0.005 -20"><span class='ocrx_word' id='word_1_304' title='bbox 1782 3449 1930 3520; x_wconf 82' lang='lat' dir='ltr'><strong>quod</strong></span> <span class='ocrx_word' id='word_1_305' title='bbox 1958 3469 2022 3501; x_wconf 82' lang='lat' dir='ltr'><strong>ex</strong></span> <span class='ocrx_word' id='word_1_306' title='bbox 2052 3451 2491 3520; x_wconf 84' lang='lat' dir='ltr'><strong>interpretatione</strong></span> <span class='ocrx_word' id='word_1_307' title='bbox 2516 3465 2689 3504; x_wconf 84' lang='lat' dir='ltr'><strong>ortum</strong></span> <span class='ocrx_word' id='word_1_308' title='bbox 2716 3458 2797 3506; x_wconf 81' lang='lat' dir='ltr'><strong>vi·</strong></span> 
     </span>
     <span class='ocr_line' id='line_1_50' title="bbox 1779 3527 2795 3601; baseline 0.004 -21"><span class='ocrx_word' id='word_1_309' title='bbox 1779 3527 1955 3595; x_wconf 86' lang='lat' dir='ltr'><strong>detur,</strong></span> <span class='ocrx_word' id='word_1_310' title='bbox 1974 3547 2143 3600; x_wconf 84' lang='lat' dir='ltr'><strong>quum</strong></span> <span class='ocrx_word' id='word_1_311' title='bbox 2156 3531 2379 3580; x_wconf 78' lang='lat' dir='ltr'><strong>sortium</strong></span> <span class='ocrx_word' id='word_1_312' title='bbox 2394 3529 2629 3581; x_wconf 84' lang='lat' dir='ltr'><strong>crebrior</strong></span> <span class='ocrx_word' id='word_1_313' title='bbox 2643 3533 2795 3601; x_wconf 81' lang='lat' dir='ltr'><strong>apud</strong></span> 
     </span>
     <span class='ocr_line' id='line_1_51' title="bbox 1781 3608 2797 3681; baseline 0.004 -21"><span class='ocrx_word' id='word_1_314' title='bbox 1781 3611 2033 3662; x_wconf 76' lang='lat' dir='ltr'><strong>Nostrum</strong></span> <span class='ocrx_word' id='word_1_315' title='bbox 2054 3609 2143 3660; x_wconf 79' lang='lat' dir='ltr'><strong>flet</strong></span> <span class='ocrx_word' id='word_1_316' title='bbox 2164 3611 2379 3660; x_wconf 84' lang='lat' dir='ltr'><strong>mentio.</strong></span> <span class='ocrx_word' id='word_1_317' title='bbox 2401 3608 2537 3661; x_wconf 84' lang='lat' dir='ltr'><strong>vide</strong></span> <span class='ocrx_word' id='word_1_318' title='bbox 2559 3627 2672 3681; x_wconf 72' lang='lat' dir='ltr'><strong>quae</strong></span> <span class='ocrx_word' id='word_1_319' title='bbox 2692 3631 2797 3664; x_wconf 87' lang='lat' dir='ltr'><strong>uo-</strong></span> 
     </span>
     <span class='ocr_line' id='line_1_52' title="bbox 1784 3685 2797 3752; baseline 0.004 -14"><span class='ocrx_word' id='word_1_320' title='bbox 1784 3690 2006 3740; x_wconf 76' lang='lat' dir='ltr'><strong>tavimus</strong></span> <span class='ocrx_word' id='word_1_321' title='bbox 2036 3687 2101 3738; x_wconf 85' lang='lat' dir='ltr'><strong>ad</strong></span> <span class='ocrx_word' id='word_1_322' title='bbox 2128 3687 2303 3738; x_wconf 82' lang='lat' dir='ltr'><strong>Tiber.</strong></span> <span class='ocrx_word' id='word_1_323' title='bbox 2334 3687 2395 3752; x_wconf 67' lang='grc'><strong>14</strong></span> <span class='ocrx_word' id='word_1_324' title='bbox 2421 3700 2473 3738; x_wconf 88' lang='lat' dir='ltr'><strong>et</strong></span> <span class='ocrx_word' id='word_1_325' title='bbox 2493 3685 2585 3740; x_wconf 85' lang='lat'><strong>63.</strong></span> <span class='ocrx_word' id='word_1_326' title='bbox 2623 3690 2797 3743; x_wconf 84' lang='lat' dir='ltr'><strong>Erant</strong></span> 
     </span>
     <span class='ocr_line' id='line_1_53' title="bbox 1782 3763 2795 3826; baseline 0.002 -8"><span class='ocrx_word' id='word_1_327' title='bbox 1782 3781 1959 3818; x_wconf 85' lang='lat' dir='ltr'><strong>autem</strong></span> <span class='ocrx_word' id='word_1_328' title='bbox 1976 3763 2095 3817; x_wconf 78' lang='lat' dir='ltr'><strong>duae</strong></span> <span class='ocrx_word' id='word_1_329' title='bbox 2112 3767 2356 3817; x_wconf 69' lang='lat' dir='ltr'><strong>Fortunae</strong></span> <span class='ocrx_word' id='word_1_330' title='bbox 2374 3767 2549 3826; x_wconf 81' lang='lat' dir='ltr'><strong>Antii,</strong></span> <span class='ocrx_word' id='word_1_331' title='bbox 2570 3769 2795 3820; x_wconf 80' lang='lat' dir='ltr'><strong>oracula</strong></span> 
     </span>
     <span class='ocr_line' id='line_1_54' title="bbox 1784 3843 2797 3914; baseline 0.004 -19"><span class='ocrx_word' id='word_1_332' title='bbox 1784 3843 2029 3908; x_wconf 82' lang='lat' dir='ltr'><strong>edentes,</strong></span> <span class='ocrx_word' id='word_1_333' title='bbox 2054 3861 2186 3914; x_wconf 76' lang='lat' dir='ltr'><strong>quas</strong></span> <span class='ocrx_word' id='word_1_334' title='bbox 2217 3843 2464 3896; x_wconf 68' lang='lat' dir='ltr'><strong>veridicas</strong></span> <span class='ocrx_word' id='word_1_335' title='bbox 2488 3861 2679 3897; x_wconf 74' lang='lat' dir='ltr'><strong>sorores</strong></span> <span class='ocrx_word' id='word_1_336' title='bbox 2702 3845 2797 3899; x_wconf 78' lang='lat' dir='ltr'><strong>di-</strong></span> 
     </span>
     <span class='ocr_line' id='line_1_55' title="bbox 1784 3923 2793 3995; baseline 0.004 -19"><span class='ocrx_word' id='word_1_337' title='bbox 1784 3926 1855 3976; x_wconf 79' lang='lat' dir='ltr'><strong>cit</strong></span> <span class='ocrx_word' id='word_1_338' title='bbox 1888 3925 2111 3975; x_wconf 71' lang='lat' dir='ltr'><strong>Martini.</strong></span> <span class='ocrx_word' id='word_1_339' title='bbox 2141 3925 2317 3995; x_wconf 72' lang='lat' dir='ltr'><strong>Epigr.</strong></span> <span class='ocrx_word' id='word_1_340' title='bbox 2342 3925 2417 3983; x_wconf 85' lang='lat' dir='ltr'><strong>V,</strong></span> <span class='ocrx_word' id='word_1_341' title='bbox 2450 3939 2469 3973; x_wconf 86' lang='lat' dir='ltr'><strong>t</strong></span> <span class='ocrx_word' id='word_1_342' title='bbox 2489 3962 2505 3988; x_wconf 89' lang='lat'><strong>,</strong></span> <span class='ocrx_word' id='word_1_343' title='bbox 2538 3923 2591 3976; x_wconf 84' lang='lat'><strong>3.</strong></span> <span class='ocrx_word' id='word_1_344' title='bbox 2628 3927 2793 3980; x_wconf 85' lang='lat' dir='ltr'><strong>Conf.</strong></span> 
     </span>
     <span class='ocr_line' id='line_1_56' title="bbox 1784 4001 2792 4075; baseline 0.005 -20"><span class='ocrx_word' id='word_1_345' title='bbox 1784 4002 2056 4075; x_wconf 68' lang='lat' dir='ltr'><strong>Bulenger.</strong></span> <span class='ocrx_word' id='word_1_346' title='bbox 2074 4003 2140 4056; x_wconf 90' lang='lat' dir='ltr'><strong>de</strong></span> <span class='ocrx_word' id='word_1_347' title='bbox 2152 4001 2397 4055; x_wconf 67' lang='lat' dir='ltr'><strong>sortibus</strong></span> <span class='ocrx_word' id='word_1_348' title='bbox 2412 4001 2599 4072; x_wconf 79' lang='lat' dir='ltr'><strong>(Thes.</strong></span> <span class='ocrx_word' id='word_1_349' title='bbox 2615 4005 2792 4060; x_wconf 77' lang='lat' dir='ltr'><strong>Graev.</strong></span> 
     </span>
     <span class='ocr_line' id='line_1_57' title="bbox 1783 4081 2797 4156; baseline 0.006 -22"><span class='ocrx_word' id='word_1_350' title='bbox 1783 4097 1907 4136; x_wconf 87' lang='lat' dir='ltr'><strong>tom.</strong></span> <span class='ocrx_word' id='word_1_351' title='bbox 1934 4089 2005 4151; x_wconf 87' lang='lat' dir='ltr'><strong>V,</strong></span> <span class='ocrx_word' id='word_1_352' title='bbox 2027 4103 2149 4156; x_wconf 78' lang='lat' dir='ltr'><strong>pag.</strong></span> <span class='ocrx_word' id='word_1_353' title='bbox 2178 4081 2280 4136; x_wconf 81' lang='lat'><strong>363</strong></span> <span class='ocrx_word' id='word_1_354' title='bbox 2295 4081 2333 4152; x_wconf 87' lang='lat'><strong>).</strong></span> <span class='ocrx_word' id='word_1_355' title='bbox 2361 4111 2435 4123; x_wconf 90' lang='grc'><strong>--</strong></span> <span class='ocrx_word' id='word_1_356' title='bbox 2470 4083 2541 4134; x_wconf 75' lang='lat' dir='ltr'><strong>Ut</strong></span> <span class='ocrx_word' id='word_1_357' title='bbox 2562 4104 2597 4136; x_wconf 83' lang='lat' dir='ltr'><strong>a</strong></span> <span class='ocrx_word' id='word_1_358' title='bbox 2620 4087 2797 4140; x_wconf 72' lang='lat' dir='ltr'><strong>Cassio</strong></span> 
     </span>
     <span class='ocr_line' id='line_1_58' title="bbox 1780 4163 2622 4234; baseline -0.001 -18"><span class='ocrx_word' id='word_1_359' title='bbox 1780 4177 1999 4217; x_wconf 76' lang='lat' dir='ltr'><strong>caveret.</strong></span> <span class='ocrx_word' id='word_1_360' title='bbox 2028 4163 2183 4217; x_wconf 75' lang='lat' dir='ltr'><strong>eonf.</strong></span> <span class='ocrx_word' id='word_1_361' title='bbox 2210 4165 2341 4233; x_wconf 79' lang='lat' dir='ltr'><strong>nio,</strong></span> <span class='ocrx_word' id='word_1_362' title='bbox 2364 4163 2512 4232; x_wconf 55' lang='lat'><strong>1211,</strong></span> <span class='ocrx_word' id='word_1_363' title='bbox 2538 4179 2622 4234; x_wconf 80' lang='lat'><strong>²9·</strong></span> 
     </span>
    </p>
   </div>
  </div>
 </body>
</html>
