3050 5004
660 430 789 495 322
1104 433 1174 496 C.
1224 432 1698 499 SUETONH
1759 437 2316 504 VITELLIUS.

650 558 927 623 tissimis
954 554 1197 625 ictibus
1216 557 1730 625 excarnificatus
1753 574 1962 653 atque
1981 562 2330 631 confectus
2353 582 2489 648 est,
2519 584 2590 633 et
2609 566 2756 635 inde

650 690 835 735 unco
860 684 1117 735 tractus
1140 670 1211 735 in
1240 668 1542 737 Tiberim
1561 669 1612 738 ⁸.
2117 686 2130 701 ·

742 784 987 847 xv111.
1010 783 1245 848 Periit-¹
1272 805 1426 849 cum
1459 782 1668 850 flatre
1701 798 1770 849 et
1789 782 1970 851 filim
1986 836 2004 866 ‚
2019 810 2204 853 anno
2219 788 2376 855 vitae
2391 792 2680 881 septimo
2695 808 2756 859 et

650 892 1250 987 quinquagesimo³
1270 918 1285 959 :
1304 917 1433 961 nec
1450 891 1694 961 fefellit
1715 890 2104 986 conjectura
2123 920 2362 965 eorum
2377 950 2396 980 ,
2417 902 2534 993 qui
2557 924 2754 994 augu-

644 1003 793 1071 ri04
810 1056 828 1085 ‚
858 1000 1045 1097 quod
1072 1002 1329 1071 factum
1354 1006 1415 1070 ei
1446 1006 1728 1070 viennae
1755 1002 2206 1087 ostendimus,
2231 1032 2374 1075 non
2397 1008 2587 1077 aliud
2617 1037 2753 1105 por·

644 1113 834 1183 tendi
869 1112 1358 1207 praedixerant,
1392 1138 1602 1209 quam
1628 1132 1994 1184 venturum
2021 1118 2096 1183 in
2121 1116 2410 1211 alicujus
2431 1121 2748 1191 Gallicani

641 1222 939 1293 hominis
953 1240 1355 1318 potestatem
1379 1252 1393 1291 :
1414 1222 1748 1319 siquidem
1762 1224 1850 1293 ab
1869 1230 2162 1295 Antonio
2183 1232 2409 1299 Primo
2423 1282 2442 1313 ,
2455 1230 2751 1301 adversa·

640 1359 797 1402 rum
821 1338 1117 1428 partium
1141 1333 1315 1403 duce
1330 1390 1349 1419 ,
1375 1358 1743 1428 oppressus
1769 1350 1900 1418 eet,
1926 1340 2034 1405 cui
2057 1336 2326 1407 Tolosae
2339 1358 2500 1409 nato
2513 1366 2750 1436 cogno-

638 1472 797 1516 men
810 1450 883 1516 in
909 1450 1197 1541 pueritia
1218 1450 1451 1515 Becco⁵
1480 1448 1726 1517 fuerat.
1755 1446 1832 1516 Id
1855 1447 2038 1517 valet
2061 1449 2414 1543 gallinacei
2431 1471 2745 1523 rostrum.

708 1598 757 1650 8.
800 1596 1035 1650 Tandem
1058 1599 1203 1669 apud
1228 1578 1568 1651 Gemonias...
1599 1609 1653 1649 et

634 1676 833 1729 indm...
874 1686 1065 1729 tractu
1098 1678 1157 1727 in
1202 1676 1447 1729 Tiberim.
1474 1676 1647 1729 Tacit.

566 1822 571 1831 Ι
630 1756 667 1810 1.
694 1776 741 1809 c.
776 1780 800 1803 a
820 1768 1095 1828 postremo
1116 1753 1185 1807 ad
1212 1757 1530 1821 Cve-onias,
1555 1754 1650 1807 ubi

628 1856 829 1909 corpus
852 1836 1017 1888 Flavii
1034 1834 1215 1889 Sabini
1234 1838 1503 1905 jacuerat,
1524 1854 1648 1907 pro·

628 1916 897 1989 pulcre...
916 1916 995 1967 Ac
1012 1912 1207 1967 deinde
1226 1916 1443 1984 ingestis
1465 1915 1648 1967 vulne-

628 1994 777 2048 ribus
824 1992 1073 2046 concidit.
1114 1994 1181 2045 Et
1222 1994 1413 2064 vulgus
1459 1993 1646 2047 eadem

628 2074 893 2146 pravitate
906 2070 1273 2125 insectabatur
1284 2072 1646 2139 interfectum,

630 2174 739 2227 qua
788 2154 999 2206 foverat
1046 2154 1327 2205 viventem.
1350 2176 1373 2201 υ
1422 2154 1642 2223 Eutrop.

634 2256 659 2281 ιι
680 2245 955 2305 postremo
970 2230 1249 2303 jugulatus
1268 2245 1322 2283 et
1340 2232 1395 2283 in
1408 2230 1644 2283 Tiberim

626 2313 869 2385 dejectus
880 2352 899 2381 ‚
916 2314 1079 2366 etiam
1094 2312 1367 2365 communi
1382 2312 1552 2364 caruit
1567 2330 1646 2364 se-

624 2394 866 2465 pultum.
888 2416 912 2440 ιι
940 2392 1142 2455 Victor,
1168 2391 1297 2443 Coes.
1325 2390 1360 2442 l.
1386 2408 1436 2441 c.
1468 2413 1492 2437 ι
1510 2391 1644 2461 inje-

624 2487 715 2526 cto
744 2472 939 2546 laqueo
968 2470 1355 2546 parricidarum
1384 2488 1532 2523 more
1571 2468 1642 2522 ad

624 2553 799 2608 scalas
830 2555 1117 2606 Gemonias
1152 2570 1355 2623 perque
1390 2570 1478 2605 eas
1512 2569 1640 2623 per·-

624 2649 830 2690 trnctus
848 2674 866 2702 ,
910 2634 1068 2689 simul
1106 2633 1333 2699 ictibus,
1376 2647 1640 2704 quantum

626 2719 857 2789 quisque
882 2716 1148 2778 valuerat,
1170 2713 1425 2766 confosso
1448 2731 1642 2784 corpo-

620 2813 687 2847 ·re
703 2832 722 2859 ,
758 2796 813 2846 in
852 2793 1089 2845 Tiberim
1130 2791 1393 2862 dejicitur.
1414 2815 1436 2838 ιι
1480 2793 1637 2844 Oros.

632 2896 657 2921 ιι
678 2873 825 2946 apud
850 2873 1135 2925 Gemonias
1166 2871 1333 2923 scalas
1356 2871 1642 2923 minutissi-

630 2966 841 3002 morum
882 2952 1083 3002 ictuum
1126 2948 1327 3001 crebris
1372 2967 1638 3020 compun-

628 3029 901 3082 ctionibus
926 3027 1359 3095 excarnificatus,
1382 3041 1546 3099 atque
1563 3031 1642 3079 in-

630 3109 700 3162 de
746 3127 887 3161 unco
936 3120 1164 3172 tractus,
1210 3119 1263 3158 et
1306 3109 1363 3158 in
1406 3107 1638 3159 Tiberim

630 3205 865 3254 mersus,
890 3188 1047 3241 etiam
1072 3187 1344 3239 communi
1368 3187 1540 3238 caruit
1563 3205 1642 3238 se-

626 3269 861 3342 pultura.
885 3293 908 3316 n
932 3264 1133 3339 xiphil.
1158 3285 1243 3332 21,
1264 3267 1357 3318 ubi
1380 3268 1612 3320 Reimer.

698 3351 881 3403 XVIII.
916 3367 959 3402 ι.
984 3349 1179 3410 Ρονίίες
1206 3361 1327 3420 post
1355 3349 1636 3420 imperium

624 3427 711 3480 vel
723 3447 961 3481 annuum
974 3467 992 3496 ,
1012 3428 1094 3482 vel
1114 3440 1235 3480 octo
1252 3429 1511 3483 mensium
1534 3426 1638 3498 (di-

624 3511 763 3562 versi
786 3511 928 3562 enim
951 3507 1288 3581 scriptores),
1312 3509 1417 3560 sive
1443 3527 1471 3560 a
1498 3509 1636 3561 sedi-

622 3589 771 3658 tione
793 3588 1061 3660 legionum
1072 3626 1090 3654 ,
1114 3607 1229 3660 quae
1249 3606 1430 3640 mense
1442 3590 1637 3641 Jauua—

622 3669 705 3720 rio
728 3687 851 3722 ann.
878 3671 979 3723 822
1004 3671 1386 3742 Imperatorem
1410 3687 1532 3720 eum
1555 3687 1635 3721 sa·

624 3747 876 3817 lutevere,
893 3754 1003 3805 sive
1015 3771 1044 3802 a
1062 3765 1231 3804 morte
1244 3749 1494 3815 Othonis,
1516 3769 1632 3822 quoe

626 3847 809 3881 mense
824 3830 993 3901 Aprili
1014 3829 1251 3898 ejusdem
1270 3831 1395 3882 anni
1411 3829 1604 3882 accidit
1616 3869 1634 3894 ‚

626 3920 903 3979 computes
918 3907 1065 3961 illud.
1081 3909 1353 3961 Vitellium
1368 3909 1507 3960 enim
1518 3926 1635 3979 per-

624 3987 747 4040 iisse
770 4001 977 4041 constat
1000 3987 1101 4040 sub
1120 3988 1277 4041 finem
1300 3987 1623 4041 Decembris.

699 4083 747 4116 2.
790 4068 1105 4139 Cumfratre
1124 4065 1337 4140 etfilio.
1366 4067 1635 4138 Defratre

622 4144 743 4198 vide
763 4147 932 4200 Tacit.
957 4150 1091 4200 nist.
1116 4149 1206 4215 lv,
1242 4166 1270 4199 2
1287 4186 1304 4215 ,
1342 4171 1364 4195 ι
1400 4147 1540 4200 Dein
1571 4149 1629 4200 L.

1739 1596 1984 1649 Vitellius
2003 1597 2336 1667 interficitur,
2364 1620 2463 1673 per
2483 1603 2624 1654 vitiis
2647 1604 2747 1656 fra·

1739 1676 1864 1741 tris,
1885 1678 1940 1727 in
1963 1678 2272 1747 principatu
2299 1680 2412 1748 ejus
2433 1679 2748 1751 vigilantior,

1739 1768 1842 1803 nec
1857 1751 2084 1823 perinde
2099 1758 2366 1825 prosperis
2381 1759 2580 1823 socius,
2595 1777 2748 1831 quam

1741 1833 1976 1887 adversis
1985 1834 2160 1889 abstra
2167 1851 2304 1904 ctus,
2319 1862 2342 1887 ιι
2359 1851 2411 1889 et
2421 1838 2582 1910 xiphi
2587 1838 2622 1892 Ι.
2633 1860 2748 1911 cap.

1742 1930 1838 1977 22ς
1872 1914 1940 1967 de
1967 1912 2098 1987 filio
2130 1916 2300 1967 Tacit.
2339 1918 2472 1968 Hist.
2517 1920 2621 1987 IV,
2657 1920 2751 1985 80,

1741 2014 1766 2038 ι
1779 1990 1972 2044 lisdem
1986 1992 2175 2045 diebus
2189 1995 2476 2045 Mucianus
2488 1993 2686 2047 Vitellii
2699 1993 2752 2045 fl-

1735 2072 1864 2125 lium
1881 2074 2110 2127 interfici
2122 2073 2306 2143 jubet,
2329 2092 2634 2128 mansuram
2652 2077 2752 2129 dis-

1735 2153 1972 2205 cordiam
1987 2154 2284 2207 obtendens
2297 2192 2314 2223 ,
2329 2158 2386 2207 ni
2403 2158 2608 2211 semine
2621 2158 2745 2211 beili

1733 2236 2084 2303 restinxisset,
2101 2260 2124 2284 ι
2155 2249 2209 2288 et
2224 2236 2469 2289 eumdem
2490 2238 2693 2311 Xiphil.
2711 2239 2744 2292 1.

1733 2332 1782 2367 c.
1801 2314 1880 2367 De
1897 2314 2006 2365 fitia
2023 2314 2220 2367 Vitellii
2239 2316 2310 2367 cf.
2329 2314 2400 2367 ad
2417 2316 2644 2388 vespas.
2668 2318 2744 2385 14.

1805 2394 1856 2447 3.
1880 2393 2038 2445 Anno
2053 2393 2173 2447 vitoe
2185 2396 2404 2467 septimo
2421 2406 2474 2446 et
2494 2399 2748 2470 quinqua-

1727 2474 1942 2547 qest‘mo.
1977 2473 2053 2525 Ita
2091 2474 2252 2526 etiam
2285 2474 2455 2526 Tacit.
2481 2476 2615 2529 Hist.
2649 2477 2744 2542 m,

1731 2553 1820 2618 86,
1842 2575 1864 2599 ι
1883 2555 2167 2624 septimum
2181 2566 2235 2606 et
2251 2554 2740 2625 quinquagesimum

1729 2633 1898 2684 etatis
1923 2651 2122 2686 annum
2147 2631 2448 2704 explebatu-
2475 2633 2626 2688 Adde
2649 2637 2744 2688 Eu·

1729 2722 1872 2783 trop.
1891 2713 1982 2763 vu
1996 2751 2015 2778 ,
2037 2728 2054 2762 ι
2067 2729 2096 2762 2
2110 2750 2127 2781 ,
2143 2725 2196 2764 et
2213 2715 2414 2764 Victor.
2427 2715 2560 2766 Ces.
2577 2715 2628 2768 8.
2643 2713 2742 2768 Sed

1727 2789 1931 2861 Xiphil.
1964 2789 2000 2841 l.
2035 2809 2081 2842 c.
2113 2787 2332 2858 τίσαιμι
2365 2789 2444 2842 ὅτι
2473 2790 2554 2842 ui
2581 2790 2746 2846 πηί-

1729 2889 1873 2922 newa
1901 2870 2016 2922 vitae
2043 2871 2159 2940 ejus
2187 2868 2398 2936 tribuit,
2421 2869 2618 2942 quibus
2639 2873 2743 2924 Zo-

1729 2967 1888 3002 naras
1925 2949 2073 3002 addit
2099 2949 2268 3019 ιῖμίμις
2301 2947 2430 3003 inin
2463 2949 2542 3002 sai
2576 2949 2748 3018 eye-6-

1730 3047 1899 3095 aeorera,
1925 3028 2088 3100 idque
2117 3032 2344 3095 rectius,
2372 3031 2418 3082 si
2443 3049 2565 3084 vere
2587 3046 2741 3085 natus

1729 3121 1812 3161 est
1831 3127 2012 3161 mense
2033 3107 2332 3182 Septembri
2357 3129 2481 3162 ann.
2509 3112 2645 3180 768,
2665 3115 2744 3166 uti

1729 3191 1924 3242 Noster
1949 3187 2225 3260 perbibet,
2255 3209 2376 3262 cap.
2407 3191 2472 3258 3,
2511 3205 2564 3243 et
2587 3194 2743 3264 periit

1728 3266 2008 3319 Decembri
2030 3281 2256 3320 exeunte
2277 3287 2401 3320 ann.
2425 3271 2546 3324 822.
2573 3271 2745 3323 Veris-

1727 3349 1856 3400 sime
1895 3349 2120 3401 Reimar.
2159 3347 2228 3400 ad
2259 3347 2460 3420 Xipbil.
2494 3349 2530 3400 1.
2562 3369 2608 3402 c.
2643 3369 2746 3402 no-

1723 3445 1848 3478 vum
1887 3426 1991 3478 hoc
2019 3425 2401 3480 documentum
2431 3427 2589 3494 dicit,
2617 3428 2744 3482 Sue-

1722 3511 1930 3560 tonium
1959 3527 2022 3561 ex
2051 3507 2275 3560 diversis
2303 3507 2618 3561 auctoribus
2643 3528 2743 3563 ne-

1723 3589 1938 3640 tivitntis
1973 3601 2024 3640 et
2055 3588 2176 3638 vitae
2217 3601 2460 3660 tempora
2495 3590 2745 3660 petiisse,

1723 3685 1824 3719 nec
1851 3679 2028 3718 tamen
2047 3666 2114 3719 de
2143 3665 2495 3720 conciliandis
2519 3669 2742 3721 rationi-

1721 3749 1824 3800 bus
1841 3747 2129 3813 laborasse,
2145 3747 2290 3800 unde
2305 3767 2486 3801 secum
2503 3767 2743 3821 pugnan-

1724 3841 1831 3880 tem
1859 3828 2052 3898 saepius
2077 3825 2546 3900 deprehendimus.

1793 3909 1844 3975 4.
1883 3906 2153 3981 Auguria,
2183 3921 2284 3959 etc.
2307 3905 2443 3959 vide
2465 3925 2585 3978 cap.
2611 3925 2667 3978 9.

1795 3989 1844 4042 5.
1875 3989 2055 4040 Becco.
2081 3986 2282 4040 Gallice
2307 4007 2406 4040 nos
2429 3987 2608 4040 adhuc
2631 3991 2736 4040 bec.

1719 4067 1800 4118 De
1825 4067 2059 4121 Antonio
2089 4069 2268 4119 Primo
2297 4069 2369 4118 cf.
2396 4069 2568 4119 Tacit.
2599 4069 2764 4125 nist„

1722 4151 1796 4218 ll,
1813 4149 1910 4212 863
1930 4149 2222 4203 etReimar.
2249 4149 2318 4202 ad
2335 4148 2535 4222 Xiphil.
2561 4148 2661 4216 65,
2679 4167 2742 4220 9.
