3050 5004
1081 498 1600 567 CLAUDIUS.

2267 504 2391 587 145

279 654 322 699 a
351 652 422 699 se
453 631 770 697 omnium
807 625 1154 695 factorum·
1178 628 1550 721 acciperet3
1578 658 1605 688 ιο
1644 628 1883 695 Graecs
1918 630 2201 723 insuper
2229 654 2397 700 voce

281 758 685 839 prosecutus
705 793 724 824 ‚
757 756 788 814 ὁ
817 758 1012 835 τρώσας
1035 756 1126 811 καὶ
1151 748 1407 813 ἰάσει-αὐ.
1439 744 1805 836 Quumque
1832 742 2095 837 impubi
2130 760 2397 816 tenero·

284 876 416 949 que
441 850 671 921 adhuc
691 904 708 934 ,
739 849 1016 947 quando
1041 864 1302 917 stamra
1324 853 1749 944 permitteret
1763 852 1785 891 ⁵
1804 904 1821 935 ‚
1850 868 2076 947 togam
2100 853 2263 923 dare
2286 855 2401 925 de-

285 966 606 1033 stinasset
625 1016 642 1045 ‚
677 960 958 1055 adjecit:
999 991 1027 1022 α
1049 977 1130 1028 ut
1153 959 1429 1030 tandem
1460 960 1761 1057 populus
1788 967 2133 1034 Romanus
2160 991 2400 1037 verum

283 1079 620 1174 Caesarem
641 1072 912 1141 habeat.
942 1103 971 1133 a·

380 1190 616 1255 XLIV.
667 1190 821 1253 Non
847 1184 1231 1278 multoque¹
1277 1198 1463 1278 post,
1507 1200 1987 1253 testamentum
2012 1190 2215 1254 etiam
2243 1212 2403 1256 con-

287 1300 561 1391 scripsit
586 1350 605 1380 ,
666 1319 748 1363 ac
807 1296 1016 1387 signis
1072 1296 1379 1362 omnium
1427 1298 1945 1387 magistratuum
1994 1296 2395 1391 obsignavit.

289 1408 481 1475 Prius
511 1407 742 1498 igitur,
764 1428 971 1499 quam
1001 1403 1181 1471 ultra
1205 1404 1752 1497 progredere-mr,
1779 1422 2165 1499 praeventus
2192 1425 2297 1476 est
2317 1409 2404 1477 ab

292 1519 702 1612 Agrippina²
719 1567 736 1595 ‚
771 1538 976 1610 quam
1025 1528 1272 1607 praeter
1299 1513 1446 1581 haec
1473 1517 1884 1582 conscientia
1922 1540 2195 1612 quoque
2214 1570 2231 1599 ‚
2279 1540 2405 1587 nec

291 1630 518 1695 minus
557 1624 892 1694 delatores
929 1623 1308 1691 multorum
1347 1626 1707 1692 criminum
1743 1624 2139 1718 arguebant.
2176 1631 2261 1695 Et
2295 1654 2409 1697 ve·-

295 1762 473 1805 neno
500 1734 780 1832 quidem
799 1732 1136 1805 occisum³
1161 1738 1508 1803 convenit:
1536 1735 1654 1803 ubi
1676 1750 1905 1803 autem
1920 1790 1937 1819 ‚
1963 1754 2031 1804 et
2052 1762 2176 1830 per
2198 1764 2407 1834 quem

297 1846 455 1916 dato
475 1900 493 1932 ,
515 1845 876 1941 discrepat.
902 1845 1192 1934 Quidam
1211 1845 1493 1924 tradunt
1511 1900 1529 1931 ‚
1544 1847 1848 1941 epulanti
1868 1850 1939 1915 in
1956 1872 2111 1916 arce
2130 1873 2288 1918 cum
2308 1876 2407 1919 sa-

297 2090 460 2145 quam
485 2073 858 2124 maturrimum
883 2071 1118 2142 pret-ari,
1143 2068 1308 2122 modo

299 2150 366 2203 ad
391 2153 536 2203 Deos
553 2190 572 2217 ,
595 2148 758 2201 modo
788 2148 854 2201 ad
881 2152 1056 2222 ipsum
1088 2148 1308 2203 tendere

299 2250 486 2282 manus
502 2268 519 2295 ,
549 2228 910 2294 adolesceret,
939 2230 1104 2299 patris
1130 2230 1309 2280 iuimi-

301 2328 390 2362 eos
411 2310 705 2383 depelleret
722 2349 738 2376 ,
763 2310 944 2363 matris
969 2310 1127 2361 etiam
1151 2309 1311 2361 inter-

299 2391 528 2443 fectores
555 2389 920 2443 ulcisceretur.
943 2412 967 2436 ι

372 2471 421 2539 4.
438 2470 500 2522 ‘0
517 2468 699 2540 τρόπις
723 2466 804 2520 sai
827 2465 1032 2521 tie-aras.
1053 2470 1170 2520 Hoc
1190 2486 1313 2520 ora-

303 2551 478 2604 culum
501 2551 744 2622 Telepho
776 2551 899 2602 olim
933 2549 1118 2602 datum
1143 2561 1310 2602 nostr.

304 2630 424 2684 loco
459 2631 690 2684 restituit
727 2649 758 2682 e
796 2629 968 2684 codd.
1011 2631 1311 2694 Victorius,

303 2713 424 2764 Var.
459 2712 606 2763 Lect.
647 2711 837 2776 XXIV,
873 2709 954 2776 14.
989 2711 1151 2762 Favet
1189 2725 1314 2761 cor-

307 2803 460 2864 rupta
490 2791 796 2842 Memmiani
821 2791 1082 2861 scriptura
1099 2827 1116 2854 ,
1149 2785 1172 2837 0⁶
1197 2782 1314 2856 epd-

307 2889 391 2926 οιις
425 2878 644 2921 πείσονται
664 2905 682 2930 ,
725 2887 787 2922 ex
831 2887 937 2941 qua
977 2869 1314 2933 Gronovius,

309 2967 488 3004 amans
518 2967 614 3001 sua
641 2948 770 3000 dare
785 2985 804 3014 ,
827 2949 1062 3020 conjecit
1085 2947 1109 2996 ο·
1128 2945 1315 3016 φράσεις

308 3025 544 3080 ἰάσω-ιι.
561 3029 685 3079 Non
706 3026 911 3079 accedit
929 3025 997 3078 ad
1013 3026 1173 3096 hujus
1189 3024 1318 3078 dicti

307 3109 407 3159 vim
431 3107 591 3160 lectio
616 3105 759 3178 vulg.
787 3103 814 3157 ὅ
839 3103 946 3175 ἔρως
969 3103 1024 3154 δ’
1051 3103 1314 3170 ὅπιίγοτιι.

377 3185 425 3240 5.
473 3186 698 3257 Quando
733 3194 932 3239 statura
964 3184 1316 3257 permittent,-

311 3285 468 3340 quum
491 3273 604 3341 jam
627 3285 772 3320 nnnc
795 3279 1002 3318 aetatem
1028 3264 1219 3318 adulta,-
1239 3266 1317 3315 vi·

312 3364 390 3399 res
424 3348 686 3417 praeirent.
719 3346 800 3396 Cf.
843 3343 1041 3416 Xiphil.
1069 3345 1216 3410 LXI,
1255 3361 1273 3395 1
1297 3380 1314 3408 ,

310 3425 398 3478 ubi
435 3423 644 3478 Fabric.
683 3453 756 3466 -—
795 3423 986 3478 Verum
1031 3423 1274 3475 Coesarem
1295 3461 1314 3490 ‚

311 3523 413 3557 non
431 3505 762 3569 arcessitum,
777 3521 956 3574 neque
970 3501 1314 3554 subditivum.

311 3583 438 3636 vide
467 3583 534 3636 ad
567 3603 686 3658 cap.
721 3601 806 3654 27.

379 3675 558 3728 XLIV.
611 3691 654 3726 1.
699 3675 824 3726 Non
867 3669 1169 3744 multoque,
1213 3685 1316 3724 etc.

311 3753 519 3806 Mulier.
561 3753 748 3806 suadet
789 3777 810 3799 ι
835 3755 960 3804 Non
1001 3749 1170 3802 multo
1212 3752 1318 3804 ita-

313 3853 426 3906 que.
449 3857 472 3880 ι

383 3930 432 3964 2.
473 3913 778 3964 Proeventus
809 3920 884 3963 est
903 3911 968 3962 ab
991 3909 1323 3985 Aqrt’pp1’2m5

316 4011 426 4064 quae
451 3990 587 4065 ipsa’
603 3991 745 4065 apud
765 3991 960 4043 Rsctst
976 4030 992 4056 ,
1018 3990 1140 4042 loco
1162 4009 1322 4062 supra

319 4089 404 4126 clt-

313 4159 346 4202 n
361 4169 542 4203 mourut.
557 4157 674 4200 Mine
683 4157 819 4202 bruits
830 4173 882 4202 en
892 4162 1064 4202 com-etit
1073 4161 1095 4200 i
1106 4173 1172 4201 ma
1184 4159 1324 4200 hontc.

316 4261 384 4272 -—-
409 4227 752 4286 Conscientia.
799 4231 983 4284 Codex
1027 4230 1098 4283 ad
1139 4231 1326 4304 margi-

501 4321 596 4385 η.
665 4396 673 4406 ,

1397 2088 1520 2123 nem
1542 2070 1807 2125 editionis.
1828 2071 2000 2124 Plaut.
2022 2072 2279 2139 collatus,
2294 2092 2410 2127 eon·

1397 2152 1533 2219 scia,
1550 2150 1656 2205 hoc
1681 2165 1790 2218 est,
1816 2170 2046 2225 quorum
2072 2151 2173 2205 sibi
2193 2155 2412 2207 conscia

1399 2245 1513 2284 erat
1528 2233 1817 2305 Agrippina
1836 2251 1851 2293 3
1866 2231 1936 2283 du
1946 2233 2413 2305 rissime.--Magis

1399 2312 1575 2385 placet
1612 2315 1666 2364 in
1699 2312 2047 2385 sequentibus
2074 2314 2330 2386 urqebant
2356 2334 2413 2366 se

1402 2394 1472 2446 ad
1528 2396 1735 2447 facinus
1798 2394 2208 2455 maturandum,
2262 2392 2411 2465 quod

1401 2492 1464 2526 ex
1497 2474 1612 2526 aliis
1642 2474 1847 2526 notavit
1876 2472 2163 2538 Mulier-us,
2193 2490 2292 2544 pro
2328 2490 2413 2524 ar-

1397 2556 1645 2628 quebant.

1475 2634 1524 2686 3.
1565 2635 1637 2684 Et
1672 2649 1869 2683 veneno
1908 2631 2117 2704 quidem
2152 2631 2414 2698 occisum,

1406 2725 1508 2765 etc.
1533 2713 1703 2764 Tacit.
1737 2709 1927 2770 Annal.
1958 2711 2081 2776 XII,
2116 2710 2187 2764 66
2224 2723 2277 2761 et
2308 2711 2411 2780 672

1412 2791 1723 2862 «Deligitur
1764 2791 1954 2842 artifex
1996 2789 2215 2854 talium,
2258 2775 2443 2842 voca·-⁸

1403 2869 1536 2922 bulo
1566 2871 1827 2930 Locusta,
1859 2886 2032 2938 nuper
2060 2868 2300 2920 veneficii
2323 2868 2417 2922 da-

1405 2963 1621 3016 mnata,
1660 2961 1711 3000 et
1752 2947 1844 3000 diu
1884 2950 2023 3000 inter
2062 2950 2413 3002 instrumenta

1405 3030 1557 3098 regni
1574 3027 1775 3080 habita.
1798 3029 1925 3099 Ejus
1944 3027 2179 3078 mulieris
2200 3028 2417 3099 ingenio

1405 3121 1651 3180 paratum
1694 3110 1834 3160 virus
1858 3147 1875 3174 ,
1918 3111 2072 3179 cujus
2112 3110 2347 3160 minister
2388 3127 2418 3160 e

1408 3185 1739 3261 spadonibus
1781 3188 1882 3240 fuit
1926 3188 2184 3251 Halotus,
2222 3189 2417 3242 inferre

1407 3267 1593 3340 epulas
1626 3282 1678 3320 et
1714 3266 1986 3338 explorare
2018 3279 2179 3338 gustu
2208 3266 2416 3321 solitus.

1404 3350 1663 3422 Adeoque
1693 3362 1887 3402 cuncta
1912 3367 2034 3399 mox
2062 3361 2418 3419 pernotuere,

1409 3443 1466 3483 ut
1517 3444 1817 3501 temporum
1866 3427 2081 3479 illorum
2134 3430 2420 3499 scriptores

1409 3509 1743 3583 prodiderint
1763 3545 1779 3572 ,
1832 3508 2069 3559 inl'usum
2118 3505 2420 3559 delectabili

1409 3590 1529 3643 cibo
1553 3589 1857 3640 boletorum
1878 3605 2172 3650 venenum,
2198 3605 2297 3639 nec
2314 3588 2419 3637 vim

1409 3662 1773 3719 medicaminis
1790 3666 1964 3717 statim
1980 3663 2327 3731 intellectam,
2342 3683 2422 3716 so·

1411 3747 1663 3798 cot-diane
1688 3743 1894 3798 Claudii
1917 3763 1985 3796 an
2008 3743 2323 3806 vinolentia3
2348 3746 2422 3796 si-

1411 3825 1520 3878 mul
1550 3826 1723 3878 soluta
1758 3825 1904 3877 alvus
1935 3823 2243 3877 subvenisse
2276 3823 2422 3876 vide·

1409 3906 1587 3958 batur.
1618 3906 1786 3974 Igitur
1814 3905 2058 3956 exterrita
2092 3903 2383 3974 Agrippina
2404 3943 2422 3972 ,

1415 4001 1484 4052 et,
1502 3985 1717 4058 quando
1728 3983 1911 4036 ultima
1924 3983 2263 4048 timebantur,
2274 4001 2423 4054 spre-

1415 4081 1467 4119 ta
1505 4065 1845 4137 praesentium
1884 4062 2113 4127 invidia,
2155 4065 2423 4132 provisam

1409 4148 1521 4217 jam
1550 4145 1648 4197 sibi
1673 4143 2048 4214 Xenophontis
2074 4140 2262 4192 medici
2292 4159 2425 4193 con-

1417 4226 1692 4280 scientiam
1730 4221 1966 4276 adhibet.
2004 4220 2125 4288 llle,
2154 4233 2427 4292 tamquam

2070 4337 2145 4377 10
