3050 5004
1038 485 1650 550 FRAGMENTA.
2261 457 2388 570 4'65

298 639 443 684 rem
476 632 543 683 et
572 614 683 682 alii
714 612 896 681 docti
925 615 1084 695 viri,
1124 631 1192 680 et
1226 615 1580 681 Suetonius
1615 616 1814 680 etiam
1849 615 2284 710 Tranquillus
2320 621 2394 686 in

297 727 469 798 libro
501 725 779 794 ludicrae
806 724 1101 794 historiae
1123 727 1343 820 primo
1367 728 1525 794 satis
1551 729 1963 817 compertam
1991 751 2170 810 esse,
2202 732 2394 797 satis-

298 861 431 932 que
458 860 665 931 super
692 861 771 904 ea
800 851 1109 904 constare
1136 833 1457 903 affirmat:
1502 865 1528 896 a
1551 837 1816 902 nervias
1852 838 1924 904 in
1957 836 2204 908 fidibus
2237 839 2398 908 bru-

297 948 458 1016 mali
484 947 595 1016 die
614 947 782 1016 alias
806 947 1026 1039 digitis
1050 945 1241 1039 pelli,
1267 945 1431 1014 alias
1455 971 1716 1016 sonare.
1739 979 1768 1008 n
2111 947 2118 952 ’

722 1167 1180 1252 Tertullianus,
1205 1169 1281 1234 de
1301 1166 1716 1260 SpectaculiS,
1741 1192 1877 1263 cap.
1909 1172 1972 1237 6.
2063 1181 2070 1188 ’

388 1359 554 1444 Qui,
586 1372 886 1450 quotque
917 1357 989 1422 in
1021 1350 1328 1421 ordinem
1346 1406 1364 1436 ,
1400 1370 1469 1420 et
1495 1351 1742 1447 quibus
1765 1351 1962 1423 idolis
1986 1354 2184 1425 ludos
2214 1361 2398 1428 insti-

296 1483 575 1536 tuerunt
592 1521 609 1550 ,
643 1471 940 1560 positum
968 1482 1069 1533 est
1099 1464 1283 1558 apud
1308 1467 1702 1534 Suetonium
1726 1466 2233 1561 Tranquillum,
2257 1468 2396 1552 vel,

253 1669 263 1682 ⁴
292 1603 335 1644 a
361 1573 1069 1671 quibus-Tranquillus
1090 1574 1365 1665 accepit.

659 1795 1001 1862 Diomedes
1018 1807 1354 1887 qrammat.
1385 1794 1494 1861 lib.
1524 1796 1673 1878 III,
1693 1820 1843 1890 paq.
1878 1800 2028 1886 489.

388 1984 628 2051 Primis
651 1979 1106 2074 temporibus⁸
1130 1983 1355 2048 omnia
1370 2035 1387 2064 ,
1418 2006 1571 2077 qua:
1599 1985 1670 2050 in
1696 2006 1896 2052 scena
1920 2001 2301 2070 versantur,
2326 1969 2398 2056 iu

289 2091 621 2163 comoedia
644 2093 1035 2184 agebantur.
1078 2096 1251 2158 Nam
1280 2095 1739 2162 Pantomimus
1759 2148 1776 2178 ,
1805 2112 1872 2162 et
1896 2095 2260 2188 Pythaules
2279 2149 2296 2182 ,
2331 2116 2399 2167 et

287 2205 659 2275 Choraules
679 2259 697 2287 ,
732 2207 802 2270 in
832 2203 1157 2272 comoedia
1181 2203 1532 2271 canebant.
1573 2205 1702 2274 Sed
1733 2210 1890 2301 quia
1921 2232 2062 2275 non
2085 2227 2400 2301 poterant

288 2318 519 2385 omnia
561 2313 763 2383 simul
805 2312 988 2407 apud
1034 2337 1269 2380 omnes
1304 2313 1594 2380 artifices
1636 2319 1886 2407 pariter
1928 2317 2252 2387 excellere
2273 2373 2291 2402 ,
2340 2326 2396 2390 si

287 2433 409 2526 qui
442 2444 634 2497 erant
662 2429 837 2494 inter
870 2443 1128 2494 actores
1158 2425 1638 2494 comoediarum
1666 2451 1792 2519 pro
1819 2427 2138 2497 facultate
2162 2449 2230 2500 et
2251 2449 2396 2500 arte

282 2544 610 2634 potioreS,
637 2542 1091 2633 principatum
1117 2537 1242 2605 sibi
1262 2538 1523 2605 artificii
1543 2538 1992 2608 vindicabant.
2016 2544 2122 2609 Sic
2139 2542 2394 2613 factum

284 2667 423 2737 est,
458 2668 570 2735 ut,
599 2649 991 2717 nolentibus
1016 2647 1253 2717 cedere
1276 2651 1500 2716 mimis
1540 2651 1610 2716 in
1647 2651 1928 2719 artificio
1955 2676 2082 2720 suo
2120 2656 2393 2738 ceteriS,

283 2765 619 2857 separatio
648 2763 837 2831 fieret
870 2760 1310 2856 reliquorum.
1342 2768 1515 2829 Nam
1544 2761 1710 2829 dum
1738 2764 2036 2854 potiores
2065 2766 2396 2834 inferiori-

282 2872 438 2957 bus,
467 2875 585 2967 qui
614 2875 685 2939 in
710 2874 893 2940 omni
918 2874 1281 2963 ergasterio
1307 2886 1522 2954 erant,
1553 2874 1804 2939 servire
1828 2870 2392 2965 dedignabantur,

282 3007 360 3050 se
394 2986 579 3076 ipsos
606 3008 647 3049 a
682 2979 1009 3049 comoedia
1046 2998 1568 3074 separaverunt:
1607 3006 1687 3049 ac
1724 2986 1820 3050 sic
1855 2982 2109 3081 factum
2146 3003 2280 3071 est,
2315 3005 2396 3055 ut

282 3094 595 3188 exemplo
620 3092 832 3162 semel
864 3108 1087 3168 sumto
1106 3146 1124 3177 ,
1143 3096 1632 3188 ‚unusquisque
1665 3096 1827 3162 artis
1862 3119 2002 3163 suae
2029 3122 2175 3165 rem
2207 3123 2394 3167 exse-

280 3210 404 3303 qui
428 3209 729 3299 coeperit,
754 3229 978 3301 neque
1002 3208 1074 3273 in
1096 3205 1495 3273 comoediam
1515 3209 1778 3276 venire:
1807 3204 2001 3301 cujus
2024 3213 2121 3277 rei
2143 3208 2394 3281 indicia

280 3315 588 3411 produnt
637 3314 833 3384 nobis
894 3318 1189 3411 antiquae
1246 3315 1592 3387 comoediae
1621 3369 1639 3400 ,
1699 3320 1773 3385 in
1831 3310 2100 3411 quibus‘
2129 3322 2388 3389 inveni-

356 3547 378 3567 *
414 3547 607 3601 Primis
628 3546 959 3619 temporibus,
989 3560 1091 3599 etc.
1123 3568 1145 3593 α
1166 3548 1290 3598 Non

278 3625 666 3693 dubitandum,
694 3629 821 3697 quin
844 3625 956 3678 haec
976 3628 1081 3677 sint
1099 3645 1127 3677 e
1151 3626 1288 3677 libro

278 3708 523 3761 Suetonii
551 3705 617 3758 de
644 3706 803 3758 Ludis
838 3724 899 3757 ac
928 3705 1253 3777 Spectaculis
1271 3744 1288 3771 ,

280 3806 445 3859 quem
479 3786 545 3839 ab
579 3805 643 3838 eo
678 3788 1113 3857 scriptum-esse,
1142 3788 1289 3837 testis

279 3865 507 3929 Suidas;
532 3866 785 3937 variaque
817 3864 943 3917 inde
968 3864 1290 3937 depromunt

277 3954 347 4000 A.
373 3944 601 4013 Gellius,
622 3944 981 3997 Tertullianus
999 3982 1015 4011 ,
1050 3946 1287 4017 Servius,

278 4023 597 4090 Diomedes,
619 4025 843 4077 Tzetzes.
870 4024 1090 4095 Absque
1119 4042 1183 4075 eo
1208 4040 1289 4075 es-

280 4100 392 4173 set,
421 4104 654 4157 dicerem
686 4122 801 4157 esse
828 4122 892 4156 ex
920 4104 1054 4155 libro
1078 4105 1192 4173 ejus
1220 4101 1289 4154 de

278 4188 459 4242 Poetis
474 4226 493 4255 ,
516 4184 661 4239 unde
680 4198 733 4240 et
749 4187 1101 4257 fragmentum
1120 4182 1289 4237 addu-

470 4280 566 4345 II.

1382 3548 1453 3599 cit
1475 3546 1736 3614 Isidorus,
1762 3546 1910 3619 Orig.
1935 3547 2026 3601 lib.
2049 3550 2193 3616 vm,
2219 3567 2268 3619 7.
2289 3552 2390 3603 Im-

1380 3644 1469 3677 mo
1502 3644 1566 3679 ex
1597 3624 1786 3679 eodem
1814 3640 2099 3697 supersunt
2127 3630 2252 3679 Vita
2279 3630 2387 3681 Te-

1381 3707 1540 3757 rentii
1579 3702 1632 3758 et
1659 3706 1892 3766 Horatii3
1931 3706 2026 3771 ac',
2066 3718 2124 3756 ut
2160 3723 2386 3774 censeo,

1378 3784 1604 3850 Lucani,
1625 3784 1782 3835 etiam
1799 3784 1958 3834 Persii
1979 3795 2030 3835 et
2047 3782 2334 3837 Juvenalis.
2358 3809 2381 3833 ιι

1379 3866 1459 3916 Ita
1484 3862 1609 3915 Ger.
1641 3864 1726 3915 Jo.
1753 3864 1998 3928 Vossius,
2025 3864 2198 3915 Instit.
2233 3864 2383 3917 Post.

1376 3944 1455 4010 11,
1486 3960 1583 4013 29,
1614 3944 1708 4015 qui
1733 3956 1908 3995 tamen
1935 3942 2196 3997 debuerat
2218 3962 2386 4015 agno-

1378 4040 1524 4074 scere
1535 4020 1934 4089 casaubonum,
1947 4024 2146 4094 quippe
2155 4025 2383 4095 primum

1377 4100 1538 4172 hujus
1563 4100 1818 4165 iudicem,
1844 4105 1998 4174 cujus
2022 4115 2148 4154 sunt
2169 4122 2384 4177 quoque

1378 4180 1548 4234 multa
1572 4180 1866 4253 sequentia.
1901 4182 2141 4234 Gnouov.

2016 4272 2101 4337 30
