<?xml version="1.0" encoding="UTF-8"?>
<!DOCTYPE html PUBLIC "-//W3C//DTD XHTML 1.0 Transitional//EN"
    "http://www.w3.org/TR/xhtml1/DTD/xhtml1-transitional.dtd">
<html xmlns="http://www.w3.org/1999/xhtml" xml:lang="en" lang="en">
 <head>
  <title>
</title>
<meta http-equiv="Content-Type" content="text/html;charset=utf-8" />
  <meta name='ocr-system' content='tesseract 3.04.00' />
  <meta name='ocr-capabilities' content='ocr_page ocr_carea ocr_par ocr_line ocrx_word'/>
</head>
<body>
  <div class='ocr_page' id='page_1' title='image "./csuetoniitranqu09suetgoog_0102.png"; bbox 0 0 3050 5004; ppageno 0'>
   <div class='ocr_carea' id='block_1_1' title="bbox 1071 515 1569 582">
    <p class='ocr_par' dir='ltr' id='par_1_1' title="bbox 1071 515 1569 582">
     <span class='ocr_line' id='line_1_1' title="bbox 1071 515 1569 582; baseline 0 -3"><span class='ocrx_word' id='word_1_1' title='bbox 1071 515 1569 582; x_wconf 87' lang='lat' dir='ltr'><strong>CLAUDIUS.</strong></span> 
     </span>
    </p>
   </div>
   <div class='ocr_carea' id='block_1_2' title="bbox 2279 510 2363 576">
    <p class='ocr_par' dir='ltr' id='par_1_2' title="bbox 2279 510 2363 576">
     <span class='ocr_line' id='line_1_2' title="bbox 2279 510 2363 576; baseline -0.012 0"><span class='ocrx_word' id='word_1_2' title='bbox 2279 510 2363 576; x_wconf 87' lang='grc'><strong>85</strong></span> 
     </span>
    </p>
   </div>
   <div class='ocr_carea' id='block_1_3' title="bbox 290 636 2368 736">
    <p class='ocr_par' dir='ltr' id='par_1_3' title="bbox 290 636 2368 736">
     <span class='ocr_line' id='line_1_3' title="bbox 290 636 2368 736; baseline 0.001 -34"><span class='ocrx_word' id='word_1_3' title='bbox 290 637 393 719; x_wconf 84' lang='lat' dir='ltr'><strong>rit,</strong></span> <span class='ocrx_word' id='word_1_4' title='bbox 431 636 650 731; x_wconf 75' lang='lat' dir='ltr'><strong>legato</strong></span> <span class='ocrx_word' id='word_1_5' title='bbox 687 642 1024 733; x_wconf 46' lang='lat' dir='ltr'><strong>quoqu&amp;²</strong></span> <span class='ocrx_word' id='word_1_6' title='bbox 1061 664 1196 707; x_wconf 91' lang='lat' dir='ltr'><strong>non</strong></span> <span class='ocrx_word' id='word_1_7' title='bbox 1229 641 1553 735; x_wconf 89' lang='lat' dir='ltr'><strong>amplius,</strong></span> <span class='ocrx_word' id='word_1_8' title='bbox 1593 665 1797 736; x_wconf 88' lang='lat' dir='ltr'><strong>quam</strong></span> <span class='ocrx_word' id='word_1_9' title='bbox 1834 642 2368 731; x_wconf 76' lang='lat' dir='ltr'><strong>octingentorum</strong></span> 
     </span>
    </p>
   </div>
   <div class='ocr_carea' id='block_1_4' title="bbox 290 750 1215 841">
    <p class='ocr_par' dir='ltr' id='par_1_4' title="bbox 290 750 1215 841">
     <span class='ocr_line' id='line_1_4' title="bbox 290 750 1215 841; baseline 0.008 -29"><span class='ocrx_word' id='word_1_10' title='bbox 290 750 763 830; x_wconf 77' lang='lat' dir='ltr'>sestertiorum,</span> <span class='ocrx_word' id='word_1_11' title='bbox 794 765 1215 841; x_wconf 85' lang='lat' dir='ltr'><strong>prosecutus.</strong></span> 
     </span>
    </p>
   </div>
   <div class='ocr_carea' id='block_1_5' title="bbox 283 857 2464 2061">
    <p class='ocr_par' dir='ltr' id='par_1_5' title="bbox 283 857 2433 1730">
     <span class='ocr_line' id='line_1_5' title="bbox 373 857 2433 953; baseline 0.002 -32"><span class='ocrx_word' id='word_1_12' title='bbox 373 862 448 921; x_wconf 91' lang='lat' dir='ltr'><strong>V.</strong></span> <span class='ocrx_word' id='word_1_13' title='bbox 493 857 806 929; x_wconf 89' lang='lat' dir='ltr'><strong>Tiberius</strong></span> <span class='ocrx_word' id='word_1_14' title='bbox 833 876 1118 952; x_wconf 85' lang='lat' dir='ltr'><strong>patruus</strong></span> <span class='ocrx_word' id='word_1_15' title='bbox 1149 864 1402 953; x_wconf 88' lang='lat' dir='ltr'><strong>petenti</strong></span> <span class='ocrx_word' id='word_1_16' title='bbox 1438 860 1727 928; x_wconf 84' lang='lat' dir='ltr'><strong>honores</strong></span> <span class='ocrx_word' id='word_1_17' title='bbox 1766 859 2142 928; x_wconf 82' lang='lat' dir='ltr'><strong>consularia</strong></span> <span class='ocrx_word' id='word_1_18' title='bbox 2180 882 2370 925; x_wconf 87' lang='lat' dir='ltr'><strong>orna·</strong></span> <span class='ocrx_word' id='word_1_19' title='bbox 2410 900 2433 941; x_wconf 91' lang='lat'><strong>·.</strong></span> 
     </span>
     <span class='ocr_line' id='line_1_6' title="bbox 287 968 2371 1095; baseline 0.001 -61"><span class='ocrx_word' id='word_1_20' title='bbox 287 983 504 1036; x_wconf 87' lang='lat' dir='ltr'><strong>menta</strong></span> <span class='ocrx_word' id='word_1_21' title='bbox 521 968 784 1038; x_wconf 86' lang='lat' dir='ltr'><strong>detulit.</strong></span> <span class='ocrx_word' id='word_1_22' title='bbox 807 969 938 1041; x_wconf 90' lang='lat' dir='ltr'><strong>Sed</strong></span> <span class='ocrx_word' id='word_1_23' title='bbox 955 974 1312 1055; x_wconf 81' lang='lat' dir='ltr'><strong>instantius</strong></span> <span class='ocrx_word' id='word_1_24' title='bbox 1330 970 1661 1064; x_wconf 76' lang='lat' dir='ltr'><strong>legitimos</strong></span> <span class='ocrx_word' id='word_1_25' title='bbox 1680 968 2004 1095; x_wconf 76' lang='lat' dir='ltr'><strong>flagitanti</strong></span> <span class='ocrx_word' id='word_1_26' title='bbox 2016 1023 2035 1054; x_wconf 92' lang='lat'><strong>,</strong></span> <span class='ocrx_word' id='word_1_27' title='bbox 2060 968 2127 1036; x_wconf 93' lang='lat' dir='ltr'><strong>id</strong></span> <span class='ocrx_word' id='word_1_28' title='bbox 2148 969 2371 1037; x_wconf 88' lang='lat' dir='ltr'><strong>solum</strong></span> 
     </span>
     <span class='ocr_line' id='line_1_7' title="bbox 289 1076 2374 1173; baseline 0 -30"><span class='ocrx_word' id='word_1_29' title='bbox 289 1076 602 1147; x_wconf 85' lang='lat' dir='ltr'><strong>codicillis</strong></span> <span class='ocrx_word' id='word_1_30' title='bbox 625 1081 996 1173; x_wconf 79' lang='lat' dir='ltr'><strong>rescripsit,</strong></span> <span class='ocrx_word' id='word_1_31' title='bbox 1030 1112 1057 1142; x_wconf 70' lang='lat' dir='ltr'><strong>a</strong></span> <span class='ocrx_word' id='word_1_32' title='bbox 1077 1080 1537 1173; x_wconf 76' lang='lat' dir='ltr'><strong>Quadraginta</strong></span> <span class='ocrx_word' id='word_1_33' title='bbox 1558 1104 1799 1148; x_wconf 84' lang='lat' dir='ltr'><strong>aureos</strong></span> <span class='ocrx_word' id='word_1_34' title='bbox 1818 1083 1890 1147; x_wconf 91' lang='lat' dir='ltr'><strong>in</strong></span> <span class='ocrx_word' id='word_1_35' title='bbox 1909 1077 2285 1151; x_wconf 73' lang='lat' dir='ltr'><strong>Saturnalia</strong></span> <span class='ocrx_word' id='word_1_36' title='bbox 2306 1093 2374 1145; x_wconf 91' lang='lat' dir='ltr'><strong>et</strong></span> 
     </span>
     <span class='ocr_line' id='line_1_8' title="bbox 285 1184 2375 1284; baseline 0 -31"><span class='ocrx_word' id='word_1_37' title='bbox 285 1184 628 1277; x_wconf 71' lang='lat' dir='ltr'><strong>Sigillaria¹</strong></span> <span class='ocrx_word' id='word_1_38' title='bbox 657 1190 922 1257; x_wconf 83' lang='lat' dir='ltr'><strong>misisse</strong></span> <span class='ocrx_word' id='word_1_39' title='bbox 943 1191 1026 1256; x_wconf 89' lang='lat' dir='ltr'><strong>ei.</strong></span> <span class='ocrx_word' id='word_1_40' title='bbox 1053 1220 1080 1249; x_wconf 69' lang='grc' dir='ltr'><strong>ιι</strong></span> <span class='ocrx_word' id='word_1_41' title='bbox 1116 1194 1312 1257; x_wconf 89' lang='lat' dir='ltr'><strong>Tunc</strong></span> <span class='ocrx_word' id='word_1_42' title='bbox 1337 1189 1641 1272; x_wconf 89' lang='lat' dir='ltr'><strong>demum,</strong></span> <span class='ocrx_word' id='word_1_43' title='bbox 1669 1186 1929 1281; x_wconf 77' lang='lat' dir='ltr'><strong>abjecta</strong></span> <span class='ocrx_word' id='word_1_44' title='bbox 1952 1213 2073 1284; x_wconf 91' lang='lat' dir='ltr'><strong>spe</strong></span> <span class='ocrx_word' id='word_1_45' title='bbox 2096 1187 2375 1280; x_wconf 80' lang='lat' dir='ltr'><strong>dignita-</strong></span> 
     </span>
     <span class='ocr_line' id='line_1_9' title="bbox 289 1276 2371 1383; baseline 0.001 -20"><span class='ocrx_word' id='word_1_46' title='bbox 289 1297 397 1379; x_wconf 92' lang='grc'><strong>63,</strong></span> <span class='ocrx_word' id='word_1_47' title='bbox 431 1296 522 1365; x_wconf 85' lang='lat' dir='ltr'><strong>ad</strong></span> <span class='ocrx_word' id='word_1_48' title='bbox 557 1301 776 1367; x_wconf 87' lang='lat' dir='ltr'><strong>otium</strong></span> <span class='ocrx_word' id='word_1_49' title='bbox 799 1276 1175 1383; x_wconf 87' lang='lat' dir='ltr'><strong>concessit,</strong></span> <span class='ocrx_word' id='word_1_50' title='bbox 1211 1300 1470 1369; x_wconf 91' lang='lat' dir='ltr'><strong>modo</strong></span> <span class='ocrx_word' id='word_1_51' title='bbox 1452 1326 1527 1369; x_wconf 77' lang='lat' dir='ltr'><strong>in</strong></span> <span class='ocrx_word' id='word_1_52' title='bbox 1561 1300 1771 1368; x_wconf 88' lang='lat' dir='ltr'><strong>hortis</strong></span> <span class='ocrx_word' id='word_1_53' title='bbox 1810 1308 1911 1373; x_wconf 73' lang='lat' dir='ltr'><strong>et,²</strong></span> <span class='ocrx_word' id='word_1_54' title='bbox 1948 1298 2339 1369; x_wconf 85' lang='lat' dir='ltr'><strong>suburbano</strong></span> <span class='ocrx_word' id='word_1_55' title='bbox 2354 1351 2371 1382; x_wconf 92' lang='lat'>‚</span> 
     </span>
     <span class='ocr_line' id='line_1_10' title="bbox 287 1408 2375 1508; baseline 0.003 -34"><span class='ocrx_word' id='word_1_56' title='bbox 287 1408 531 1477; x_wconf 91' lang='lat' dir='ltr'><strong>modo</strong></span> <span class='ocrx_word' id='word_1_57' title='bbox 512 1434 586 1477; x_wconf 91' lang='lat' dir='ltr'><strong>m</strong></span> <span class='ocrx_word' id='word_1_58' title='bbox 614 1414 1000 1504; x_wconf 83' lang='lat' dir='ltr'><strong>Campaniae</strong></span> <span class='ocrx_word' id='word_1_59' title='bbox 1032 1436 1304 1481; x_wconf 87' lang='lat' dir='ltr'><strong>secessu</strong></span> <span class='ocrx_word' id='word_1_60' title='bbox 1332 1412 1763 1495; x_wconf 85' lang='lat' dir='ltr'><strong>delitescens;</strong></span> <span class='ocrx_word' id='word_1_61' title='bbox 1796 1428 2001 1508; x_wconf 86' lang='lat' dir='ltr'><strong>atque</strong></span> <span class='ocrx_word' id='word_1_62' title='bbox 2032 1438 2115 1481; x_wconf 86' lang='lat' dir='ltr'><strong>ex</strong></span> <span class='ocrx_word' id='word_1_63' title='bbox 2145 1429 2375 1481; x_wconf 88' lang='lat' dir='ltr'><strong>contu-</strong></span> 
     </span>
     <span class='ocr_line' id='line_1_11' title="bbox 283 1516 2377 1618; baseline 0.001 -31"><span class='ocrx_word' id='word_1_64' title='bbox 283 1516 514 1589; x_wconf 85' lang='lat' dir='ltr'><strong>bernio</strong></span> <span class='ocrx_word' id='word_1_65' title='bbox 535 1520 1154 1591; x_wconf 79' lang='lat' dir='ltr'><strong>sordidissimorum</strong></span> <span class='ocrx_word' id='word_1_66' title='bbox 1174 1521 1568 1591; x_wconf 81' lang='lat' dir='ltr'><strong>hominum³</strong></span> <span class='ocrx_word' id='word_1_67' title='bbox 1581 1576 1600 1606; x_wconf 89' lang='lat'><strong>,</strong></span> <span class='ocrx_word' id='word_1_68' title='bbox 1626 1546 1834 1618; x_wconf 88' lang='lat' dir='ltr'><strong>super</strong></span> <span class='ocrx_word' id='word_1_69' title='bbox 1852 1538 2147 1591; x_wconf 85' lang='lat' dir='ltr'><strong>veterem</strong></span> <span class='ocrx_word' id='word_1_70' title='bbox 2170 1525 2377 1614; x_wconf 79' lang='lat' dir='ltr'><strong>segni·</strong></span> 
     </span>
     <span class='ocr_line' id='line_1_12' title="bbox 289 1632 2264 1730; baseline 0.002 -33"><span class='ocrx_word' id='word_1_71' title='bbox 289 1633 388 1699; x_wconf 74' lang='lat' dir='ltr'><strong>tiae</strong></span> <span class='ocrx_word' id='word_1_72' title='bbox 409 1648 676 1716; x_wconf 76' lang='lat' dir='ltr'><strong>notam,</strong></span> <span class='ocrx_word' id='word_1_73' title='bbox 699 1632 1040 1709; x_wconf 83' lang='lat' dir='ltr'><strong>ebrietatis</strong></span> <span class='ocrx_word' id='word_1_74' title='bbox 1063 1659 1336 1730; x_wconf 91' lang='lat' dir='ltr'><strong>quoque</strong></span> <span class='ocrx_word' id='word_1_75' title='bbox 1359 1652 1428 1703; x_wconf 88' lang='lat' dir='ltr'><strong>et</strong></span> <span class='ocrx_word' id='word_1_76' title='bbox 1447 1634 1653 1703; x_wconf 72' lang='lat' dir='ltr'><strong>aleoe4</strong></span> <span class='ocrx_word' id='word_1_77' title='bbox 1670 1636 2017 1703; x_wconf 84' lang='lat' dir='ltr'><strong>infamiam</strong></span> <span class='ocrx_word' id='word_1_78' title='bbox 2041 1632 2264 1703; x_wconf 85' lang='lat' dir='ltr'><strong>subiit.</strong></span> 
     </span>
    </p>

    <p class='ocr_par' dir='ltr' id='par_1_6' title="bbox 291 1744 2464 2061">
     <span class='ocr_line' id='line_1_13' title="bbox 372 1744 2379 1840; baseline 0.001 -32"><span class='ocrx_word' id='word_1_79' title='bbox 372 1746 486 1810; x_wconf 85' lang='lat' dir='ltr'><strong>V1.</strong></span> <span class='ocrx_word' id='word_1_80' title='bbox 517 1748 748 1831; x_wconf 88' lang='lat' dir='ltr'><strong>Quum</strong></span> <span class='ocrx_word' id='word_1_81' title='bbox 773 1746 1077 1830; x_wconf 84' lang='lat' dir='ltr'><strong>interim,</strong></span> <span class='ocrx_word' id='word_1_82' title='bbox 1113 1769 1527 1840; x_wconf 86' lang='lat' dir='ltr'><strong>quamquam</strong></span> <span class='ocrx_word' id='word_1_83' title='bbox 1548 1744 1681 1813; x_wconf 88' lang='lat' dir='ltr'><strong>hoc</strong></span> <span class='ocrx_word' id='word_1_84' title='bbox 1705 1744 1909 1813; x_wconf 90' lang='lat' dir='ltr'><strong>modo</strong></span> <span class='ocrx_word' id='word_1_85' title='bbox 1930 1748 2187 1837; x_wconf 74' lang='lat' dir='ltr'><strong>agenti,</strong></span> <span class='ocrx_word' id='word_1_86' title='bbox 2212 1768 2379 1811; x_wconf 86' lang='lat' dir='ltr'><strong>nun·</strong></span> 
     </span>
     <span class='ocr_line' id='line_1_14' title="bbox 291 1845 2381 1950; baseline 0.001 -29"><span class='ocrx_word' id='word_1_87' title='bbox 291 1876 484 1946; x_wconf 80' lang='lat' dir='ltr'><strong>quam</strong></span> <span class='ocrx_word' id='word_1_88' title='bbox 523 1870 644 1923; x_wconf 88' lang='lat' dir='ltr'><strong>aut</strong></span> <span class='ocrx_word' id='word_1_89' title='bbox 677 1854 976 1925; x_wconf 85' lang='lat' dir='ltr'><strong>officium</strong></span> <span class='ocrx_word' id='word_1_90' title='bbox 1005 1845 1361 1924; x_wconf 77' lang='lat' dir='ltr'><strong>hominum</strong></span> <span class='ocrx_word' id='word_1_91' title='bbox 1378 1910 1397 1938; x_wconf 93' lang='lat'><strong>,</strong></span> <span class='ocrx_word' id='word_1_92' title='bbox 1427 1873 1547 1925; x_wconf 87' lang='lat' dir='ltr'><strong>aut</strong></span> <span class='ocrx_word' id='word_1_93' title='bbox 1572 1859 1945 1927; x_wconf 85' lang='lat' dir='ltr'><strong>reverentia</strong></span> <span class='ocrx_word' id='word_1_94' title='bbox 1974 1853 2243 1950; x_wconf 86' lang='lat' dir='ltr'><strong>publica</strong></span> <span class='ocrx_word' id='word_1_95' title='bbox 2274 1854 2381 1923; x_wconf 85' lang='lat' dir='ltr'><strong>de-</strong></span> 
     </span>
     <span class='ocr_line' id='line_1_15' title="bbox 293 1961 2464 2061; baseline 0.003 -32"><span class='ocrx_word' id='word_1_96' title='bbox 293 1961 462 2031; x_wconf 83' lang='lat' dir='ltr'><strong>fuit⁸.</strong></span> <span class='ocrx_word' id='word_1_97' title='bbox 499 1969 831 2059; x_wconf 83' lang='lat' dir='ltr'><strong>Equester</strong></span> <span class='ocrx_word' id='word_1_98' title='bbox 866 1964 1033 2034; x_wconf 89' lang='lat' dir='ltr'><strong>ordo</strong></span> <span class='ocrx_word' id='word_1_99' title='bbox 1069 1966 1172 2035; x_wconf 89' lang='lat' dir='ltr'><strong>bis</strong></span> <span class='ocrx_word' id='word_1_100' title='bbox 1209 1982 1570 2061; x_wconf 82' lang='lat' dir='ltr'><strong>patronum</strong></span> <span class='ocrx_word' id='word_1_101' title='bbox 1605 1991 1763 2037; x_wconf 86' lang='lat' dir='ltr'><strong>eum</strong></span> <span class='ocrx_word' id='word_1_102' title='bbox 1802 1966 2217 2060; x_wconf 83' lang='lat' dir='ltr'><strong>perferendae</strong></span> <span class='ocrx_word' id='word_1_103' title='bbox 2253 1978 2377 2059; x_wconf 82' lang='lat' dir='ltr'><strong>pr&#39;o</strong></span> <span class='ocrx_word' id='word_1_104' title='bbox 2452 2043 2464 2056; x_wconf 32' lang='lat'>⁸</span> 
     </span>
    </p>
   </div>
   <div class='ocr_carea' id='block_1_6' title="bbox 297 2232 1286 2379">
    <p class='ocr_par' dir='ltr' id='par_1_7' title="bbox 297 2232 1286 2379">
     <span class='ocr_line' id='line_1_16' title="bbox 361 2232 1284 2308; baseline 0.009 -26"><span class='ocrx_word' id='word_1_105' title='bbox 361 2248 438 2283; x_wconf 76' lang='grc' dir='ltr'><strong>η.</strong></span> <span class='ocrx_word' id='word_1_106' title='bbox 463 2232 660 2307; x_wconf 65' lang='lat' dir='ltr'><strong>Legata</strong></span> <span class='ocrx_word' id='word_1_107' title='bbox 675 2253 896 2308; x_wconf 76' lang='lat' dir='ltr'><strong>quoqne.</strong></span> <span class='ocrx_word' id='word_1_108' title='bbox 920 2238 1001 2289; x_wconf 84' lang='lat' dir='ltr'><strong>lta</strong></span> <span class='ocrx_word' id='word_1_109' title='bbox 1021 2236 1284 2291; x_wconf 82' lang='lat' dir='ltr'><strong>edidimus</strong></span> 
     </span>
     <span class='ocr_line' id='line_1_17' title="bbox 297 2310 1286 2379; baseline 0.006 -18"><span class='ocrx_word' id='word_1_110' title='bbox 297 2328 406 2361; x_wconf 81' lang='lat' dir='ltr'><strong>cum</strong></span> <span class='ocrx_word' id='word_1_111' title='bbox 433 2310 665 2379; x_wconf 77' lang='lat' dir='ltr'><strong>Wolfio,</strong></span> <span class='ocrx_word' id='word_1_112' title='bbox 691 2312 760 2366; x_wconf 82' lang='lat' dir='ltr'><strong>de</strong></span> <span class='ocrx_word' id='word_1_113' title='bbox 791 2316 1055 2368; x_wconf 76' lang='lat' dir='ltr'><strong>sententia</strong></span> <span class='ocrx_word' id='word_1_114' title='bbox 1079 2316 1286 2369; x_wconf 72' lang='lat' dir='ltr'><strong>Ernett.</strong></span> 
     </span>
    </p>
   </div>
   <div class='ocr_carea' id='block_1_7' title="bbox 294 2390 1287 2544">
    <p class='ocr_par' dir='ltr' id='par_1_8' title="bbox 294 2390 1287 2544">
     <span class='ocr_line' id='line_1_18' title="bbox 295 2390 1287 2467; baseline 0.006 -27"><span class='ocrx_word' id='word_1_115' title='bbox 295 2402 342 2440; x_wconf 86' lang='lat' dir='ltr'><strong>et</strong></span> <span class='ocrx_word' id='word_1_116' title='bbox 359 2390 610 2445; x_wconf 85' lang='lat' dir='ltr'><strong>Oudend.</strong></span> <span class='ocrx_word' id='word_1_117' title='bbox 633 2410 736 2464; x_wconf 88' lang='lat' dir='ltr'><strong>pro</strong></span> <span class='ocrx_word' id='word_1_118' title='bbox 758 2392 1050 2467; x_wconf 65' lang='lat' dir='ltr'><strong>legatoque.</strong></span> <span class='ocrx_word' id='word_1_119' title='bbox 1072 2395 1156 2448; x_wconf 91' lang='lat' dir='ltr'><strong>Sic</strong></span> <span class='ocrx_word' id='word_1_120' title='bbox 1177 2394 1287 2447; x_wconf 82' lang='lat' dir='ltr'><strong>fere</strong></span> 
     </span>
     <span class='ocr_line' id='line_1_19' title="bbox 294 2472 1286 2544; baseline 0.002 -20"><span class='ocrx_word' id='word_1_121' title='bbox 294 2491 402 2544; x_wconf 83' lang='lat' dir='ltr'><strong>cap.</strong></span> <span class='ocrx_word' id='word_1_122' title='bbox 441 2474 512 2541; x_wconf 86' lang='lat'><strong>6,</strong></span> <span class='ocrx_word' id='word_1_123' title='bbox 545 2495 568 2521; x_wconf 79' lang='grc' dir='ltr'>ι</span> <span class='ocrx_word' id='word_1_124' title='bbox 587 2472 644 2525; x_wconf 88' lang='lat' dir='ltr'><strong>in</strong></span> <span class='ocrx_word' id='word_1_125' title='bbox 681 2475 848 2527; x_wconf 84' lang='lat' dir='ltr'><strong>tertiis</strong></span> <span class='ocrx_word' id='word_1_126' title='bbox 885 2472 1185 2528; x_wconf 85' lang='lat' dir='ltr'><strong>heredibus.</strong></span> <span class='ocrx_word' id='word_1_127' title='bbox 1205 2515 1217 2527; x_wconf 94' lang='lat'><strong>.</strong></span> <span class='ocrx_word' id='word_1_128' title='bbox 1239 2515 1251 2526; x_wconf 91' lang='lat'><strong>.</strong></span> <span class='ocrx_word' id='word_1_129' title='bbox 1273 2515 1286 2527; x_wconf 90' lang='lat'><strong>.</strong></span> 
     </span>
    </p>
   </div>
   <div class='ocr_carea' id='block_1_8' title="bbox 295 2552 1291 2698">
    <p class='ocr_par' dir='ltr' id='par_1_9' title="bbox 295 2552 1291 2698">
     <span class='ocr_line' id='line_1_20' title="bbox 295 2552 1291 2626; baseline 0.002 -22"><span class='ocrx_word' id='word_1_130' title='bbox 295 2567 658 2625; x_wconf 74' lang='lat' dir='ltr'><strong>nuncupatum</strong></span> <span class='ocrx_word' id='word_1_131' title='bbox 673 2588 690 2617; x_wconf 92' lang='lat'><strong>‚</strong></span> <span class='ocrx_word' id='word_1_132' title='bbox 711 2552 889 2625; x_wconf 73' lang='lat' dir='ltr'><strong>legato</strong></span> <span class='ocrx_word' id='word_1_133' title='bbox 909 2555 1148 2607; x_wconf 73' lang='lat' dir='ltr'><strong>etiam....</strong></span> <span class='ocrx_word' id='word_1_134' title='bbox 1169 2573 1291 2626; x_wconf 89' lang='lat' dir='ltr'><strong>pro·</strong></span> 
     </span>
     <span class='ocr_line' id='line_1_21' title="bbox 297 2644 712 2698; baseline -0.014 -13"><span class='ocrx_word' id='word_1_135' title='bbox 297 2648 534 2698; x_wconf 62' lang='lat' dir='ltr'><strong>fletuum,</strong></span> <span class='ocrx_word' id='word_1_136' title='bbox 563 2644 667 2684; x_wconf 74' lang='lat' dir='ltr'>etc.</span> <span class='ocrx_word' id='word_1_137' title='bbox 687 2655 712 2679; x_wconf 67' lang='lat' dir='ltr'><strong>n</strong></span> 
     </span>
    </p>
   </div>
   <div class='ocr_carea' id='block_1_9' title="bbox 215 2710 1303 4284">
    <p class='ocr_par' dir='ltr' id='par_1_10' title="bbox 215 2710 1303 4186">
     <span class='ocr_line' id='line_1_22' title="bbox 357 2710 1290 2785; baseline 0.003 -23"><span class='ocrx_word' id='word_1_138' title='bbox 357 2713 420 2764; x_wconf 80' lang='lat' dir='ltr'><strong>V.</strong></span> <span class='ocrx_word' id='word_1_139' title='bbox 445 2729 492 2764; x_wconf 78' lang='grc' dir='ltr'><strong>Ι.</strong></span> <span class='ocrx_word' id='word_1_140' title='bbox 512 2712 588 2762; x_wconf 77' lang='lat' dir='ltr'><strong>Et</strong></span> <span class='ocrx_word' id='word_1_141' title='bbox 601 2710 905 2785; x_wconf 74' lang='lat' dir='ltr'><strong>Siqt&#39;llart&#39;a,</strong></span> <span class='ocrx_word' id='word_1_142' title='bbox 926 2727 1026 2766; x_wconf 91' lang='lat' dir='ltr'><strong>etc.</strong></span> <span class='ocrx_word' id='word_1_143' title='bbox 1047 2713 1215 2766; x_wconf 86' lang='lat' dir='ltr'><strong>Macr.</strong></span> <span class='ocrx_word' id='word_1_144' title='bbox 1239 2715 1290 2778; x_wconf 89' lang='lat'><strong>1,</strong></span> 
     </span>
     <span class='ocr_line' id='line_1_23' title="bbox 300 2787 1292 2854; baseline 0.001 -13"><span class='ocrx_word' id='word_1_145' title='bbox 300 2806 386 2841; x_wconf 82' lang='lat' dir='ltr'><strong>io:</strong></span> <span class='ocrx_word' id='word_1_146' title='bbox 421 2813 446 2836; x_wconf 75' lang='grc' dir='ltr'>ι</span> <span class='ocrx_word' id='word_1_147' title='bbox 465 2789 768 2842; x_wconf 75' lang='lat' dir='ltr'><strong>Saturnalia</strong></span> <span class='ocrx_word' id='word_1_148' title='bbox 799 2809 913 2843; x_wconf 91' lang='lat' dir='ltr'><strong>uno</strong></span> <span class='ocrx_word' id='word_1_149' title='bbox 939 2803 1146 2844; x_wconf 89' lang='lat' dir='ltr'><strong>tantum</strong></span> <span class='ocrx_word' id='word_1_150' title='bbox 1173 2787 1292 2854; x_wconf 89' lang='lat' dir='ltr'><strong>die,</strong></span> 
     </span>
     <span class='ocr_line' id='line_1_24' title="bbox 291 2867 1294 2941; baseline 0 -21"><span class='ocrx_word' id='word_1_151' title='bbox 291 2872 322 2921; x_wconf 88' lang='lat' dir='ltr'><strong>i.</strong></span> <span class='ocrx_word' id='word_1_152' title='bbox 350 2889 398 2921; x_wconf 90' lang='lat' dir='ltr'><strong>e.</strong></span> <span class='ocrx_word' id='word_1_153' title='bbox 426 2869 552 2922; x_wconf 80' lang='lat' dir='ltr'><strong>xlv</strong></span> <span class='ocrx_word' id='word_1_154' title='bbox 577 2867 697 2922; x_wconf 83' lang='lat' dir='ltr'><strong>Kal.</strong></span> <span class='ocrx_word' id='word_1_155' title='bbox 717 2869 1003 2941; x_wconf 81' lang='lat' dir='ltr'><strong>(Januar.)</strong></span> <span class='ocrx_word' id='word_1_156' title='bbox 1028 2869 1184 2932; x_wconf 79' lang='lat' dir='ltr'><strong>solita</strong></span> <span class='ocrx_word' id='word_1_157' title='bbox 1205 2888 1294 2921; x_wconf 90' lang='lat' dir='ltr'><strong>ce-</strong></span> 
     </span>
     <span class='ocr_line' id='line_1_25' title="bbox 290 2947 1293 3020; baseline 0.002 -22"><span class='ocrx_word' id='word_1_158' title='bbox 290 2947 514 3010; x_wconf 61' lang='lat' dir='ltr'><strong>lebr-ath</strong></span> <span class='ocrx_word' id='word_1_159' title='bbox 543 2947 638 3000; x_wconf 75' lang='lat' dir='ltr'><strong>sed</strong></span> <span class='ocrx_word' id='word_1_160' title='bbox 660 2962 786 3020; x_wconf 73' lang='lat' dir='ltr'><strong>post</strong></span> <span class='ocrx_word' id='word_1_161' title='bbox 819 2950 876 3001; x_wconf 92' lang='lat' dir='ltr'><strong>in</strong></span> <span class='ocrx_word' id='word_1_162' title='bbox 901 2948 1134 3002; x_wconf 88' lang='lat' dir='ltr'><strong>triduum</strong></span> <span class='ocrx_word' id='word_1_163' title='bbox 1164 2967 1293 3020; x_wconf 83' lang='lat' dir='ltr'><strong>pro·</strong></span> 
     </span>
     <span class='ocr_line' id='line_1_26' title="bbox 291 3028 1294 3102; baseline 0.001 -20"><span class='ocrx_word' id='word_1_164' title='bbox 291 3043 510 3100; x_wconf 68' lang='lat' dir='ltr'><strong>pagata,</strong></span> <span class='ocrx_word' id='word_1_165' title='bbox 535 3030 772 3102; x_wconf 84' lang='lat' dir='ltr'><strong>primum</strong></span> <span class='ocrx_word' id='word_1_166' title='bbox 795 3048 858 3082; x_wconf 81' lang='lat' dir='ltr'><strong>ex</strong></span> <span class='ocrx_word' id='word_1_167' title='bbox 877 3028 1097 3100; x_wconf 83' lang='lat' dir='ltr'><strong>adjectis</strong></span> <span class='ocrx_word' id='word_1_168' title='bbox 1126 3048 1156 3081; x_wconf 79' lang='lat' dir='ltr'><strong>a</strong></span> <span class='ocrx_word' id='word_1_169' title='bbox 1180 3031 1294 3083; x_wconf 76' lang='lat' dir='ltr'><strong>Cae-</strong></span> 
     </span>
     <span class='ocr_line' id='line_1_27' title="bbox 291 3106 1297 3175; baseline -0.001 -16"><span class='ocrx_word' id='word_1_170' title='bbox 291 3127 405 3160; x_wconf 74' lang='lat' dir='ltr'><strong>sare</strong></span> <span class='ocrx_word' id='word_1_171' title='bbox 426 3107 556 3159; x_wconf 81' lang='lat' dir='ltr'><strong>lmic</strong></span> <span class='ocrx_word' id='word_1_172' title='bbox 575 3109 746 3160; x_wconf 88' lang='lat' dir='ltr'><strong>mensi</strong></span> <span class='ocrx_word' id='word_1_173' title='bbox 763 3106 951 3161; x_wconf 79' lang='lat' dir='ltr'><strong>diebus</strong></span> <span class='ocrx_word' id='word_1_174' title='bbox 965 3146 982 3175; x_wconf 94' lang='lat'><strong>,</strong></span> <span class='ocrx_word' id='word_1_175' title='bbox 1012 3106 1209 3160; x_wconf 86' lang='lat' dir='ltr'><strong>deinde</strong></span> <span class='ocrx_word' id='word_1_176' title='bbox 1233 3125 1297 3159; x_wconf 84' lang='lat' dir='ltr'><strong>ex</strong></span> 
     </span>
     <span class='ocr_line' id='line_1_28' title="bbox 288 3185 1295 3259; baseline -0.002 -21"><span class='ocrx_word' id='word_1_177' title='bbox 288 3185 462 3238; x_wconf 80' lang='lat' dir='ltr'><strong>edicto</strong></span> <span class='ocrx_word' id='word_1_178' title='bbox 491 3185 750 3256; x_wconf 71' lang='lat' dir='ltr'><strong>Augusti,</strong></span> <span class='ocrx_word' id='word_1_179' title='bbox 781 3205 888 3259; x_wconf 91' lang='lat' dir='ltr'><strong>quo</strong></span> <span class='ocrx_word' id='word_1_180' title='bbox 909 3189 1068 3238; x_wconf 85' lang='lat' dir='ltr'><strong>trium</strong></span> <span class='ocrx_word' id='word_1_181' title='bbox 1091 3187 1295 3238; x_wconf 85' lang='lat' dir='ltr'><strong>dierum</strong></span> 
     </span>
     <span class='ocr_line' id='line_1_29' title="bbox 289 3263 1298 3319; baseline 0.001 -2"><span class='ocrx_word' id='word_1_182' title='bbox 289 3263 444 3318; x_wconf 66' lang='lat' dir='ltr'><strong>fierine</strong></span> <span class='ocrx_word' id='word_1_183' title='bbox 471 3264 844 3319; x_wconf 74' lang='lat' dir='ltr'><strong>Saturnalibus</strong></span> <span class='ocrx_word' id='word_1_184' title='bbox 872 3264 1089 3318; x_wconf 81' lang='lat' dir='ltr'><strong>addixit.</strong></span> <span class='ocrx_word' id='word_1_185' title='bbox 1113 3267 1156 3316; x_wconf 82' lang='lat' dir='ltr'>A</span> <span class='ocrx_word' id='word_1_186' title='bbox 1176 3267 1298 3318; x_wconf 82' lang='lat' dir='ltr'><strong>xVI</strong></span> 
     </span>
     <span class='ocr_line' id='line_1_30' title="bbox 291 3344 1296 3416; baseline -0.002 -18"><span class='ocrx_word' id='word_1_187' title='bbox 291 3347 447 3416; x_wconf 74' lang='lat' dir='ltr'><strong>igitur</strong></span> <span class='ocrx_word' id='word_1_188' title='bbox 469 3357 648 3416; x_wconf 76' lang='lat' dir='ltr'><strong>eoepta</strong></span> <span class='ocrx_word' id='word_1_189' title='bbox 671 3345 726 3396; x_wconf 88' lang='lat' dir='ltr'><strong>in</strong></span> <span class='ocrx_word' id='word_1_190' title='bbox 745 3345 865 3396; x_wconf 84' lang='lat' dir='ltr'><strong>XIV</strong></span> <span class='ocrx_word' id='word_1_191' title='bbox 885 3344 1160 3410; x_wconf 82' lang='lat' dir='ltr'><strong>desinunt,</strong></span> <span class='ocrx_word' id='word_1_192' title='bbox 1188 3363 1296 3416; x_wconf 88' lang='lat' dir='ltr'><strong>quo</strong></span> 
     </span>
     <span class='ocr_line' id='line_1_31' title="bbox 293 3421 1300 3475; baseline 0.001 -1"><span class='ocrx_word' id='word_1_193' title='bbox 293 3423 404 3474; x_wconf 71' lang='lat' dir='ltr'><strong>solo</strong></span> <span class='ocrx_word' id='word_1_194' title='bbox 441 3421 560 3475; x_wconf 72' lang='lat' dir='ltr'><strong>fien&#39;</strong></span> <span class='ocrx_word' id='word_1_195' title='bbox 593 3435 718 3474; x_wconf 81' lang='lat' dir='ltr'><strong>ante</strong></span> <span class='ocrx_word' id='word_1_196' title='bbox 751 3436 1166 3475; x_wconf 82' lang='lat' dir='ltr'><strong>consueverant:</strong></span> <span class='ocrx_word' id='word_1_197' title='bbox 1205 3421 1300 3475; x_wconf 86' lang='lat' dir='ltr'><strong>sed</strong></span> 
     </span>
     <span class='ocr_line' id='line_1_32' title="bbox 294 3501 1298 3574; baseline 0 -20"><span class='ocrx_word' id='word_1_198' title='bbox 294 3501 680 3574; x_wconf 69' lang='lat' dir='ltr'><strong>Siqt‘llan‘omm</strong></span> <span class='ocrx_word' id='word_1_199' title='bbox 712 3501 922 3572; x_wconf 79' lang='lat' dir='ltr'><strong>adjecta</strong></span> <span class='ocrx_word' id='word_1_200' title='bbox 944 3501 1221 3556; x_wconf 82' lang='lat' dir='ltr'><strong>celebritas</strong></span> <span class='ocrx_word' id='word_1_201' title='bbox 1244 3504 1298 3554; x_wconf 90' lang='lat' dir='ltr'><strong>in</strong></span> 
     </span>
     <span class='ocr_line' id='line_1_33' title="bbox 295 3579 1299 3652; baseline 0 -20"><span class='ocrx_word' id='word_1_202' title='bbox 295 3593 494 3652; x_wconf 72' lang='lat' dir='ltr'><strong>septem</strong></span> <span class='ocrx_word' id='word_1_203' title='bbox 537 3580 651 3632; x_wconf 83' lang='lat' dir='ltr'><strong>dies</strong></span> <span class='ocrx_word' id='word_1_204' title='bbox 687 3579 984 3634; x_wconf 82' lang='lat' dir='ltr'><strong>discursum</strong></span> <span class='ocrx_word' id='word_1_205' title='bbox 1024 3580 1299 3652; x_wconf 85' lang='lat' dir='ltr'><strong>publicum</strong></span> 
     </span>
     <span class='ocr_line' id='line_1_34' title="bbox 297 3657 1299 3731; baseline 0 -21"><span class='ocrx_word' id='word_1_206' title='bbox 297 3673 346 3710; x_wconf 88' lang='lat' dir='ltr'><strong>et</strong></span> <span class='ocrx_word' id='word_1_207' title='bbox 363 3658 595 3712; x_wconf 66' lang='lat' dir='ltr'><strong>letitiam</strong></span> <span class='ocrx_word' id='word_1_208' title='bbox 617 3657 887 3731; x_wconf 75' lang='lat' dir='ltr'><strong>religionis</strong></span> <span class='ocrx_word' id='word_1_209' title='bbox 907 3659 1157 3713; x_wconf 83' lang='lat' dir='ltr'><strong>extendit.</strong></span> <span class='ocrx_word' id='word_1_210' title='bbox 1172 3681 1195 3706; x_wconf 70' lang='lat' dir='ltr'><strong>a</strong></span> <span class='ocrx_word' id='word_1_211' title='bbox 1220 3659 1299 3711; x_wconf 90' lang='lat' dir='ltr'><strong>De</strong></span> 
     </span>
     <span class='ocr_line' id='line_1_35' title="bbox 299 3735 1298 3808; baseline 0.002 -20"><span class='ocrx_word' id='word_1_212' title='bbox 299 3738 498 3808; x_wconf 58' lang='lat' dir='ltr'><strong>ungine</strong></span> <span class='ocrx_word' id='word_1_213' title='bbox 523 3735 685 3806; x_wconf 83' lang='lat' dir='ltr'><strong>hujus</strong></span> <span class='ocrx_word' id='word_1_214' title='bbox 715 3738 837 3790; x_wconf 77' lang='lat' dir='ltr'><strong>festi</strong></span> <span class='ocrx_word' id='word_1_215' title='bbox 873 3750 927 3790; x_wconf 91' lang='lat' dir='ltr'><strong>et</strong></span> <span class='ocrx_word' id='word_1_216' title='bbox 955 3741 1185 3790; x_wconf 87' lang='lat' dir='ltr'><strong>nominis</strong></span> <span class='ocrx_word' id='word_1_217' title='bbox 1211 3757 1298 3790; x_wconf 83' lang='lat' dir='ltr'><strong>ex·</strong></span> 
     </span>
     <span class='ocr_line' id='line_1_36' title="bbox 303 3817 1298 3888; baseline 0 -21"><span class='ocrx_word' id='word_1_218' title='bbox 303 3818 449 3886; x_wconf 85' lang='lat' dir='ltr'><strong>pouit</strong></span> <span class='ocrx_word' id='word_1_219' title='bbox 501 3820 618 3888; x_wconf 73' lang='lat' dir='ltr'><strong>ipse</strong></span> <span class='ocrx_word' id='word_1_220' title='bbox 634 3855 653 3883; x_wconf 94' lang='lat'><strong>,</strong></span> <span class='ocrx_word' id='word_1_221' title='bbox 708 3835 825 3888; x_wconf 79' lang='lat' dir='ltr'><strong>cap.</strong></span> <span class='ocrx_word' id='word_1_222' title='bbox 886 3833 904 3867; x_wconf 85' lang='lat'>1</span> <span class='ocrx_word' id='word_1_223' title='bbox 923 3835 964 3868; x_wconf 90' lang='grc' dir='ltr'><strong>ι.</strong></span> <span class='ocrx_word' id='word_1_224' title='bbox 1017 3817 1262 3870; x_wconf 87' lang='lat' dir='ltr'><strong>Ceterum</strong></span> <span class='ocrx_word' id='word_1_225' title='bbox 1281 3855 1298 3882; x_wconf 90' lang='lat'>‚</span> 
     </span>
     <span class='ocr_line' id='line_1_37' title="bbox 217 3894 1299 3963; baseline 0 -17"><span class='ocrx_word' id='word_1_226' title='bbox 217 3929 226 3940; x_wconf 87' lang='lat'>-</span> <span class='ocrx_word' id='word_1_227' title='bbox 301 3894 620 3948; x_wconf 82' lang='lat' dir='ltr'><strong>contumelia</strong></span> <span class='ocrx_word' id='word_1_228' title='bbox 669 3899 722 3947; x_wconf 88' lang='lat' dir='ltr'><strong>in</strong></span> <span class='ocrx_word' id='word_1_229' title='bbox 770 3915 834 3948; x_wconf 90' lang='lat' dir='ltr'><strong>eo</strong></span> <span class='ocrx_word' id='word_1_230' title='bbox 886 3897 1112 3948; x_wconf 85' lang='lat' dir='ltr'><strong>maxima</strong></span> <span class='ocrx_word' id='word_1_231' title='bbox 1159 3895 1261 3947; x_wconf 79' lang='lat' dir='ltr'><strong>fuit</strong></span> <span class='ocrx_word' id='word_1_232' title='bbox 1283 3934 1299 3963; x_wconf 90' lang='lat'><strong>,</strong></span> 
     </span>
     <span class='ocr_line' id='line_1_38' title="bbox 215 3970 1300 4048; baseline -0.002 -19"><span class='ocrx_word' id='word_1_233' title='bbox 215 3970 222 3976; x_wconf 53' lang='lat'><strong>⁴</strong></span> <span class='ocrx_word' id='word_1_234' title='bbox 303 3976 446 4048; x_wconf 80' lang='lat' dir='ltr'><strong>quod</strong></span> <span class='ocrx_word' id='word_1_235' title='bbox 473 3979 843 4047; x_wconf 73' lang='lat' dir='ltr'><strong>magistratum</strong></span> <span class='ocrx_word' id='word_1_236' title='bbox 870 3978 1068 4048; x_wconf 86' lang='lat' dir='ltr'><strong>petenti</strong></span> <span class='ocrx_word' id='word_1_237' title='bbox 1095 3975 1164 4028; x_wconf 82' lang='lat' dir='ltr'><strong>ad</strong></span> <span class='ocrx_word' id='word_1_238' title='bbox 1187 3993 1300 4027; x_wconf 79' lang='lat' dir='ltr'><strong>ser-</strong></span> 
     </span>
     <span class='ocr_line' id='line_1_39' title="bbox 301 4055 1303 4128; baseline 0.001 -23"><span class='ocrx_word' id='word_1_239' title='bbox 301 4075 484 4108; x_wconf 78' lang='lat' dir='ltr'><strong>vorum</strong></span> <span class='ocrx_word' id='word_1_240' title='bbox 520 4073 918 4128; x_wconf 77' lang='lat' dir='ltr'><strong>puerorumque</strong></span> <span class='ocrx_word' id='word_1_241' title='bbox 953 4055 1100 4108; x_wconf 76' lang='lat' dir='ltr'><strong>lusus</strong></span> <span class='ocrx_word' id='word_1_242' title='bbox 1137 4073 1303 4126; x_wconf 86' lang='lat' dir='ltr'><strong>pecu-</strong></span> 
     </span>
     <span class='ocr_line' id='line_1_40' title="bbox 305 4147 628 4186; baseline 0.003 -2"><span class='ocrx_word' id='word_1_243' title='bbox 305 4151 444 4185; x_wconf 75' lang='lat' dir='ltr'><strong>nta-</strong></span> <span class='ocrx_word' id='word_1_244' title='bbox 471 4147 628 4186; x_wconf 77' lang='lat' dir='ltr'><strong>munt.</strong></span> 
     </span>
    </p>

    <p class='ocr_par' dir='ltr' id='par_1_11' title="bbox 381 4213 1302 4284">
     <span class='ocr_line' id='line_1_41' title="bbox 381 4213 1302 4284; baseline 0 -18"><span class='ocrx_word' id='word_1_245' title='bbox 381 4231 425 4266; x_wconf 65' lang='grc' dir='ltr'><strong>π.</strong></span> <span class='ocrx_word' id='word_1_246' title='bbox 461 4215 792 4278; x_wconf 52' lang='lat' dir='ltr'><strong>Suburbium</strong></span> <span class='ocrx_word' id='word_1_247' title='bbox 812 4213 1134 4269; x_wconf 76' lang='lat' dir='ltr'><strong>substantive</strong></span> <span class='ocrx_word' id='word_1_248' title='bbox 1157 4215 1302 4284; x_wconf 81' lang='lat' dir='ltr'><strong>posi-</strong></span> 
     </span>
    </p>
   </div>
   <div class='ocr_carea' id='block_1_10' title="bbox 1377 2234 2401 4281">
    <p class='ocr_par' dir='ltr' id='par_1_12' title="bbox 1377 2234 2379 2311">
     <span class='ocr_line' id='line_1_42' title="bbox 1377 2234 2379 2311; baseline -0.002 -22"><span class='ocrx_word' id='word_1_249' title='bbox 1377 2252 1488 2291; x_wconf 89' lang='lat' dir='ltr'><strong>tum</strong></span> <span class='ocrx_word' id='word_1_250' title='bbox 1513 2237 1765 2311; x_wconf 76' lang='lat' dir='ltr'><strong>intellige.</strong></span> <span class='ocrx_word' id='word_1_251' title='bbox 1791 2237 1873 2291; x_wconf 83' lang='lat' dir='ltr'><strong>Al.</strong></span> <span class='ocrx_word' id='word_1_252' title='bbox 1889 2238 2177 2292; x_wconf 77' lang='lat' dir='ltr'><strong>suburbana</strong></span> <span class='ocrx_word' id='word_1_253' title='bbox 2206 2234 2379 2288; x_wconf 84' lang='lat' dir='ltr'><strong>domo.</strong></span> 
     </span>
    </p>

    <p class='ocr_par' dir='ltr' id='par_1_13' title="bbox 1377 2314 2387 3004">
     <span class='ocr_line' id='line_1_43' title="bbox 1449 2314 2381 2372; baseline -0.004 -3"><span class='ocrx_word' id='word_1_254' title='bbox 1449 2316 1499 2369; x_wconf 82' lang='lat'><strong>3.</strong></span> <span class='ocrx_word' id='word_1_255' title='bbox 1538 2318 1625 2369; x_wconf 77' lang='lat' dir='ltr'><strong>Ex</strong></span> <span class='ocrx_word' id='word_1_256' title='bbox 1646 2316 1982 2372; x_wconf 63' lang='lat' dir='ltr'><strong>‚cannabemio</strong></span> <span class='ocrx_word' id='word_1_257' title='bbox 2012 2314 2381 2369; x_wconf 67' lang='lat' dir='ltr'><strong>sordidissimo-</strong></span> 
     </span>
     <span class='ocr_line' id='line_1_44' title="bbox 1377 2392 2383 2455; baseline -0.006 -6"><span class='ocrx_word' id='word_1_258' title='bbox 1377 2414 1492 2449; x_wconf 79' lang='lat' dir='ltr'><strong>rum</strong></span> <span class='ocrx_word' id='word_1_259' title='bbox 1518 2395 1807 2447; x_wconf 74' lang='lat' dir='ltr'><strong>hominum.</strong></span> <span class='ocrx_word' id='word_1_260' title='bbox 1836 2394 2005 2447; x_wconf 82' lang='lat' dir='ltr'><strong>Tacit.</strong></span> <span class='ocrx_word' id='word_1_261' title='bbox 2035 2392 2225 2445; x_wconf 79' lang='lat' dir='ltr'><strong>Annnl.</strong></span> <span class='ocrx_word' id='word_1_262' title='bbox 2252 2393 2350 2444; x_wconf 81' lang='grc' dir='ltr'><strong>ΧΠ</strong></span> <span class='ocrx_word' id='word_1_263' title='bbox 2364 2428 2383 2455; x_wconf 92' lang='lat'><strong>,</strong></span> 
     </span>
     <span class='ocr_line' id='line_1_45' title="bbox 1379 2472 2382 2547; baseline -0.007 -18"><span class='ocrx_word' id='word_1_264' title='bbox 1379 2477 1474 2547; x_wconf 75' lang='grc'><strong>49,</strong></span> <span class='ocrx_word' id='word_1_265' title='bbox 1494 2496 1517 2522; x_wconf 73' lang='grc' dir='ltr'><strong>α</strong></span> <span class='ocrx_word' id='word_1_266' title='bbox 1534 2477 1659 2528; x_wconf 83' lang='lat' dir='ltr'><strong>Erat</strong></span> <span class='ocrx_word' id='word_1_267' title='bbox 1675 2472 2025 2544; x_wconf 67' lang='lat' dir='ltr'><strong>Cappadociae</strong></span> <span class='ocrx_word' id='word_1_268' title='bbox 2044 2474 2382 2537; x_wconf 82' lang='lat' dir='ltr'><strong>Procurator,</strong></span> 
     </span>
     <span class='ocr_line' id='line_1_46' title="bbox 1379 2551 2385 2624; baseline -0.007 -16"><span class='ocrx_word' id='word_1_269' title='bbox 1379 2555 1551 2608; x_wconf 77' lang='lat' dir='ltr'><strong>Julius</strong></span> <span class='ocrx_word' id='word_1_270' title='bbox 1584 2553 1865 2624; x_wconf 76' lang='lat' dir='ltr'><strong>Pelignus,</strong></span> <span class='ocrx_word' id='word_1_271' title='bbox 1900 2553 2075 2622; x_wconf 70' lang='lat' dir='ltr'><strong>ignavi</strong></span> <span class='ocrx_word' id='word_1_272' title='bbox 2110 2551 2305 2617; x_wconf 84' lang='lat' dir='ltr'><strong>animi,</strong></span> <span class='ocrx_word' id='word_1_273' title='bbox 2332 2564 2385 2602; x_wconf 85' lang='lat' dir='ltr'><strong>et</strong></span> 
     </span>
     <span class='ocr_line' id='line_1_47' title="bbox 1381 2628 2387 2702; baseline -0.006 -16"><span class='ocrx_word' id='word_1_274' title='bbox 1381 2631 1676 2686; x_wconf 83' lang='lat' dir='ltr'><strong>deridiculo</strong></span> <span class='ocrx_word' id='word_1_275' title='bbox 1725 2633 1965 2702; x_wconf 86' lang='lat' dir='ltr'><strong>corporis</strong></span> <span class='ocrx_word' id='word_1_276' title='bbox 2008 2634 2163 2702; x_wconf 76' lang='lat' dir='ltr'><strong>juxta</strong></span> <span class='ocrx_word' id='word_1_277' title='bbox 2208 2628 2387 2700; x_wconf 81' lang='lat' dir='ltr'><strong>despi-</strong></span> 
     </span>
     <span class='ocr_line' id='line_1_48' title="bbox 1381 2709 2387 2782; baseline -0.004 -16"><span class='ocrx_word' id='word_1_278' title='bbox 1381 2712 1635 2774; x_wconf 77' lang='lat' dir='ltr'><strong>ciendu33</strong></span> <span class='ocrx_word' id='word_1_279' title='bbox 1660 2709 1755 2764; x_wconf 81' lang='lat' dir='ltr'><strong>sed</strong></span> <span class='ocrx_word' id='word_1_280' title='bbox 1775 2709 2001 2765; x_wconf 83' lang='lat' dir='ltr'><strong>Claudio</strong></span> <span class='ocrx_word' id='word_1_281' title='bbox 2024 2726 2283 2782; x_wconf 82' lang='lat' dir='ltr'><strong>perquam</strong></span> <span class='ocrx_word' id='word_1_282' title='bbox 2304 2709 2387 2762; x_wconf 81' lang='lat' dir='ltr'><strong>fa-</strong></span> 
     </span>
     <span class='ocr_line' id='line_1_49' title="bbox 1381 2789 2387 2865; baseline -0.002 -21"><span class='ocrx_word' id='word_1_283' title='bbox 1381 2792 1627 2859; x_wconf 80' lang='lat' dir='ltr'><strong>miliaris,</strong></span> <span class='ocrx_word' id='word_1_284' title='bbox 1656 2809 1817 2865; x_wconf 81' lang='lat' dir='ltr'><strong>quum</strong></span> <span class='ocrx_word' id='word_1_285' title='bbox 1840 2791 2073 2863; x_wconf 77' lang='lat' dir='ltr'><strong>privatus</strong></span> <span class='ocrx_word' id='word_1_286' title='bbox 2104 2789 2233 2842; x_wconf 72' lang='lat' dir='ltr'><strong>olim</strong></span> <span class='ocrx_word' id='word_1_287' title='bbox 2261 2807 2387 2842; x_wconf 81' lang='lat' dir='ltr'><strong>con-</strong></span> 
     </span>
     <span class='ocr_line' id='line_1_50' title="bbox 1383 2868 2386 2926; baseline -0.006 0"><span class='ocrx_word' id='word_1_288' title='bbox 1383 2873 1667 2926; x_wconf 74' lang='lat' dir='ltr'><strong>venatione</strong></span> <span class='ocrx_word' id='word_1_289' title='bbox 1711 2887 2001 2923; x_wconf 80' lang='lat' dir='ltr'><strong>scurrarum</strong></span> <span class='ocrx_word' id='word_1_290' title='bbox 2046 2868 2182 2922; x_wconf 68' lang='lat' dir='ltr'><strong>iners</strong></span> <span class='ocrx_word' id='word_1_291' title='bbox 2220 2870 2386 2921; x_wconf 69' lang='lat' dir='ltr'><strong>otium</strong></span> 
     </span>
     <span class='ocr_line' id='line_1_51' title="bbox 1381 2949 1721 3004; baseline -0.015 0"><span class='ocrx_word' id='word_1_292' title='bbox 1381 2949 1671 3004; x_wconf 82' lang='lat' dir='ltr'><strong>oblectaret.</strong></span> <span class='ocrx_word' id='word_1_293' title='bbox 1698 2974 1721 2998; x_wconf 72' lang='grc' dir='ltr'><strong><em>ι</em></strong></span> 
     </span>
    </p>

    <p class='ocr_par' dir='ltr' id='par_1_14' title="bbox 1382 3026 2386 3178">
     <span class='ocr_line' id='line_1_52' title="bbox 1455 3026 2386 3102; baseline -0.003 -21"><span class='ocrx_word' id='word_1_294' title='bbox 1455 3031 1509 3098; x_wconf 73' lang='grc'><strong>4.</strong></span> <span class='ocrx_word' id='word_1_295' title='bbox 1530 3029 1807 3082; x_wconf 73' lang='lat' dir='ltr'><strong>Ebrietatis</strong></span> <span class='ocrx_word' id='word_1_296' title='bbox 1820 3047 2027 3102; x_wconf 77' lang='lat' dir='ltr'><strong>quoque</strong></span> <span class='ocrx_word' id='word_1_297' title='bbox 2045 3039 2095 3079; x_wconf 85' lang='lat' dir='ltr'><strong>et</strong></span> <span class='ocrx_word' id='word_1_298' title='bbox 2116 3026 2263 3095; x_wconf 79' lang='lat' dir='ltr'><strong>aleoe,</strong></span> <span class='ocrx_word' id='word_1_299' title='bbox 2283 3039 2386 3080; x_wconf 86' lang='lat' dir='ltr'><strong>etc.</strong></span> 
     </span>
     <span class='ocr_line' id='line_1_53' title="bbox 1382 3107 1767 3178; baseline -0.003 -19"><span class='ocrx_word' id='word_1_300' title='bbox 1382 3107 1516 3160; x_wconf 82' lang='lat' dir='ltr'><strong>Vide</strong></span> <span class='ocrx_word' id='word_1_301' title='bbox 1536 3126 1654 3178; x_wconf 83' lang='lat' dir='ltr'><strong>cap.</strong></span> <span class='ocrx_word' id='word_1_302' title='bbox 1682 3107 1767 3160; x_wconf 87' lang='grc'><strong>33.</strong></span> 
     </span>
    </p>

    <p class='ocr_par' dir='ltr' id='par_1_15' title="bbox 1386 3185 2401 4281">
     <span class='ocr_line' id='line_1_54' title="bbox 1453 3185 2384 3256; baseline 0 -20"><span class='ocrx_word' id='word_1_303' title='bbox 1453 3188 1543 3238; x_wconf 88' lang='lat' dir='ltr'><strong>v1.</strong></span> <span class='ocrx_word' id='word_1_304' title='bbox 1580 3202 1622 3237; x_wconf 83' lang='lat' dir='ltr'><strong>t.</strong></span> <span class='ocrx_word' id='word_1_305' title='bbox 1658 3186 1827 3256; x_wconf 80' lang='lat' dir='ltr'><strong>Quum</strong></span> <span class='ocrx_word' id='word_1_306' title='bbox 1854 3185 2062 3237; x_wconf 73' lang='lat' dir='ltr'><strong>interim</strong></span> <span class='ocrx_word' id='word_1_307' title='bbox 2066 3221 2211 3236; x_wconf 92' lang='grc'><strong>.....</strong></span> <span class='ocrx_word' id='word_1_308' title='bbox 2244 3205 2384 3237; x_wconf 73' lang='lat' dir='ltr'><strong>nun-</strong></span> 
     </span>
     <span class='ocr_line' id='line_1_55' title="bbox 1386 3263 2389 3340; baseline -0.002 -22"><span class='ocrx_word' id='word_1_309' title='bbox 1386 3285 1623 3340; x_wconf 63' lang='lat' dir='ltr'><strong>qmmm.</strong></span> <span class='ocrx_word' id='word_1_310' title='bbox 1642 3265 1830 3337; x_wconf 77' lang='lat' dir='ltr'><strong>defuit.</strong></span> <span class='ocrx_word' id='word_1_311' title='bbox 1852 3263 2016 3316; x_wconf 81' lang='lat' dir='ltr'><strong>Nolui</strong></span> <span class='ocrx_word' id='word_1_312' title='bbox 2038 3283 2162 3316; x_wconf 88' lang='lat' dir='ltr'><strong>cum</strong></span> <span class='ocrx_word' id='word_1_313' title='bbox 2186 3265 2389 3316; x_wconf 87' lang='lat' dir='ltr'><strong>Bremio</strong></span> 
     </span>
     <span class='ocr_line' id='line_1_56' title="bbox 1388 3343 2389 3415; baseline -0.004 -17"><span class='ocrx_word' id='word_1_314' title='bbox 1388 3359 1442 3398; x_wconf 89' lang='lat' dir='ltr'><strong>et</strong></span> <span class='ocrx_word' id='word_1_315' title='bbox 1454 3345 1654 3398; x_wconf 80' lang='lat' dir='ltr'><strong>Wolfio</strong></span> <span class='ocrx_word' id='word_1_316' title='bbox 1674 3343 1778 3396; x_wconf 88' lang='lat' dir='ltr'><strong>hoc</strong></span> <span class='ocrx_word' id='word_1_317' title='bbox 1800 3361 2003 3395; x_wconf 76' lang='lat' dir='ltr'><strong>comma</strong></span> <span class='ocrx_word' id='word_1_318' title='bbox 2024 3345 2281 3415; x_wconf 82' lang='lat' dir='ltr'><strong>superiori</strong></span> <span class='ocrx_word' id='word_1_319' title='bbox 2302 3361 2389 3394; x_wconf 78' lang='lat' dir='ltr'><strong>ca-</strong></span> 
     </span>
     <span class='ocr_line' id='line_1_57' title="bbox 1387 3426 2390 3496; baseline -0.001 -20"><span class='ocrx_word' id='word_1_320' title='bbox 1387 3426 1486 3496; x_wconf 89' lang='lat' dir='ltr'><strong>piti</strong></span> <span class='ocrx_word' id='word_1_321' title='bbox 1519 3439 1782 3490; x_wconf 81' lang='lat' dir='ltr'><strong>attexere,</strong></span> <span class='ocrx_word' id='word_1_322' title='bbox 1816 3441 1978 3496; x_wconf 85' lang='lat' dir='ltr'><strong>quum</strong></span> <span class='ocrx_word' id='word_1_323' title='bbox 2005 3441 2203 3476; x_wconf 84' lang='lat' dir='ltr'><strong>novum</strong></span> <span class='ocrx_word' id='word_1_324' title='bbox 2233 3441 2390 3495; x_wconf 78' lang='lat' dir='ltr'><strong>argu-</strong></span> 
     </span>
     <span class='ocr_line' id='line_1_58' title="bbox 1389 3501 2391 3572; baseline -0.002 -16"><span class='ocrx_word' id='word_1_325' title='bbox 1389 3515 1654 3567; x_wconf 84' lang='lat' dir='ltr'><strong>mentum,</strong></span> <span class='ocrx_word' id='word_1_326' title='bbox 1682 3501 1749 3553; x_wconf 91' lang='lat' dir='ltr'><strong>de</strong></span> <span class='ocrx_word' id='word_1_327' title='bbox 1777 3521 1886 3572; x_wconf 88' lang='lat' dir='ltr'><strong>quo</strong></span> <span class='ocrx_word' id='word_1_328' title='bbox 1914 3515 2105 3554; x_wconf 86' lang='lat' dir='ltr'><strong>auctor</strong></span> <span class='ocrx_word' id='word_1_329' title='bbox 2126 3519 2391 3572; x_wconf 83' lang='lat' dir='ltr'><strong>exponere</strong></span> 
     </span>
     <span class='ocr_line' id='line_1_59' title="bbox 1387 3579 2390 3654; baseline -0.001 -19"><span class='ocrx_word' id='word_1_330' title='bbox 1387 3585 1602 3654; x_wconf 85' lang='lat' dir='ltr'><strong>incipit,</strong></span> <span class='ocrx_word' id='word_1_331' title='bbox 1626 3579 1947 3649; x_wconf 75' lang='lat' dir='ltr'><strong>exordiatur,</strong></span> <span class='ocrx_word' id='word_1_332' title='bbox 1972 3598 2146 3652; x_wconf 79' lang='lat' dir='ltr'><strong>neque</strong></span> <span class='ocrx_word' id='word_1_333' title='bbox 2166 3597 2251 3631; x_wconf 88' lang='lat' dir='ltr'><strong>me</strong></span> <span class='ocrx_word' id='word_1_334' title='bbox 2280 3599 2390 3634; x_wconf 88' lang='lat' dir='ltr'><strong>mo-</strong></span> 
     </span>
     <span class='ocr_line' id='line_1_60' title="bbox 1387 3655 2391 3732; baseline -0.003 -17"><span class='ocrx_word' id='word_1_335' title='bbox 1387 3674 1506 3727; x_wconf 79' lang='lat' dir='ltr'><strong>vet,</strong></span> <span class='ocrx_word' id='word_1_336' title='bbox 1537 3659 1682 3732; x_wconf 87' lang='lat' dir='ltr'><strong>quod</strong></span> <span class='ocrx_word' id='word_1_337' title='bbox 1717 3655 1943 3716; x_wconf 57' lang='grc' dir='ltr'><strong>ἐπὸἒοσις</strong></span> <span class='ocrx_word' id='word_1_338' title='bbox 1974 3658 2139 3711; x_wconf 80' lang='lat' dir='ltr'><strong>deest.</strong></span> <span class='ocrx_word' id='word_1_339' title='bbox 2169 3657 2391 3712; x_wconf 88' lang='lat' dir='ltr'><strong>Senten-</strong></span> 
     </span>
     <span class='ocr_line' id='line_1_61' title="bbox 1392 3737 2391 3812; baseline 0.001 -20"><span class='ocrx_word' id='word_1_340' title='bbox 1392 3742 1462 3792; x_wconf 82' lang='lat' dir='ltr'><strong>tia</strong></span> <span class='ocrx_word' id='word_1_341' title='bbox 1493 3741 1635 3792; x_wconf 89' lang='lat' dir='ltr'><strong>enim</strong></span> <span class='ocrx_word' id='word_1_342' title='bbox 1661 3757 1783 3792; x_wconf 87' lang='lat' dir='ltr'><strong>cum</strong></span> <span class='ocrx_word' id='word_1_343' title='bbox 1816 3737 2179 3812; x_wconf 72' lang='lat' dir='ltr'><strong>superioribus</strong></span> <span class='ocrx_word' id='word_1_344' title='bbox 2216 3737 2391 3793; x_wconf 86' lang='lat' dir='ltr'><strong>adhuc</strong></span> 
     </span>
     <span class='ocr_line' id='line_1_62' title="bbox 1389 3821 2391 3891; baseline 0 -19"><span class='ocrx_word' id='word_1_345' title='bbox 1389 3834 1468 3872; x_wconf 86' lang='lat' dir='ltr'><strong>est</strong></span> <span class='ocrx_word' id='word_1_346' title='bbox 1521 3822 1807 3890; x_wconf 82' lang='lat' dir='ltr'><strong>conjuncta</strong></span> <span class='ocrx_word' id='word_1_347' title='bbox 1829 3858 1846 3886; x_wconf 89' lang='lat'><strong>,</strong></span> <span class='ocrx_word' id='word_1_348' title='bbox 1896 3821 2180 3890; x_wconf 67' lang='lat' dir='ltr'><strong>praesertim</strong></span> <span class='ocrx_word' id='word_1_349' title='bbox 2228 3837 2391 3891; x_wconf 87' lang='lat' dir='ltr'><strong>quum</strong></span> 
     </span>
     <span class='ocr_line' id='line_1_63' title="bbox 1390 3899 2391 3971; baseline 0.001 -21"><span class='ocrx_word' id='word_1_350' title='bbox 1390 3899 1593 3971; x_wconf 86' lang='lat' dir='ltr'><strong>antiqui</strong></span> <span class='ocrx_word' id='word_1_351' title='bbox 1643 3900 1924 3968; x_wconf 80' lang='lat' dir='ltr'><strong>scriptores</strong></span> <span class='ocrx_word' id='word_1_352' title='bbox 1980 3899 2155 3968; x_wconf 83' lang='lat' dir='ltr'><strong>capita</strong></span> <span class='ocrx_word' id='word_1_353' title='bbox 2208 3913 2391 3951; x_wconf 80' lang='lat' dir='ltr'><strong>nostro</strong></span> 
     </span>
     <span class='ocr_line' id='line_1_64' title="bbox 1391 3975 2391 4031; baseline 0.001 -2"><span class='ocrx_word' id='word_1_354' title='bbox 1391 3996 1538 4030; x_wconf 85' lang='lat' dir='ltr'><strong>more</strong></span> <span class='ocrx_word' id='word_1_355' title='bbox 1560 3977 1857 4031; x_wconf 84' lang='lat' dir='ltr'><strong>discernere</strong></span> <span class='ocrx_word' id='word_1_356' title='bbox 1880 3995 1989 4028; x_wconf 87' lang='lat' dir='ltr'><strong>non</strong></span> <span class='ocrx_word' id='word_1_357' title='bbox 2014 3975 2256 4029; x_wconf 84' lang='lat' dir='ltr'><strong>solerent.</strong></span> <span class='ocrx_word' id='word_1_358' title='bbox 2277 3977 2391 4031; x_wconf 83' lang='lat' dir='ltr'><strong>Pla·</strong></span> 
     </span>
     <span class='ocr_line' id='line_1_65' title="bbox 1391 4053 2391 4130; baseline 0.001 -21"><span class='ocrx_word' id='word_1_359' title='bbox 1391 4071 1476 4110; x_wconf 88' lang='lat' dir='ltr'><strong>cet</strong></span> <span class='ocrx_word' id='word_1_360' title='bbox 1514 4070 1724 4122; x_wconf 85' lang='lat' dir='ltr'><strong>tamen,</strong></span> <span class='ocrx_word' id='word_1_361' title='bbox 1766 4053 1909 4128; x_wconf 86' lang='lat' dir='ltr'><strong>qnod</strong></span> <span class='ocrx_word' id='word_1_362' title='bbox 1946 4069 2024 4106; x_wconf 80' lang='lat' dir='ltr'><strong>est</strong></span> <span class='ocrx_word' id='word_1_363' title='bbox 2060 4057 2113 4106; x_wconf 92' lang='lat' dir='ltr'><strong>in</strong></span> <span class='ocrx_word' id='word_1_364' title='bbox 2156 4059 2391 4130; x_wconf 75' lang='lat' dir='ltr'><strong>margine</strong></span> 
     </span>
     <span class='ocr_line' id='line_1_66' title="bbox 1391 4133 2401 4198; baseline 0 -10"><span class='ocrx_word' id='word_1_365' title='bbox 1391 4134 1771 4188; x_wconf 81' lang='lat' dir='ltr'><strong>nonnullorum</strong></span> <span class='ocrx_word' id='word_1_366' title='bbox 1821 4133 2075 4186; x_wconf 88' lang='lat' dir='ltr'><strong>librorum</strong></span> <span class='ocrx_word' id='word_1_367' title='bbox 2096 4171 2113 4198; x_wconf 95' lang='lat'><strong>,</strong></span> <span class='ocrx_word' id='word_1_368' title='bbox 2166 4135 2260 4188; x_wconf 66' lang='lat' dir='ltr'><strong>cun·</strong></span> <span class='ocrx_word' id='word_1_369' title='bbox 2308 4137 2401 4188; x_wconf 60' lang='grc' dir='ltr'><strong>ἔπιέ</strong></span> 
     </span>
     <span class='ocr_line' id='line_1_67' title="bbox 1393 4218 1705 4281; baseline 0 -15"><span class='ocrx_word' id='word_1_370' title='bbox 1393 4218 1539 4268; x_wconf 75' lang='lat' dir='ltr'><strong>terim</strong></span> <span class='ocrx_word' id='word_1_371' title='bbox 1557 4255 1575 4281; x_wconf 89' lang='lat'><strong>,</strong></span> <span class='ocrx_word' id='word_1_372' title='bbox 1606 4229 1705 4267; x_wconf 84' lang='lat' dir='ltr'><strong>etc.</strong></span> 
     </span>
    </p>
   </div>
  </div>
 </body>
</html>
