3050 5004
1085 546 1595 613 CALIGULA.
2308 574 2384 617 21

300 676 725 776 supplevit¹²:
769 699 856 742 ac
892 677 950 742 si
987 673 1234 769 quibus
1269 696 1478 766 regna
1509 676 1802 743 restituit
1819 729 1836 759 ,
1875 673 2123 769 adjecit
2156 693 2225 744 et
2256 679 2401 746 fru-

299 804 470 857 ctum
487 811 766 856 omnem
785 785 1298 877 vectigaliorum
1312 836 1331 863 ‚
1351 799 1421 851 et
1436 783 1797 853 reditum²³
1820 786 2026 855 medii
2043 792 2369 882 temporis
2384 843 2403 873 ,
2494 849 2511 871 2
2598 863 2609 875 ⁴

299 917 373 967 ut
385 897 712 967 Antiocho
731 902 1191 988 Commageno
1206 892 1258 945 ¹⁴
1277 898 1662 963 sestertium
1679 895 1923 965 millies
1943 898 2404 967 confiscatum.
2436 890 2479 951 -’““’
2495 923 2511 943 ⁶
2544 904 2582 948 2'
2598 931 2609 943 ·
2628 914 2647 935 ⁶
2670 909 2684 932 ⁶
2734 900 2764 935 c
2796 909 2813 929 ·'

297 1014 577 1106 Quoque
598 986 824 1101 magis¹
841 1006 1098 1077 nullius
1121 1029 1262 1073 non
1285 1005 1446 1073 boni
1475 1004 1767 1100 exempli
1793 1008 2017 1077 fautor
2037 1008 2405 1093 videretur,
2444 1039 2497 1101 z,-
2614 1037 2658 1107 *κ
2680 1054 2711 1087 ,.
2725 1057 2748 1096 7
2788 1072 2816 1098 .-
2915 1058 2924 1065 .
2952 1010 2965 1070 ζ

297 1118 558 1187 mulieri
605 1119 942 1187 libertinae
987 1120 1328 1209 octoginta
1379 1114 1659 1184 donavit
1675 1136 1693 1166 ¹
1718 1170 1735 1201 ‚
1790 1116 1975 1215 quod
2028 1122 2431 1189 excruciata.

299 1333 328 1365 a
349 1316 535 1367 Patino
558 1313 835 1387 prolatus,
858 1314 919 1369 C.
939 1290 1156 1369 (ἕπεται-ξε
1175 1314 1310 1367 Con·
1392 1312 1545 1389 yala'a
1563 1313 1811 1386 publicos
1830 1334 1947 1371 esse
1964 1314 2198 1385 reditus,
2216 1318 2410 1371 reditus

299 1393 422 1447 salis
447 1394 552 1460 111,
579 1395 639 1445 in
665 1412 774 1465 quo
797 1392 978 1446 medio
1001 1406 1126 1447 sunt
1149 1391 1309 1444 literae

300 1476 358 1527 n.
371 1473 474 1528 αἶ.
491 1473 602 1525 hoc
617 1484 697 1526 est
715 1474 924 1527 missa
942 1473 1308 1539 ducentesima,

295 1555 412 1622 jure
433 1564 744 1603 statuerunt
763 1550 918 1620 (vide
939 1550 1100 1625 Ryck.
1123 1549 1194 1605 ad
1211 1552 1310 1602 Ta-

300 1633 384 1683 cit.
403 1631 453 1681 11
466 1668 486 1697 ,
503 1630 574 1697 42
591 1668 610 1698 ,
631 1644 684 1682 et
701 1630 910 1683 Fabric.
932 1631 1003 1683 ad
1019 1632 1176 1683 Dion.
1195 1631 1308 1697 LV,

301 1713 359 1765 31
375 1712 674 1778 ,etLvu1,
694 1710 1310 1784 16)viridocti,Caligu-

302 1790 404 1843 lam
430 1793 581 1861 prius
609 1790 1028 1845 ducentesimam
1058 1809 1158 1863 pro
1187 1808 1313 1842 cen-

303 1872 480 1923 tesima
515 1871 841 1938 restituisse,
868 1884 1060 1942 postea
1087 1884 1142 1923 et
1167 1868 1311 1923 illam

303 1954 623 2025 abrogasse,
649 1950 717 2004 de
740 1954 922 2024 priore
940 1951 1032 2004 illo
1051 1951 1310 2004 beneficio

304 2032 658 2103 intelligentes
679 2032 839 2085 verba
857 2033 1072 2098 Dionis,
1089 2032 1233 2100 LIX,
1252 2049 1314 2101 9,

303 2110 380 2163 u)
401 2108 456 2163 eti
488 2108 626 2167 τίλας
653 2110 734 2167 eric
768 2109 1020 2168 n‘moovrio'e
1049 2108 1276 2163 amianas
1295 2150 1314 2179 ,

305 2188 500 2260 quibus
536 2192 795 2243 commoti
828 2189 1063 2242 Turneb.
1092 2188 1313 2243 Advers.

301 2268 531 2335 xxva,
557 2285 652 2334 ao,
674 2269 820 2341 Lips.
845 2269 916 2322 ad
932 2270 1102 2323 Tacit.
1119 2273 1192 2338 11,
1216 2270 1314 2339 42,

303 2347 538 2400 Casaub.
570 2347 641 2400 ad
669 2348 727 2401 h.
758 2348 794 2401 l.
829 2348 1238 2404 emendaverant
1259 2351 1314 2401 in

303 2428 502 2481 Nostro
517 2429 877 2481 Centesimum.
893 2432 1141 2483 Fortasse
1157 2431 1318 2484 etiam

303 2509 405 2559 nio
433 2507 544 2560 hoc
567 2508 690 2561 loco
723 2522 900 2561 totum
921 2509 1192 2582 vectigalis
1220 2528 1317 2582 ge-

303 2605 406 2640 nus
425 2590 649 2640 omnino
672 2588 922 2645 tamon&-
943 2591 1160 2642 nomine
1179 2588 1317 2642 desi-

301 2669 504 2737 gnavit.
533 2666 782 2722 Ceterum
799 2705 816 2733 ,
839 2669 910 2719 cf.
935 2669 1221 2720 Burmann.
1249 2666 1317 2721 de

305 2745 570 2817 Vectigal.
589 2765 708 2818 cap.
729 2749 788 2815 5,
813 2745 1118 2799 Casauboni
1136 2759 1315 2799 tamen

301 2826 698 2876 correctionem
727 2825 1130 2897 approbantem.

381 2921 400 2954 ι
417 2920 468 2955 2.
505 2902 718 2956 Multis.
734 2942 774 2956 ..
791 2945 803 2956 .
822 2904 1098 2978 supplevit.
1126 2906 1260 2971 Dio,
1278 2905 1316 2956 l.

302 3001 347 3033 e.
365 2983 655 3049 Ceterum,
677 2983 897 3036 verbum
915 2984 1154 3057 supplere
1173 2983 1320 3036 haud

303 3059 620 3132 mpliciter
639 3060 986 3116 donationem
1005 3063 1322 3134 significare,

303 3155 360 3194 nt
389 3141 604 3192 Ernest.
637 3141 705 3194 ad
731 3141 788 3194 h.
818 3141 853 3194 l.
879 3140 1188 3207 contendit,
1227 3138 1323 3194 sed

303 3239 428 3272 eam
441 3257 459 3286 ‚
477 3238 585 3291 qua
601 3219 944 3292 suppeditato
958 3260 975 3288 ,
989 3219 1138 3292 quod
1152 3219 1324 3286 deest,

301 3301 355 3351 in
375 3311 586 3351 statum
603 3300 864 3371 integrum
883 3301 1075 3372 aliquis
1092 3301 1323 3353 restitui-

301 3393 422 3443 tur,
453 3389 602 3430 recte
623 3376 783 3431 docet
805 3378 1071 3431 Walther.
1096 3378 1322 3432 Observ.

301 3475 430 3528 pag.
449 3475 514 3508 ιιι
539 3493 555 3518 ,
573 3475 748 3528 neque
766 3460 1029 3530 potuisset
1042 3459 1117 3509 ita
1135 3477 1166 3512 a
1179 3455 1326 3510 verbi

303 3553 502 3592 natura
533 3538 726 3591 recedi.

383 3617 470 3670 13.
487 3617 568 3669 Et
571 3617 876 3688 fructum
895 3627 946 3670 et
963 3619 1202 3684 reditum,
1219 3632 1324 3672 etc.

305 3698 510 3750 Veram
535 3696 696 3748 credo
723 3697 954 3750 Ernestii
981 3700 1325 3763 sententiam,

305 3777 400 3848 qni
415 3775 816 3849 veetiyaliomm
826 3776 1069 3848 fructum
1083 3775 1328 3848 intelligit

305 3859 601 3929 pecuniam
621 3892 639 3920 ‚
677 3875 790 3930 quae
815 3861 960 3912 venit
988 3879 1017 3910 e
1043 3861 1294 3933 portoriis
1310 3896 1328 3925 ,

303 3939 556 3994 &cumis
575 3975 592 4004 ,
641 3941 900 4010 scriptura
920 3979 937 4008 ‚
986 3954 1088 3993 etc.
1141 3941 1330 3993 reditus

305 4039 432 4071 eam
449 4057 469 4084 ,
499 4035 618 4088 (με
645 4037 676 4070 e
699 4018 926 4072 metallis
954 4022 1138 4091 regiis,
1166 4018 1330 4071 tribu·

308 4101 408 4163 tis,
449 4111 556 4150 etc.
603 4109 764 4172 atque
803 4096 994 4150 eodem
1039 4100 1150 4150 fere
1193 4097 1331 4151 redit

309 4177 566 4231 Ber-oaldi
583 4181 952 4249 interpretatio
963 4217 980 4245 ,
1005 4196 1330 4252 quamquam

313 4258 651 4330 reprehensa
671 4257 740 4309 ab
755 4261 994 4313 Ernestio
1007 4297 1024 4323 ,
1045 4277 1150 4331 qua
1174 4261 1330 4312 vecti-

1396 1395 1601 1465 privata
1620 1392 1895 1467 vectigalia
1917 1394 2064 1449 dicit.
2084 1398 2297 1450 Nostris
2316 1396 2409 1450 ad-

1397 1472 1506 1527 huc
1534 1475 1868 1546 temporibus
1900 1475 2276 1547 distinguimus
2307 1496 2412 1549 pu-

1397 1552 1569 1607 blicos
1611 1567 1666 1607 et
1704 1557 1943 1626 privatos
1983 1574 2169 1626 regum
2205 1556 2412 1609 reditus

1398 1632 1490 1703 (la
1514 1633 1631 1687 liste
1651 1633 1812 1687 civile
1841 1646 1895 1688 et
1921 1634 1973 1687 le
1994 1636 2241 1690 demaine
2266 1638 2330 1691 de
2358 1637 2415 1691 la

1399 1713 1710 1785 cour-onae).
1732 1712 1960 1768 Wolfius
1978 1714 2175 1785 probat
2192 1715 2415 1770 alteram

1398 1790 1686 1846 lectionem
1711 1793 1989 1848 redituum.

1479 1874 1561 1941 ¹4·
1619 1874 1689 1926 Ut
1722 1874 1987 1928 Antiocho
2027 1876 2377 1949 Commageno
2395 1898 2417 1939 ,-

1402 1950 1659 2003 Antiochi
1678 1990 1697 2020 ,
1746 1954 2014 2005 interfecti
2056 1952 2125 2006 ab
2172 1952 2415 2026 Angusto

1402 2028 1558 2099 (vide
1575 2032 1734 2083 Dion.
1755 2032 1846 2083 LII
1862 2070 1879 2098 ,
1897 2030 1998 2103 43)
2022 2050 2148 2085 ann.
2170 2032 2300 2103 725,
2320 2052 2417 2086 ne-

1401 2109 1557 2179 poti,
1597 2122 1651 2160 et
1679 2108 1787 2161 filio
1816 2109 2068 2162 Antiochi
2096 2112 2144 2162 11
2162 2148 2180 2177 ,
2218 2114 2418 2164 mortui

1405 2187 1508 2258 773
1520 2225 1538 2252 ,
1554 2188 1848 2259 imperante
1861 2188 2077 2242 Tiberio
2093 2189 2292 2260 (Tacit.
2310 2192 2420 2262 An-

1403 2266 1512 2319 nal.
1542 2269 1622 2333 11,
1654 2269 1718 2333 42
1736 2268 1791 2339 ).,
1818 2286 1849 2320 a
1875 2286 1982 2341 quo
2006 2271 2061 2321 in
2083 2272 2418 2341 provinciam

1402 2346 1625 2400 redacta
1650 2361 1731 2401 est
1763 2349 2141 2421 Commagene.
2170 2352 2421 2406 Restituit

1403 2428 1566 2499 igitur
1610 2429 1850 2501 Caligula
1886 2431 1970 2483 avi
2012 2432 2291 2505 patrisque
2330 2452 2421 2485 re-

1405 2526 1571 2578 gnum
1588 2507 1857 2560 Antiocho
1876 2509 1974 2576 111,
1992 2527 2115 2561 ann.
2137 2526 2241 2580 790
2259 2509 2391 2581 (Dio
2403 2548 2422 2577 ,

1407 2585 1555 2654 LIX,
1580 2587 1682 2659 8),
1718 2588 1813 2659 qui
1841 2585 1909 2637 ab
1934 2585 2124 2639 eodem
2148 2587 2423 2640 ademtum

1403 2667 1612 2738 recepit
1648 2684 1677 2716 a
1716 2663 1943 2718 Claudio
1984 2663 2153 2737 (Dio,
2186 2665 2317 2735 Lx,
2362 2668 2425 2741 8)

1407 2763 1533 2796 ann.
1566 2743 1703 2814 794,
1732 2758 1786 2797 et
1814 2743 1882 2796 ad
1910 2747 2224 2816 Vespasiani
2249 2764 2423 2817 usque

1405 2831 1655 2894 tempora
1685 2822 2073 2876 administravit
2092 2862 2111 2891 ,
2148 2826 2237 2877 cni
2275 2827 2422 2877 auxi-

1407 2905 1537 2958 lium
1564 2916 1751 2956 contra
1769 2903 2045 2956 Vitellium
2064 2904 2187 2958 tulit
2212 2903 2424 2976 (Tacit-

1409 2987 1543 3037 Hist.
1575 2987 1651 3049 Π,
1682 2984 1814 3055 81),
1841 2985 1966 3037 Tito
1992 2987 2152 3037 etiam
2174 2987 2230 3036 in
2256 3003 2425 3058 oppu-

1408 3063 1637 3135 gnandis
1674 3065 2053 3138 Hierosolymis
2085 3064 2263 3118 socius
2286 3065 2427 3136 (Ta-

1410 3145 1501 3196 cit.
1542 3145 1677 3195 His't.
1706 3144 1780 3202 V,
1817 3159 1835 3194 ι
1860 3143 1898 3214 ).
1940 3141 2078 3195 Vide
2116 3143 2423 3214 Baumgart.

1409 3222 1687 3275 Elementa
1711 3223 1845 3274 Hist.
1868 3223 1994 3274 Ant.
2024 3239 2147 3292 pag.
2180 3223 2277 3289 43¹
2308 3239 2425 3294 seq.

1408 3334 1481 3345 —
1507 3305 1876 3374 Commaqenes
1894 3339 1913 3367 ,
1956 3319 2071 3373 quae
2112 3299 2181 3352 ad
2222 3300 2427 3374 Syriam

1408 3381 1741 3454 pertinebat,
1779 3381 1943 3453 caput'
1981 3392 2097 3432 erat
2128 3380 2423 3434 Samosata.

1409 3462 1567 3515 Conf.
1589 3461 1836 3512 Strabon.
1857 3461 2015 3526 XVI,
2038 3478 2066 3512 2
2084 3498 2102 3527 ,
2128 3461 2177 3512 3.
2198 3489 2271 3499 —
2293 3461 2403 3514 Con

1396 3541 1689 3616 fiscatum3
1727 3557 1923 3610 nempe
1957 3540 2066 3592 HS.
2098 3537 2323 3607 millies,
2356 3559 2427 3592 ne

1415 3622 1626 3674 dubites
1656 3639 1776 3672 cum
1805 3619 2104 3685 Glareano‚
2143 3638 2252 3692 quo
2286 3621 2429 3676 refe-

1416 3719 1530 3766 ras,
1554 3698 1623 3752 ad
1638 3697 1915 3769 fructum,
1939 3717 2008 3751 an
2034 3697 2103 3750 ad
2127 3716 2363 3771 regnum.

1493 3779 1576 3832 15.
1614 3777 1911 3831 Mulieri....
1937 3777 2169 3831 donavit.
2208 3777 2433 3830 Exstant

1415 3863 1471 3912 in
1512 3859 1760 3928 Excerpt.
1802 3861 2029 3932 Peiresc.
2068 3855 2229 3907 verba
2251 3893 2268 3922 ,
2311 3875 2431 3928 quaa

1415 3943 1645 3992 Reimar.
1674 3939 1899 3990 inseruit
1922 3937 2122 4001 Dioni,
2152 3935 2295 4002 LIX,
2328 3937 2431 4002 26,

1419 4019 1487 4071 ad
1516 4037 1676 4090 quem
1704 4017 1882 4069 locum
1906 4015 2149 4069 Valesius
2193 4029 2433 4067 nostrum

1419 4099 1763 4172 comparavit.
1798 4099 2067 4150 Pertinere
2097 4115 2225 4148 sane
2254 4086 2335 4149 res
2361 4094 2433 4146 ad

1420 4183 1593 4253 prima
1642 4193 1881 4249 tempora
1925 4177 2135 4248 imperii
2181 4174 2432 4246 Caligula*

1423 4259 1645 4312 videtur.
1690 4259 1787 4308 Pro
1821 4256 2119 4330 octoqinta,
2160 4254 2229 4307 al.
2269 4254 2435 4307 octin-
