3050 5004
1241 462 1529 527 OTHO.

2302 463 2438 529 283

341 592 814 683 opperirentur
827 640 846 671 ,
879 610 1080 661 mane
1111 586 1397 659 Galbam
1429 586 1767 671 salutavit3
1806 604 2015 681 utque
2044 606 2401 657 consuerat
2420 641 2441 671 ,

336 697 570 770 osculo
589 696 982 790 exceptus4,
1002 699 1204 767 etiam
1223 697 1623 767 sacrificanti
1650 697 1991 767 interfuit⁵
2006 750 2025 782 ,
2042 698 2441 793 audivitque

334 809 658 900 praedicta
685 809 1060 902 haruspicis
1075 808 1128 876 ⁶.
1154 808 1410 877 Deinde
1437 808 1711 893 liberto,
1736 807 1975 879 adesse
1998 807 2399 880 architectos
2416 862 2437 894 ,

333 923 700 989 nunciante
716 936 744 985 7
757 972 775 1004 ,
801 918 991 1015 quod
1013 923 1287 1013 signum
1305 936 1751 1005 convenerat,
1779 922 1972 1016 quasi
1994 919 2305 989 venalem
2327 919 2442 989 do-

333 1054 524 1101 mum
544 1034 972 1125 inspecturus
993 1030 1318 1101 abscessit
1336 1057 1356 1115 3
1376 1033 1851 1125 proripuitque
1876 1054 1949 1100 se
1971 1032 2229 1123 postica
2246 1047 2441 1123 parte

335 1141 568 1212 Palatii
606 1141 693 1213 ad
740 1145 1214 1213 constitutum.
1255 1142 1428 1226 Alii,
1471 1142 1731 1211 febrem
1781 1139 2135 1213 simulasse
2152 1194 2171 1226 ,
2211 1144 2403 1212 aiunt
2418 1194 2437 1225 ,

335 1278 620 1351 eamque
637 1256 1138 1326 excusationem
1160 1256 1490 1347 proximis
1509 1254 1903 1337 mandasse,
1924 1255 1981 1321 si
1998 1269 2435 1347 quaereretur.

331 1368 530 1435 Tunc
545 1364 812 1435 abditus
829 1390 1120 1459 propere
1138 1364 1460 1435 muliebri
1477 1365 1645 1435 sella
1656 1364 1709 1447 ⁸,
1730 1368 1801 1434 in
1818 1380 2035 1435 castra
2054 1364 2435 1435 contendit:

333 1540 466 1589 n'um
507 1550 684 1590 autem
725 1555 941 1590 aureum
982 1538 1230 1591 columna
1273 1558 1336 1591 ex

333 1634 464 1669 euro
491 1617 621 1683 fuit,
651 1615 719 1669 ad
753 1635 915 1687 quam
941 1619 1036 1669 viae
1059 1634 1243 1671 omnes
1273 1636 1336 1669 ex

331 1696 482 1750 Italia
515 1694 844 1750 desinebant.
881 1696 962 1749 Cf.
992 1692 1260 1750 Plutarch.
1287 1716 1336 1749 c.

336 1776 416 1843 24.
446 1775 578 1829 Plin.
601 1778 666 1828 Η.
691 1777 760 1828 N.
781 1775 882 1839 111,
903 1774 934 1828 5
953 1774 1034 1847 (9)
1048 1813 1065 1840 ‚
1085 1776 1141 1827 t'n
1165 1775 1338 1847 eapite

331 1854 558 1907 Romani
583 1856 707 1908 Fon'
730 1866 1010 1923 statutum,
1037 1854 1175 1922 Dio,
1205 1855 1337 1922 LIV,

334 1933 393 1999 8,
415 1929 470 1985 ινδ
495 1934 694 2001 χρυσοῦν
714 1932 896 2000 μίλιον,
926 1948 978 1987 et
1002 1934 1070 1986 ab
1097 1936 1336 2005 Augusto

332 2029 454 2065 ann.
484 2011 592 2081 734
617 2012 820 2067 factum
841 2013 988 2067 dicit.
1010 2012 1095 2065 Gf.
1118 2016 1334 2087 interpr.

331 2090 400 2145 ad
426 2093 630 2155 Tacit.·,
659 2093 869 2145 Fabric.
905 2093 974 2146 nd
1003 2095 1161 2146 Dion.
1195 2091 1231 2145 l.
1257 2114 1336 2159 c.‚

331 2172 525 2223 Donat.
559 2172 715 2223 Rom.
741 2172 860 2224 Vet.
889 2174 964 2239 11,
999 2172 1088 2240 14;
1113 2171 1334 2225 Nardin.

331 2248 397 2301 de
417 2251 571 2301 Rom.
595 2253 715 2302 Vet.
739 2254 806 2313 V,
826 2250 887 2313 63
911 2263 965 2303 et
994 2269 1130 2323 quos
1157 2250 1336 2323 plures

331 2328 550 2382 Pit-iscus
575 2326 644 2380 ad
661 2326 840 2381 locum
863 2343 1006 2381 nost.
1031 2330 1290 2381 excitavit.

399 2405 453 2472 4.
474 2405 666 2459 esculo
679 2419 920 2480 exceptus
927 2430 949 2470 ;
963 2406 1113 2480 quod
1127 2410 1337 2479 signum

331 2486 594 2538 comitatis
623 2498 676 2538 et
703 2488 942 2540 amicitiae
977 2488 1334 2560 Imperatoris.

329 2565 410 2619 cf.
435 2566 614 2620 Tiber.
643 2583 735 2634 10,
759 2581 812 2623 et
835 2569 1035 2622 Neron.
1061 2569 1148 2640 37.

401 2644 452 2698 5.
497 2647 679 2700 Etiam
717 2645 1037 2718 sacrificanti
1073 2648 1332 2720 ἰηεεῄὶιίι.

330 2725 523 2778 Verum
539 2740 619 2778 est
631 2763 648 2792 ,
669 2727 816 2799 quod
833 2729 1165 2782 Burmannus
1179 2728 1335 2798 dicit,

331 2805 564 2860 interese
576 2805 808 2877 aliquem
821 2807 984 2860 rebus
995 2821 1048 2860 et
1058 2809 1212 2875 locis,
1223 2828 1334 2862 non

331 2881 532 2938 homini
557 2883 761 2957 aliquid
787 2889 980 2955 agenti.
1015 2887 1117 2940 Sed
1145 2901 1198 2940 et
1229 2887 1334 2940 lin-

329 2980 442 3034 guae
469 2982 597 3016 usus
626 2965 815 3037 saepius
845 2983 875 3018 a
900 2967 1152 3037 primaria
1176 2969 1336 3038 signi-

330 3041 575 3096 ficatione
599 3042 667 3096 ad
689 3039 913 3096 similem
934 3056 1096 3115 atque
1117 3045 1334 3099 affinem

331 3118 634 3189 descendit,
675 3133 729 3174 et
769 3123 1057 3194 scriptores
1097 3126 1334 3178 omnium

331 3214 542 3254 :etatum
580 3202 994 3273 linguarumque
1035 3203 1262 3258 subinde
1302 3224 1335 3261 a

331 3279 484 3332 solito
507 3282 794 3353 propriove
814 3279 1038 3353 alicujus
1060 3285 1206 3336 vocis
1232 3302 1334 3336 usu

330 3358 586 3412 recedunt
603 3399 622 3428 ‚
663 3362 842 3414 minus
885 3365 1000 3433 ejus
1041 3380 1331 3431 memores,

331 3457 486 3510 quum
504 3442 598 3511 qui
611 3439 770 3494 docte
785 3460 904 3492 eum
922 3440 1214 3494 excutiunt.
1226 3445 1334 3512 lta,

327 3535 426 3588 pro
447 3517 704 3591 sacn'fict‘o
721 3521 788 3572 ab
810 3539 872 3574 eo
889 3519 1044 3591 facto
1067 3520 1330 3592 interficit,

327 3597 408 3650 vel
429 3595 750 3670 sacrificanti
768 3598 971 3669 adficit,
991 3598 1232 3668 brevius,
1251 3614 1332 3669 et,

327 3695 492 3750 quum
515 3679 726 3748 utrique
749 3677 962 3731 dicendi
987 3679 1156 3732 modo
1175 3679 1332 3745 alieni

328 3756 458 3827 quid
503 3755 772 3810 adhereat
794 3762 812 3823 3
859 3759 1096 3810 exactius
1141 3773 1331 3812 auctor

327 3838 562 3908 scripsit,
587 3833 905 3910 sacrificanti
934 3837 1189 3908 interfuit.
1223 3841 1328 3892 Mi-

327 3933 427 3968 nus
452 3913 512 3967 id
541 3917 795 3983 urserim,
823 3917 970 3990 quod
989 3917 1219 3972 wolfius
1246 3918 1331 3972 di—

327 3996 426 4062 cit,
462 3993 698 4048 dativum
731 3998 790 4048 in
822 3995 927 4049 hoc
953 4015 1148 4069 genere
1181 4001 1332 4070 quasi

327 4091 505 4128 casum
521 4074 790 4128 commodi
807 4095 940 4130 esse.
953 4078 1330 4150 conjecturam

327 4149 549 4208 Ernestii
582 4153 841 4226 superfuit
874 4175 974 4227 pro
1015 4157 1222 4228 adfuit,
1267 4176 1330 4210 ex

1427 1539 1651 1609 August.
1683 1536 1781 1603 56,
1806 1534 1955 1587 nullo
1976 1534 2135 1586 modo
2159 1532 2439 1586 ferendam

1427 1617 1670 1668 existimo
1685 1653 1703 1681 ,
1729 1628 1783 1667 et
1807 1613 1955 1685 quod
1976 1632 2103 1665 usus
2128 1625 2338 1666 tontum
2355 1615 2438 1667 fo·
2520 1627 2527 1636 '

1426 1694 1595 1747 rensis
1612 1693 1725 1746 haec
1745 1693 1897 1747 verbi
1914 1704 1993 1745 est
2019 1691 2362 1761 significatio,
2384 1705 2438 1743 et

1426 1773 1578 1847 quod
1604 1792 1665 1825 ea
1688 1774 1806 1845 ipsa
1830 1791 1861 1824 a
1883 1774 2007 1824 viris
2034 1769 2209 1824 doctis
2227 1770 2437 1823 taxaba-

1427 1867 1533 1907 tur.
1558 1854 1639 1906 Cf.
1665 1851 1801 1905 Gen.
1825 1853 1985 1906 Noct.
2010 1854 2117 1904 Ait.
2143 1854 2195 1917 1,
2220 1868 2304 1903 22.

1496 1935 1550 1987 6.
1587 1933 1911 2005 Audivitque
1934 1930 2185 2003 proedt‘cta
2210 1930 2438 2003 liar-mpi-

1425 2017 1514 2069 ct‘s.
1534 2012 1669 2068 Vide
1690 2012 1844 2068 Galh.
1870 2032 1991 2085 cap.
2024 2028 2103 2083 19.

1499 2112 1549 2163 7.
1578 2093 1837 2145 Liberto...
1861 2092 2173 2183 nunciante3
2197 2093 2435 2145 Onoma-

1425 2186 1527 2225 sto.
1568 2173 1735 2224 Tacit.
1779 2172 1979 2223 Hister.
2022 2172 2081 2237 1,
2132 2187 2234 2240 27:
2282 2170 2435 2221 -Nec

1423 2250 1595 2303 multo
1606 2248 1957 2322 postlibertus
1967 2252 2291 2303 Onomastus
2305 2266 2438 2301 nun-

1426 2331 1563 2395 ciat,
1592 2329 1873 2401 exspectari
1898 2347 2020 2381 eum
2057 2330 2123 2381 ab
2155 2328 2436 2381 architecto

1424 2420 1476 2461 et
1514 2408 1912 2470 redemtos-[buu
1960 2426 2075 2479 quae
2120 2406 2435 2479 significatio

1426 2488 1738 2542 coeuntium
1764 2487 1877 2556 jam
1904 2486 2129 2558 militum
2158 2498 2214 2540 et
2239 2498 2437 2558 paratae

1426 2568 1813 2638 conjurationis
1864 2579 2205 2620 convenerat.
2256 2565 2401 2619 Otho
2417 2603 2438 2634 ‚

1427 2665 1646 2703 causam
1697 2645 1963 2718 digressus
2012 2645 2435 2718 requirentibus,

1423 2745 1765 2799 quum‚e1m
1658 2726 1905 2780 emisibi
1940 2726 2139 2797 proedia
2173 2737 2438 2778 vetustate

1423 2821 1699 2880 suspecta,
1718 2827 1892 2880 eoque
1910 2809 2059 2888 prius
2078 2807 2434 2880 exploranda,

1423 2889 1691 2955 finxisset,
1718 2891 1930 2942 innixus
1958 2887 2149 2941 liberto
2156 2927 2282 2941 .....
2305 2907 2435 2960 per-

1422 2973 1563 3041 git.»
1540 2969 1678 3021 »Cfi
1699 2967 1967 3022 Plutarch.
1994 2987 2041 3020 c.
2068 2970 2165 3037 24,
2194 2987 2301 3041 quo
2324 2969 2436 3040 qui·

1424 3047 1549 3100 dem
1568 3047 1688 3100 loco
1705 3067 1827 3101 cum
1842 3047 2040 3101 Solano
2056 3050 2327 3113 existimo,
2348 3045 2437 3100 de-

1423 3140 1639 3198 ceptum
1663 3127 2007 3182 Plutarchum
2030 3129 2221 3180 Latino
2242 3126 2430 3179 vocab.

1425 3207 1823 3273 redemtor-ibus,
1864 3209 2152 3278 improprie
2193 3203 2435 3262 πωληταῖς

1421 3286 1738 3341 reddidisse.
1757 3289 1885 3340 Mox
1907 3287 1979 3340 ad
1998 3288 2331 3340 constitutum
2353 3299 2437 3339 est

1421 3379 1701 3434 neutrum,
1720 3369 1829 3420 sive
1852 3365 1919 3418 de
1942 3365 2097 3432 loco,
2119 3367 2228 3418 sive
2252 3365 2321 3418 de
2344 3363 2433 3416 die

1422 3464 1597 3499 sermo
1628 3447 1725 3510 sit,
1752 3463 1820 3496 ne
1848 3447 1969 3517 quis
1994 3444 2061 3497 de
2090 3445 2263 3516 ellipsi
2286 3445 2435 3514 cogi-

1422 3538 1516 3577 tet.
1547 3523 1885 3577 Constitutus
1914 3537 2091 3576 autem
2116 3522 2431 3590 cratianus,

1421 3603 1488 3656 de
1505 3622 1615 3673 quo
1628 3605 1867 3676 proxime
1879 3603 2081 3658 dictum
2093 3643 2110 3672 ,
2123 3603 2434 3658 Milliarium

1422 3701 1663 3736 aureum.

1493 3765 1543 3818 8.
1573 3763 1825 3818 Muliebri
1838 3763 1985 3820 sella.
2014 3762 2287 3818 Plutarch.
2310 3782 2427 3835 cap.

1423 3843 1520 3909 25,
1563 3841 1619 3896 *ro*
1656 3843 1821 3912 φορεῖον
1861 3843 2019 3910 dicit,
2057 3857 2111 3896 et
2148 3842 2432 3898 lecticarios

1461 3920 1725 3992 οριιοοὸμυς
1742 3960 1759 3984 ,
1794 3923 1907 3988 vel,
1941 3935 2005 3978 ut
2026 3920 2183 3994 vulgo
2207 3921 2431 3991 legitur,

1409 3941 1743 4072 Σοριιιφᾶρουςς
1774 4001 1943 4056 Tacit.
1972 4019 2093 4073 cap.
2122 4019 2217 4071 27,
2244 3999 2431 4055 sellam

1422 4094 1474 4133 et
1509 4082 1646 4151 ipse.
1689 4083 1783 4134 Est
1812 4099 2003 4154 nempe
2036 4077 2309 4146 ηψπ-ὅδιον
2340 4099 2429 4132 ιιι-

1417 4157 1647 4224 ‘rimmo
1661 4161 1847 4216 Dionis
1863 4161 2062 4228 ‚Lvn‚
2084 4161 2145 4214 15
2162 4197 2179 4225 ,
2196 4159 2289 4212 ubi
2308 4157 2427 4212 vide
