3050 5004
1002 486 1668 554 VESPASIANUS.

2255 490 2388 573 345
2441 456 2464 467 ”

301 642 326 673 a
344 613 653 681 constitui
688 609 942 706 aliquid
984 611 1110 679 sihi
1144 609 1467 715 calciarii⁸
1505 615 1820 697 nomine,
1838 644 1866 677 a·
1911 619 2102 708 quasi
2144 641 2392 709 parum

290 738 463 791 esset
497 726 641 791 sine
676 745 1007 817 responso
1040 723 1344 815 abegisse
1363 775 1381 806 ,
1416 721 1623 818 jussit
1657 724 1958 819 posthaec
1993 727 2392 796 excalciatos

290 837 607 903 cursitare
632 861 646 901 ε
675 850 743 903 et
766 859 848 902 ex
870 858 951 903 eo
976 837 1067 901 ita
1090 837 1437 903 cursitant.
1465 834 1826 905 Achaiam9
1840 889 1858 918 ,
1882 840 2158 931 Lyciam
2173 891 2190 921 ,
2217 838 2392 906 Rho·

289 941 483 1027 dum,
519 948 949 1039 Byzantium,
982 948 1288 1029 Samum,
1322 944 1629 1013 libertate
1661 945 1960 1029 ademta,
1991 950 2150 1014 item
2179 947 2396 1016 Thra-

289 1055 488 1136 ciam,
517 1053 815 1122 Ciliciam
833 1065 915 1137 ¹⁰‚
943 1072 1011 1123 et
1034 1060 1533 1147 Commagenen
1549 1066 1592 1093 ¹¹
1611 1109 1630 1139 ,
1663 1056 1932 1125 ditionis
1956 1060 2157 1150 regiae
2177 1083 2395 1154 usque

290 1162 372 1231 ad
394 1162 463 1231 id
485 1181 754 1259 tempus
769 1218 787 1250 ,
811 1169 883 1233 in
907 1169 1409 1259 provinciarum
1434 1166 1722 1234 formam
1745 1166 2024 1260 redegit.
2049 1170 2397 1262 Cappado-

289 1279 405 1345 ciae
444 1296 723 1372 propter
755 1276 1065 1347 assiduos
1099 1278 1548 1348 barbarorum
1585 1282 1904 1347 incursus
1939 1280 2238 1372 legiones
2275 1280 2397 1349 ad-

290 1385 521 1456 didit¹2
536 1441 554 1473 ,
581 1388 1141 1483 consularemque
1163 1406 1496 1458 rectorem
1521 1392 1846 1482 imposuit
1869 1414 1994 1483 pro
2013 1384 2251 1485 Equite
2271 1396 2398 1459 Ro-

288 1522 510 1568 manu.
545 1499 880 1569 Deformis
914 1500 1093 1569 Urbs
1124 1501 1465 1591 veteribus
1496 1499 1824 1570 incendiis
1851 1526 1932 1570 ac
1961 1505 2178 1571 ruinis
2206 1520 2394 1571 erat:

287 1633 529 1679 vacuas
552 1632 745 1677 areas
778 1634 1144 1705 occupare,
1174 1628 1243 1679 et
1262 1610 1593 1679 aedificare
1609 1664 1629 1694 ,
1657 1614 1714 1679 si
1738 1636 2165 1704 possessores
2185 1636 2400 1681 cessa-

288 1737 466 1805 rent,
494 1723 875 1815 cuicunque
899 1724 1222 1814 permisit.
1258 1727 1412 1813 Ipse
1436 1724 1930 1791 restitutionem
1952 1721 2262 1815 Capitolii
2279 1746 2398 1814 ag-

288 1852 554 1919 gressus
575 1882 594 1913 ,
627 1828 985 1915 ruderibus
1017 1831 1389 1925 purgandis
1408 1828 1456 1871 ¹³·
1494 1856 1740 1901 manus
1771 1834 2034 1925 primus
2063 1831 2398 1915 admovit,

358 2035 407 2089 8.
448 2036 713 2089 Calciarii.
738 2039 815 2089 Ita
838 2037 1127 2092 clavarium
1148 2034 1298 2109 flagi·
1328 2070 1333 2075 ·

288 2124 400 2164 tant
427 2114 623 2166 milites
654 2115 801 2187 apud
830 2118 999 2169 Tacit.
1034 2118 1168 2169 Hist.
1200 2118 1298 2184 111,

289 2195 381 2261 50,
412 2192 506 2245 ubi
534 2192 659 2247 vide
684 2198 905 2268 interpr.
926 2225 939 2263 χ

356 2293 407 2345 9.
444 2276 735 2345 Achaiam,
764 2291 865 2330 etc.
890 2280 1095 2351 Nempe
1119 2279 1299 2332 datam

288 2374 315 2407 a
340 2356 553 2409 Nerone
582 2356 879 2410 libertatem
904 2356 1117 2411 ademit.
1138 2358 1296 2412 Conf.
1322 2354 1329 2361 ⁰

290 2436 533 2490 Philostr.
559 2440 638 2504 V,
676 2438 754 2506 1⁸⁸4.

364 2533 444 2572 Ιο-
496 2520 643 2587 Item,
680 2519 958 2571 Thraciam
975 2559 993 2586 ,
1040 2517 1297 2572 Ciliciam.

288 2597 575 2670 corrigunt
600 2599 887 2652 Tracheam
905 2597 1141 2652 Ciliciam
1155 2597 1300 2668 (Κιλι-

289 2678 387 2731 u'aev
400 2678 681 2748 τραχεῖαν),
702 2691 924 2730 auctore
938 2677 1172 2730 Turneb.
1193 2677 1300 2730 Ad-

288 2773 420 2808 vers.
438 2757 563 2810 XXI
572 2759 635 2822 V,
648 2755 737 2820 36,
752 2757 1003 2828 quoniam
1018 2755 1067 2808 Τ
1066 2756 1300 2809 brociam

284 2835 391 2904 jam
423 2836 525 2888 sub
554 2836 782 2888 Claudio
814 2839 1143 2908 Imperatore
1176 2856 1301 2908 pro-

288 2915 509 2970 vinciam
524 2917 723 2970 factam
736 2954 753 2980 ,
773 2918 1035 2970 Eusebius
1048 2931 1225 2972 narrat
1244 2920 1297 2970 in

289 2991 575 3048 Chronico.
613 2993 810 3047 Eadem
846 2997 1071 3048 varietas
1099 2997 1155 3047 in
1192 2997 1300 3048 Eu·-

291 3083 429 3142 trop.
458 3077 587 3141 vu,
616 3091 669 3142 9.
694 3075 833 3126 Nam
857 3093 957 3146 >pro
987 3073 1265 3130 Thraciam
1283 3113 1300 3142 ,

295 3150 535 3206 Ciliciam
554 3192 573 3219 ,
630 3171 775 3206 nunc
830 3154 1011 3226 legunt
1060 3155 1301 3208 Ciliciam

292 3231 601 3286 Tracheam.
637 3233 927 3287 Confirmat
952 3234 1135 3287 Aurel.
1160 3237 1300 3289 Vict.

290 3309 429 3380 Epic.
445 3328 511 3381 9,
532 3315 655 3385 qni:
684 3334 707 3360 ι
720 3313 867 3386 Syria
888 3332 982 3366 seu
1001 3313 1271 3368 Palaestina
1284 3353 1303 3384 ‚

290 3409 389 3444 nec
410 3413 525 3446 non
556 3393 745 3446 Cilicia
773 3393 1032 3461 Trachea,
1064 3409 1115 3447 et
1142 3396 1304 3449 Com-

292 3487 530 3542 magene,
546 3488 707 3545 quam
722 3471 885 3526 hodie
898 3475 1305 3546 Augustophra-

291 3561 493 3604 tensem
520 3553 859 3606 nominamus
874 3591 892 3618 ,
916 3555 1201 3624 provinciis
1222 3573 1305 3607 ac·

292 3647 516 3684 cessere.
540 3655 565 3678 n
590 3631 695 3686 Sed
716 3650 881 3702 quum
900 3631 1188 3704 distinguat
1210 3653 1305 3686 au-

288 3723 425 3776 ctor,
456 3729 581 3786 quoe
612 3711 779 3766 liberae
812 3726 935 3766 ante
972 3714 1071 3768 hoc
1106 3727 1305 3788 tempus

280 3789 535 3860 ficerunt,
555 3804 610 3844 et
626 3809 741 3864 quoe
755 3792 969 3846 ditionis
980 3795 1159 3866 regite,
1180 3813 1305 3865 pro-

293 3870 491 3924 vincias
507 3909 527 3937 ‚
551 3884 602 3923 et
628 3874 683 3924 in
710 3891 799 3924 sex
824 3869 1055 3925 diversas
1082 3875 1302 3943 provin·

293 3951 398 4002 cias
413 3950 719 4004 distinctam
741 3971 771 4004 a
786 3955 1115 4020 Vespasiano
1134 3951 1307 4005 Thre-

292 4029 427 4080 ciam
439 4065 458 4095 ,
474 4030 779 4101 probaverit
792 4029 1041 4102 Scaliger,
1056 4049 1178 4082 cum
1196 4032 1307 4084 Ou-

292 4105 561 4180 dendorp.
580 4109 811 4181 aliquam
821 4107 1061 4162 'rhu-aciae
1074 4123 1277 4182 partem
1288 4149 1307 4179 ,

294 4187 395 4241 snb
422 4187 613 4260 regulo
642 4188 899 4242 hactenus
930 4189 1307 4256 constitutam,

1386 2056 1532 2091 nunc
1556 2033 1626 2091 ad
1650 2038 1930 2111 provinciae
1943 2039 2032 2109 jus
2051 2037 2400 2111 eamdemque

1388 2136 1510 2170 cum
1534 2118 1752 2190 reliquis
1773 2118 2008 2189 ejusdem
2029 2122 2256 2190 regionis
2279 2138 2398 2172 sor-

1387 2212 1494 2251 tem
1524 2198 1822 2266 redactem,
1849 2196 2137 2271 intelligere
2162 2198 2324 2251 malo.

1469 2295 1548 2329 ιι.
1593 2278 1667 2331 Et
1711 2278 2128 2351 Commayenen,
2177 2276 2244 2329 de
2291 2296 2400 2349 qua

1387 2357 1660 2426 provincia
1683 2356 1842 2407 modo
1863 2353 2086 2425 regulis,
2111 2355 2274 2407 modo
2293 2360 2402 2408 An·

1388 2435 1582 2488 tiochis
1603 2435 1872 2507 subjecta,
1898 2434 2122 2501 diximus
2141 2435 2208 2487 ael
2228 2434 2396 2507 Calig.

1388 2533 1509 2587 cap.
1543 2514 1624 2567 16.
1649 2515 1728 2567 cf.
1752 2529 1928 2566 tamen
1953 2513 2301 2587 Oudendorp.
2327 2513 2398 2566 ad

1387 2593 1536 2648 hunc
1561 2593 1756 2647 locum.

1467 2690 1486 2725 1
1500 2689 1547 2726 a.
1577 2671 1979 2745 cappadocie...
2007 2670 2234 2747 legiones
2253 2671 2402 2725 addi-

1388 2753 1493 2814 cm,-
1518 2750 1662 2804 unde
1683 2751 1752 2804 de
1776 2754 1942 2823 priori
1961 2765 2204 2822 tempore
2225 2753 2396 2804 Tacit.

1388 2836 1521 2886 Hist.
1557 2835 1632 2900 11,
1657 2834 1745 2897 81,
1780 2857 1804 2881 ι
1825 2832 1919 2886 sed
1955 2833 2180 2885 inermes
2217 2835 2400 2903 Legati

1387 2911 1678 2984 regebant,
1703 2911 1946 2964 nondum
1971 2910 2163 2964 additis
2190 2914 2402 2984 Cappa·

1389 2989 1556 3042 docioe
1578 2989 1896 3060 legionibus.
1913 3015 1936 3038 a·
1957 2989 2090 3042 Vide
2109 2989 2268 3041 Dion.
2290 2991 2400 3058 LV,

1394 3069 1479 3121 23.
1502 3099 1576 3110 -—
1597 3071 1702 3121 Pro
1725 3069 1915 3142 Equite
1941 3070 2212 3132 Romamn
2239 3087 2400 3140 quem

1388 3147 1638 3202 Tiberius
1671 3151 2033 3221 imposuerat,
2063 3166 2228 3220 quum
2259 3149 2402 3219 Cap-

1390 3227 1674 3301 padociam
1702 3229 2030 3301 provinciam
2061 3229 2288 3280 fecisset.
2313 3227 2400 3278 Cf.

1393 3309 1525 3375 Dio,
1558 3310 1724 3373 Lvll‚
1763 3325 1844 3380 17,
1885 3308 1955 3361 ad
1986 3326 2111 3361 ann.
2144 3324 2280 3378 770,
2306 3306 2402 3360 ubi

1390 3387 1600 3441 Fabric.

1472 3469 1553 3520 13.
1589 3468 1764 3540 Ipse...
1793 3466 2056 3520 maen-ibus
2079 3465 2365 3540 purgandis
2378 3502 2400 3532 ,

1394 3561 1495 3600 etc.
1522 3549 1604 3600 cf.
1635 3547 1836 3620 xiphil.
1872 3547 2060 3612 LXVI,
2092 3561 2172 3598 10.
2206 3545 2288 3598 Ab
2318 3545 2401 3598 his

1390 3629 1700 3700 longissime
1723 3629 1924 3682 recedit
1948 3628 2117 3680 Tacit.
2149 3629 2280 3679 Hist.
2311 3629 2401 3692 lv,

1395 3709 1491 3774 53,
1518 3708 1636 3778 qui,
1663 3705 1884 3760 absente
1902 3705 2234 3776 Vespasiano
2249 3742 2267 3771 ,
2287 3705 2406 3756 fun-

1393 3787 1644 3840 damenta
1672 3785 1918 3858 Capitolii
1936 3787 2078 3854 jacta
2106 3786 2402 3836 narrat.1ta

1394 3871 1535 3922 enim
1551 3864 1584 3918 Ι.
1604 3886 1654 3920 c.
1672 3889 1695 3914 α
1711 3869 1902 3921 Curam
1917 3863 2235 3918 restituendi
2243 3864 2404 3935 Capi-

1396 3949 1511 4002 tolii
1531 3950 1588 4002 in
1609 3951 1667 4002 L.
1693 3949 1965 4004 Vestinum
1985 3945 2222 4014 confert,
2246 3963 2405 4017 eque-

1395 4031 1514 4082 stris
1536 4029 1737 4082 ordinis
1756 4031 1954 4094 virum,
1972 4025 2070 4080 sed
2092 4026 2406 4079 auctoritate

1394 4111 1649 4182 famaque
1675 4111 1815 4161 inter
1839 4123 2148 4180 proceres...
2181 4105 2406 4158 Undeci-

1396 4207 1483 4242 mo
1502 4188 1630 4242 Kal.
1647 4188 1822 4242 Julius
1833 4206 2019 4242 serena
2037 4185 2159 4240 luce
2173 4187 2404 4260 spatium
2453 4181 2460 4188 ‘
