3050 5004
1410 398 1481 462 C.
1531 394 1995 463 SUETONII
2575 486 2582 493 .

651 522 973 594 tribunali
998 524 1221 617 posito
1246 524 1317 589 in
1344 519 1691 590 orchestra
1713 521 2049 589 commisit
2065 573 2084 603 ‚
2119 542 2334 613 quum
2361 516 2552 613 prius
2572 520 2760 614 apud

654 638 1037 731 superiores
1074 632 1253 701 aedes
1294 632 1744 726 supplicasset
1761 684 1780 715 ‚
1823 654 2084 725 perque
2117 628 2412 697 mediam
2447 654 2720 699 caveam
2741 676 2760 715 ,

656 743 1046 813 sedentibus
1086 766 1168 809 ac
1208 740 1563 811 silentibus
1606 743 1864 809 cunctis
1885 793 1902 823 ‚
1946 738 2424 808 descendisset.
2474 744 2658 809 Fecit
2685 763 2768 808 -et

657 851 1033 923 seculares4
1050 906 1068 937 ,
1113 854 1307 946 quasi
1348 852 1748 944 anticipatos
1789 850 1878 917 ab
1919 856 2256 944 Augusto,
2301 874 2427 919 nec
2466 849 2768 943 legitimo

658 965 945 1056 tempori
969 978 1381 1031 reservatos:
1410 963 1721 1055 quamvis
1744 962 1890 1054 ipse
1913 962 1984 1027 in
2006 958 2300 1029 historiis
2326 962 2465 1029 suis
2489 961 2764 1055 prodat,

670 1104 697 1135 a
720 1075 1137 1141 intermissos
1180 1096 1296 1141 eos
1342 1078 1740 1165 Augustum‘
1763 1070 1982 1139 multo
2023 1088 2180 1164 post
2197 1124 2215 1155 ,
2259 1069 2769 1163 diligentissime

659 1208 999 1252 annorum
1018 1185 1275 1252 ratione
1299 1170 1666 1262 subduch
1687 1184 1760 1249 in
1783 1180 2090 1249 ordinem
2109 1180 2467 1273 redegisse.
2489 1212 2516 1243 n
2543 1186 2772 1267 Quare

640 1330 643 1335 ·
662 1321 793 1385 vox
812 1298 1143 1390 praeconis
1162 1297 1359 1363 irrisa
1378 1310 1479 1363 est
1492 1348 1509 1377 ,
1533 1294 1876 1361 invitantis
1891 1316 2083 1361 more
2103 1291 2413 1361 sollemni
2429 1292 2515 1360 ad
2535 1292 2736 1361 ludos
2749 1346 2769 1378 ,

672 1439 700 1469 a
724 1432 897 1504 quos
920 1432 1049 1475 nec
1073 1422 1441 1501 spectasset
1469 1407 1830 1500 quisquam
1853 1458 1870 1488 ‚
1897 1428 2025 1472 nec
2049 1420 2470 1497 spectaturus
2498 1420 2709 1488 esset3
2735 1435 2763 1465 a·

664 1544 879 1613 quum
910 1532 1346 1612 superessent
1382 1515 1642 1597 adhuc,
1687 1517 1806 1610 qui
1845 1529 2346 1609 spectaverant,
2391 1530 2460 1581 et
2491 1512 2775 1609 quidam

664 1628 1101 1699 histrionum⁵
1118 1682 1138 1714 ,
1163 1628 1477 1723 producti
1495 1628 1660 1696 olim
1677 1680 1695 1713 ,
1723 1644 1888 1695 tunc
1911 1650 2186 1721 quoque
2207 1625 2769 1719 producerentur.

664 1742 1013 1809 Circenses
1050 1740 1442 1835 frequenter
1482 1740 1686 1805 etiam
1725 1740 1797 1805 in
1836 1740 2160 1805 Vaticano
2200 1738 2534 1805 commisit
2547 1790 2565 1819 ,
2607 1760 2777 1805 non·

666 1874 1022 1945 nunquam
1046 1848 1401 1943 interjecta
1426 1874 1551 1943 per
1583 1852 1827 1944 quinos
1857 1845 2143 1919 missus⁶
2174 1850 2552 1917 venatione.
2579 1851 2776 1916 Circo

668 1984 831 2029 vero
871 1963 1165 2029 maximo
1206 1962 1605 2029 marmoreis
1647 1960 2028 2029 carceribus
2047 2013 2064 2043 ‚
2109 1961 2498 2053 auratisque
2535 1960 2734 2025 metis
2755 2012 2773 2041 ‚

670 2096 824 2167 quae
851 2088 1141 2167 utraque
1168 2089 1237 2141 et
1262 2072 1546 2166 tophina
1567 2096 1648 2141 ac
1670 2072 1894 2167 lignea
1916 2090 2116 2141 antea
2141 2071 2444 2153 fuerant,
2472 2069 2774 2153 exculto,

663 424 789 467 110

671 2268 837 2321 Groev.
868 2280 995 2319 tom.
1028 2268 1132 2329 111,
1160 2286 1215 2338 p.
1240 2266 1347 2337 695
1374 2267 1517 2341 seq.)
1539 2270 1681 2323 Exu·
1771 2287 1934 2343 quam
1955 2269 2228 2338 Augustus
2257 2266 2524 2333 ediderat,
2550 2266 2781 2337 spectati

672 2361 813 2401 stum
832 2346 931 2400 sub
946 2346 1161 2400 Tiberio
1180 2347 1327 2399 refici
1348 2348 1563 2420 quidem
1583 2368 1684 2402 coe-
1771 2361 1911 2403 sunt.
1941 2349 2234 2419 Utriusque
2257 2346 2515 2419 Principis
2543 2346 2780 2397 rationes

672 2440 825 2498 ptum
856 2440 937 2479 est
964 2426 1033 2479 ab
1060 2426 1251 2479 eodem
1282 2427 1559 2499 Principe,
1587 2428 1682 2481 sed
1768 2429 2112 2501 praetermitto
2129 2464 2146 2493 ‚
2177 2428 2305 2479 satis
2337 2440 2575 2478 narratas
2599 2424 2781 2493 libris,

674 2507 981 2560 absolutum
1004 2507 1220 2560 demum
1246 2526 1277 2559 a
1294 2509 1534 2579 Caligula
1551 2548 1568 2575 ,
1591 2509 1684 2561 de·
1771 2507 1964 2580 quibus
1997 2525 2082 2560 res
2115 2508 2456 2578 imperatoris
2485 2507 2786 2558 Domitiani

674 2585 1016 2659 dicatumque
1062 2605 1093 2638 a
1129 2586 1353 2641 Claudio
1392 2608 1516 2641 ann.
1559 2589 1680 2659 794.

675 2664 809 2715 Vide
831 2665 1003 2716 Tacit.
1028 2664 1218 2716 Annal.
1246 2667 1345 2732 111,
1378 2683 1475 2736 723
1502 2668 1682 2720 Nostr.

674 2742 853 2795 Tiber.
881 2743 974 2810 473
1000 2742 1167 2816 Calig.
1192 2761 1277 2806 αις
1306 2747 1470 2796 Dion.
1490 2747 1610 2813 Lx,
1630 2747 1683 2799 6.

676 2823 1025 2892 superposita
1066 2824 1115 2872 ei
1152 2835 1267 2874 erat
1300 2821 1437 2875 aedes
1474 2825 1687 2879 Veneris

683 2901 737 2954 V
736 2901 921 2952 icti-icis
941 2899 1101 2970 (Plin.
1123 2905 1266 2968 Vm,
1290 2921 1319 2972 7
1334 2923 1351 2966 ς
1369 2905 1683 2958 'Pet-tullian.

678 2978 746 3030 de
765 2981 1005 3050 Spectac.
1033 2999 1080 3032 c.
1115 2980 1237 3054 ιο),
1262 2996 1315 3035 et
1342 2983 1616 3052 Victoria»,
1641 2986 1686 3046 si

682 3057 811 3111 fides
831 3057 1001 3112 Gellio
1018 3098 1034 3127 ‚
1061 3062 1143 3128 X,
1180 3077 1225 3127 ι,
1250 3060 1395 3114 unde
1422 3075 1568 3116 recte
1585 3078 1688 3116 sta-

680 3148 828 3189 tuere
856 3135 1117 3204 videntur‚
1151 3141 1243 3210 qui
1276 3159 1443 3192 unum
1471 3142 1688 3213 quidem

680 3215 938 3287 templum
976 3218 1173 3284 fuisse,
1212 3218 1304 3271 sed
1339 3216 1688 3292 bipartitum,

680 3295 909 3368 ideoque
930 3297 1213 3368 superiores
1234 3299 1365 3353 aedes
1386 3319 1477 3354 eas
1494 3301 1689 3374 plurali

681 3392 905 3426 numero
920 3389 1103 3428 nostro
1119 3376 1241 3429 loco
1251 3377 1358 3430 dici
1370 3381 1688 3447 existimant,

681 3455 979 3524 rejicientes
1000 3459 1351 3510 mutationem
1376 3460 1569 3531 Lipsii‚
1601 3480 1689 3514 su-

680 3533 934 3603 periorem
970 3534 1151 3588 oedem.
1194 3537 1325 3590 Vide
1362 3539 1596 3592 Gronov.
1637 3552 1690 3592 et

684 3610 1032 3686 Oudendorp.
1051 3615 1119 3668 ad
1133 3615 1309 3669 locum
1328 3632 1585 3672 nostrum.
1599 3618 1692 3672 Ce-

686 3703 889 3756 terum,
926 3691 993 3745 de
1028 3692 1130 3746 bae
1167 3693 1503 3750 dedicatione
1541 3699 1686 3751 conf.

688 3769 820 3835 Dio,
844 3770 962 3836 LX,
986 3771 1038 3825 6.

759 3849 813 3915 4.,
846 3850 991 3904 Fecit
1016 3862 1070 3903 et
1096 3851 1363 3906 seculares.
1385 3854 1556 3908 Tacit.
1587 3857 1691 3923 xl,

694 3942 715 3976 1
730 3942 747 3975 1
775 3946 787 3975 :
819 3947 841 3971 α
860 3927 1052 3980 Iisdem
1074 3929 1396 3998 Consulibus
1414 3931 1525 3983 ludi
1547 3951 1696 3986 secu·

689 4001 851 4067 lares,
876 4007 1297 4079 oetinqentest‘mo
1322 4025 1445 4080 post
1471 4013 1694 4065 Romam

688 4080 995 4152 conditam,
1030 4101 1219 4158 quarto
1250 4102 1304 4141 et
1334 4093 1693 4160 sexagesimo,

1771 2587 2071 2657 composui.
2111 2586 2246 2635 Nam
2283 2587 2328 2636 is
2365 2603 2586 2656 quoque
2615 2583 2785 2638 edidit

1770 2663 1930 2716 ludos
1967 2663 2248 2716 seculares.
2272 2687 2295 2710 n
2332 2666 2410 2714 lta
2447 2665 2607 2715 etiam
2649 2662 2780 2716 Plin.

1772 2745 1900 2810 vn,
1938 2745 2008 2811 48
2041 2741 2203 2813 (49),
2231 2745 2498 2816 sexaginta
2535 2757 2634 2798 tres
2669 2763 2786 2797 uon

1775 2822 2003 2894 amplius
2027 2840 2199 2874 annos
2222 2824 2528 2876 interfuisse
2549 2823 2678 2876 dicit
2701 2825 2786 2875 in-

1774 2915 1856 2954 ter
1889 2900 2044 2954 ludos
2075 2901 2340 2954 seculares
2373 2903 2490 2953 Divi
2521 2902 2786 2973 Augusti,

1775 2999 2004 3052 eosque,
2029 2997 2164 3051 quos
2191 2979 2446 3032 Claudius
2465 2979 2638 3032 Goesar
2655 3000 2790 3033 con—

1777 3059 1954 3112 sulatu
1978 3078 2076 3113 auo
2103 3074 2293 3132 quarto
2318 3061 2522 3113 fecerit.
2544 3062 2628 3113 Cf.
2651 3063 2790 3114 Har-

1777 3137 1925 3191 duin.
1965 3139 2030 3192 ad
2067 3139 2212 3192 hunc
2249 3138 2400 3192 Plinii
2431 3139 2536 3192 loc.
2573 3142 2787 3194 Ernest.

1776 3217 1846 3271 ad
1865 3221 2034 3272 Tacit.
2065 3219 2100 3270 1.
2132 3238 2179 3272 c.
2205 3233 2262 3272 et
2289 3237 2426 3292 quos
2455 3217 2790 3275 laudavimus

1778 3297 1846 3352 ad
1867 3299 2092 3370 August.
2121 3301 2206 3352 31.

1849 3377 1899 3431 5.
1938 3381 2014 3432 Et
2046 3381 2260 3453 quidam
2301 3380 2640 3447 histrionum,
2679 3394 2792 3434 etc.

1776 3458 1910 3511 Plin.
1940 3458 1976 3512 l.
2015 3479 2062 3512 c.
2101 3459 2648 3534 Stephanionem-,de
2675 3478 2795 3532 quo

1776 3540 1898 3595 vide
1923 3541 2146 3614 August.
2173 3562 2293 3615 cap.
2319 3541 2419 3608 45,
2441 3545 2678 3613 utrisque
2703 3559 2801 3593 se·

1778 3619 2046 3672 cularibus
2061 3620 2200 3674 ludis
2213 3657 2230 3688 ,
2243 3621 2472 3691 Augusti
2487 3634 2540 3672 et
2553 3619 2763 3673 Claudii
2779 3661 2800 3691 ,

1780 3697 1996 3751 saltasse
2013 3698 2161 3751 dicit.

1847 3779 1902 3832 6.
1954 3780 2062 3832 Per
2105 3780 2292 3853 quinos
2338 3779 2546 3840 miss-uu
2595 3782 2800 3852 quinas

1783 3876 2044 3930 equorum
2086 3861 2416 3912 emissiones.
2451 3859 2800 3914 Circensibus

1785 3951 1962 3990 autem
1981 3935 2123 3991 ludis
2143 3940 2380 4012 quinque
2399 3951 2454 3990 et
2470 3939 2652 4010 viginti
2671 3941 2801 3994 mia-

1785 4033 1874 4068 sus
1895 4033 2003 4068 uno
2023 4015 2108 4068 die
2129 4015 2358 4069 fiebant=
2385 4034 2605 4088 quoquo
2625 4019 2802 4072 missu

1788 4107 2018 4167 quatuor
2044 4094 2312 4167 quadrigae
2340 4093 2645 4148 currebant.
