3050 5004
1220 514 1495 580 NERO.
2285 518 2400 583 181

312 658 591 725 cuntur,
636 656 705 709 et
738 639 936 708 multi
980 640 1181 708 taedio
1223 637 1542 708 audiendi
1567 640 1592 679 ⁵
1635 636 2124 735 laudandique,
2163 640 2412 709 clausis

314 751 719 847 oppidorum
758 754 973 845 portis
996 806 1013 835 ,
1056 768 1175 819 aut
1214 753 1447 820 furtim
1485 749 1840 828 desiluisse
1885 751 1970 819 de
2013 776 2212 820 muro
2233 805 2251 836 ,
2291 769 2411 820 aut

314 880 527 931 morte
558 862 873 931 simulata
902 860 1141 929 funere
1176 862 1353 929 elati.
1398 866 1620 947 Quam
1651 878 1880 928 autem
1910 861 2172 955 trepide
2197 864 2416 930 anxie·

314 997 442 1069 que
470 970 864 1042 certaverit⁶
884 1025 903 1055 ‚
930 988 1183 1067 quanta
1214 971 1758 1041 adversariorum
1783 972 2211 1041 aemulatione
2231 1026 2248 1056 ,
2278 998 2416 1068 quo

314 1100 497 1151 metu
514 1079 825 1175 judicum
841 1136 858 1166 ,
883 1084 995 1150 vix
1020 1080 1205 1149 credi
1228 1098 1469 1174 potest.
1498 1079 1932 1151 Adversarios
1949 1134 1966 1165 ,
1995 1085 2186 1177 quasi
2215 1082 2416 1175 plane

316 1193 715 1265 conditionis
756 1191 1061 1287 ejusdem
1082 1248 1099 1278 ,
1151 1192 1511 1262 observare
1533 1246 1550 1277 ,
1593 1211 1862 1287 captare
1887 1248 1905 1277 ,
1947 1196 2269 1262 infamare
2313 1220 2416 1263 se-

316 1324 497 1376 creto
518 1358 537 1390 ,
572 1330 1067 1400 nonnunquam
1101 1330 1181 1373 ex
1210 1330 1501 1374 occursu
1529 1303 1902 1374 maledictis
1933 1310 2268 1374 incessere
2288 1361 2305 1391 ,
2339 1332 2418 1374 ac

318 1422 373 1488 si
402 1422 521 1514 qui
548 1434 693 1486 arte
722 1416 1227 1511 praecellerent,
1266 1440 1704 1510 corrumpere
1737 1420 1940 1485 etiam
1976 1416 2255 1485 solebat.
2296 1424 2418 1487 Ju-

318 1529 497 1598 dices
524 1544 759 1595 autem
778 1580 796 1609 ‚
830 1530 1021 1619 prius
1054 1550 1261 1622 quam
1296 1530 1624 1619 inciperet
1643 1579 1658 1606 ‚
1694 1529 2242 1597 reverentissime
2263 1526 2424 1596 allo-

320 1638 673 1733 quebatur,
704 1666 731 1698 a
754 1638 1001 1715 Omnia
1022 1660 1095 1703 se
1112 1636 1419 1704 facienda
1436 1636 1674 1703 feciss'e
1695 1688 1712 1719 ,
1730 1633 1848 1703 sed
1865 1652 2180 1703 eventum
2197 1640 2266 1705 in
2289 1662 2422 1705 ma·

318 1774 415 1817 nu
440 1772 589 1817 esse
616 1756 970 1817 Fortunae:
1002 1747 1187 1831 illos,
1216 1764 1295 1816 ut
1328 1750 1664 1841 sapientes
1695 1764 1762 1815 et
1789 1746 2020 1815 doctos
2045 1751 2228 1816 viros
2248 1803 2271 1833 ,
2291 1750 2423 1815 for-

319 1866 485 1931 tuita
506 1859 754 1928 debere
777 1858 1171 1930 excludere:
1198 1890 1224 1920 υ
1258 1876 1463 1955 atque
1478 1910 1495 1940 ‚
1522 1875 1600 1927 ut
1621 1857 1900 1927 auderet
1915 1912 1933 1941 ,
1959 1858 2382 1927 hortantibus
2403 1914 2421 1943 ,

322 1977 615 2069 aequiore
642 1975 869 2040 animo
904 1969 1295 2054 recedebat3
1326 1994 1407 2038 ac
1436 1997 1523 2040 ne
1562 1975 1658 2039 sic
1695 1971 1969 2066 quidem
2009 1974 2152 2039 sine
2186 1970 2423 2039 sollici-

319 2081 584 2165 tudine,
620 2085 1139 2151 taciturnitatem
1162 2081 1633 2177 pudoremque
1667 2082 2097 2177 quorundam
2125 2106 2250 2173 pro
2281 2087 2424 2150 tris-

321 2196 499 2261 titia⁷
542 2212 610 2262 et
654 2194 1069 2286 malignitate
1114 2218 1444 2285 arguens,
1478 2210 1964 2287 suspectosque
2008 2194 2134 2261 sibi
2167 2193 2420 2263 dicens.

412 2312 651 2375 XXIV.
706 2311 785 2374 ln
818 2306 1139 2375 certando
1174 2330 1343 2372 vero
1368 2309 1459 2373 ita
1489 2306 1623 2397 legi
1659 2303 2014 2373 obediebat
2037 2317 2052 2345 ¹
2079 2361 2095 2388 ‚
2137 2323 2214 2372 ut
2251 2330 2426 2373 nun-

327 2444 529 2515 quam
560 2442 907 2486 exscreare
939 2442 1145 2486 ausus
1166 2470 1183 2501 ,
1220 2414 1539 2485 sudorem
1577 2442 1848 2514 quoque
1883 2418 2120 2485 frontis
2153 2418 2427 2486 brachio

324 2529 738 2622 detergeret:
768 2546 975 2625 atque
1012 2533 1212 2598 etiam
1250 2532 1321 2600 in
1358 2532 1610 2621 tragico
1649 2527 1942 2622 quodam
1980 2545 2136 2595 actu
2157 2581 2174 2610 ‚
2213 2553 2426 2622 quum

325 2641 633 2734 elapsum
656 2639 1013 2710 baculum²
1038 2645 1169 2710 cito
1193 2643 1649 2726 resumsisset‚
1675 2637 1962 2734 pavidus
1990 2655 2056 2706 et
2080 2655 2389 2707 metuens
2407 2693 2422 2722 ,

398 2864 449 2918 5.
485 2865 734 2939 Itaque...
772 2878 824 2918 et
860 2865 1015 2917 multi
1050 2867 1199 2920 toedu'o
1233 2885 1329 2918 au·

326 2943 534 3009 aiendi,
564 2945 851 2997 etc.·Conf.
882 2945 1051 2997 Tacit.
1086 2948 1235 3014 XVI,
1266 2947 1328 3000 5:

334 3023 473 3076 -sed
494 3026 587 3095 qui
612 3026 831 3077 remotis
852 3042 881 3075 e
900 3027 1203 3096 municipiis
1222 3063 1239 3092 ‚
1261 3042 1333 3077 se·

324 3119 614 3175 veramque
640 3103 815 3156 adhuc
846 3117 899 3156 et
932 3106 1135 3177 antiqui
1170 3107 1333 3159 morie

326 3183 613 3236 retinentes
625 3181 831 3235 Italiam
840 3220 857 3248 ‚
876 3186 1073 3256 quique
1084 3222 1102 3250 ‚
1118 3203 1212 3256 per
1224 3182 1333 3235 lon-

325 3281 418 3333 gas
447 3265 775 3333 provincias,
800 3261 1021 3314 lasciviae
1046 3265 1331 3335 inexperti,

328 3341 509 3394 officio
532 3341 859 3412 legationum
893 3356 983 3394 aut
1004 3346 1205 3413 privata
1226 3344 1331 3394 uti·-

326 3421 503 3487 litate‚
547 3421 895 3488 advenerant,
924 3439 1099 3492 neque
1140 3421 1332 3493 adspe-

328 3516 473 3554 ctum
494 3501 645 3554 illum
674 3499 932 3566 tolerare,
960 3519 1135 3573 neque
1162 3499 1332 3552 labori

328 3581 611 3635 inhonesto
660 3579 922 3632 sufficere.
944 3619 955 3632 .
979 3618 995 3631 .
1042 3581 1292 3632 Constitit
1312 3617 1330 3644 ,

328 3663 615 3735 plerosque
648 3663 920 3732 equitum,
954 3659 1081 3711 dum
1118 3679 1215 3730 per
1234 3677 1333 3710 an-

329 3743 526 3810 gustias
551 3739 727 3792 aditus
762 3753 812 3790 et
842 3741 1175 3808 ingruentem
1198 3735 1335 3789 mul-

330 3817 609 3870 titudinem
646 3819 947 3883 enituntur‚
986 3817 1241 3881 obtritos,
1282 3828 1335 3867 et

330 3894 491 3962 alios,
514 3895 641 3947 dum
668 3895 809 3947 diem
839 3909 1161 3966 noctemque
1188 3893 1331 3948 sedi-

330 3973 469 4026 libus
510 3977 861 4040 continuant,
906 3975 1091 4027 morbo
1138 3974 1335 4026 exitiali

330 4069 625 4127 correptos.
648 4078 671 4102 ι
694 4085 767 4094 --
782 4054 948 4108 Aut...
968 4055 1163 4126 fiaeneoe
1188 4053 1333 4106 elati.

332 4133 465 4187 Vide
492 4133 697 4206 xiphil.
714 4135 879 4188 LXm
892 4173 911 4200 ‚
932 4137 1013 4188 15.

398 4215 457 4267 6.
496 4214 730 4285 Ωματη..
756 4213 951 4286 trepide
964 4214 1221 4285 anxieque
1234 4231 1337 4265 cers

1420 2867 1635 2933 tavei-it,
1659 2879 1759 2918 etc.
1788 2863 1922 2919 Vide
1952 2863 2020 2916 ad
2047 2883 2099 2918 c.
2133 2881 2216 2918 αι.
2255 2863 2426 2915 Tacit.

1422 2947 1614 2998 Annal.
1645 2947 1797 3012 XVI,
1824 2945 1883 3011 4,
1919 2947 2232 2996 «Postremo
2261 2943 2428 2996 flexus

1419 3045 1562 3097 genu
1578 3065 1594 3090 ,
1615 3041 1666 3079 et
1692 3040 1888 3078 coetum
1913 3023 2060 3076 illum
2091 3042 2254 3076 manu
2277 3043 2432 3077 vene-

1422 3119 1597 3173 ratus,
1621 3105 1910 3158 sententias
1923 3103 2164 3174 judicum
2190 3106 2432 3175 opperie-

1420 3182 1581 3235 batur
1603 3185 1728 3235 licto
1747 3199 1962 3254 pavore.
1979 3203 2002 3229 n

1494 3281 1546 3332 7.
1579 3264 1688 3316 Pro
1701 3262 1910 3316 tristitia
1921 3299 1938 3325 ,
1954 3261 2234 3331 iniquitate
2247 3297 2264 3326 ‚
2281 3277 2432 3311 acer-

1422 3343 1586 3395 bitate
1600 3379 1617 3408 ,
1639 3361 1800 3414 quam
1817 3343 1872 3391 in
1890 3337 2188 3410 judicando
2213 3339 2429 3408 pra-fer·

1422 3437 1560 3474 rent.

1492 3503 1681 3554 XXIV.
1719 3517 1763 3552 ι.
1789 3501 1874 3552 Ita
1896 3498 2000 3573 1091
2018 3497 2300 3563 obediebat,
2325 3511 2427 3550 etc.

1422 3583 1592 3633 Tacit.
1623 3581 1776 3644 XVI,
1816 3579 1881 3645 4,
1911 3577 2242 3648 «ingreditur
2272 3576 2428 3629 thea-

1421 3673 1560 3712 trum
1577 3697 1593 3724 ‚
1623 3660 1830 3711 cunctis
1861 3657 2076 3709 cithara:
2103 3655 2306 3725 legibus
2331 3655 2430 3706 ob·-
2501 3707 2508 3712 ,

1424 3752 1750 3809 temperans:
1773 3755 1843 3788 ne
1865 3738 2040 3788 fessus
2059 3732 2340 3794 resideret:
2361 3753 2430 3786 ne

1424 3817 1672 3870 sudorem
1693 3817 1796 3868 nisi
1817 3835 1876 3868 ea
1891 3854 1908 3881 ‚
1927 3833 2088 3887 quam
2107 3811 2318 3864 indutui
2339 3832 2429 3883 ge-

1422 3897 1605 3962 rebat,
1635 3911 1782 3949 veste
1813 3895 2140 3964 detergeret:
2185 3903 2244 3943 ut
2281 3891 2428 3944 nulla

1426 3979 1531 4030 oris
1562 3989 1656 4029 ant
1685 3976 1896 4028 narium
1923 3984 2260 4026 excrementa
2291 3973 2428 4024 vise·

1427 4047 1666 4109 rentur.)

1498 4153 1547 4188 2.
1589 4133 1866 4188 Baculum.
1898 4131 2140 4201 Intelligo
2170 4139 2428 4202 sceptrum

1424 4233 1552 4266 cum
1569 4213 1684 4266 aliis
1699 4251 1716 4280 ‚
1737 4213 1988 4284 qnoniam
2011 4209 2077 4262 de
2099 4209 2292 4283 traqt'co
2309 4221 2430 4261 actu
