3050 5004
1064 518 1615 585 VITELLIUS.
2263 512 2394 583 315

298 644 628 737 supplicio
652 644 1001 728 traditum,
1020 648 1383 739 statimque
1402 661 1792 713 revocatum
1811 696 1826 725 ,
1843 642 2102 713 cunctis
2117 642 2403 711 clemen·

296 756 459 821 tiam
500 752 966 838 laudantibuS,
1005 778 1233 823 coram
1271 756 1556 823 interfici
1587 751 1822 848 jussit,
1863 753 2084 823 «velle
2122 778 2273 835 se‚u
2305 750 2405 819 di-

297 888 490 947 cenS,
531 896 557 925 α
577 890 853 959 pascere
890 866 1166 935 oculos²
1197 894 1211 933 :
1240 898 1267 927 a
1312 865 1590 934 alterius
1623 890 1842 959 poenae
1875 861 2047 933 duos
2085 862 2258 931 filios
2289 862 2406 931 ad-

289 970 486 1065 jecit,
508 974 855 1068 deprecari
882 1000 1009 1069 pro
1036 992 1229 1069 patre
1256 993 1558 1044 conatos,
1587 975 1714 1045 Sed
1740 991 1810 1042 et
1835 976 2148 1069 Equitem
2169 978 2406 1041 Roma-

295 1108 463 1150 num
486 1084 1048 1177 proclamantem,
1074 1110 1289 1180 quum
1310 1102 1664 1179 raperetur
1690 1083 1778 1151 ad
1802 1108 2072 1177 poenam
2089 1136 2106 1166 ,
2147 1116 2174 1144 α
2195 1088 2406 1149 Heres

295 1218 491 1261 meus
514 1220 613 1279 es,
632 1229 659 1257 n
684 1195 1001 1263 exhibere
1020 1200 1403 1264 testamenti
1427 1196 1692 1276 tabulas
1711 1198 1962 1287 coegit:
1987 1211 2198 1289 utque
2215 1194 2408 1285 legit,

296 1304 697 1373 coheredem
734 1306 863 1374 sibi
888 1306 1205 1375 libertum
1235 1305 1381 1401 ejus
1408 1312 1778 1401 ascriptum
1795 1359 1812 1389 ,
1831 1304 2130 1412 jugulari
2157 1330 2314 1373 cum
2339 1304 2411 1371 li-

296 1414 492 1483 berto
515 1420 891 1511 imperavit.
922 1416 1265 1504 Quosdam
1300 1435 1368 1487 et
1390 1416 1476 1485 de
1498 1417 1696 1512 plebe
1726 1416 1813 1486 ob
1847 1414 1917 1482 id
1941 1420 2164 1509 ipsum
2182 1470 2198 1499 ,
2226 1414 2411 1511 quod

296 1544 559 1613 venetae
580 1530 854 1598 factioni
879 1529 1057 1599 clare
1082 1530 1608 1599 maledixerunt3
1624 1585 1642 1612 ‚
1663 1534 2035 1615 interemit3
2062 1546 2410 1601 contemtu

299 1638 437 1719 sui,
460 1654 529 1705 et
542 1662 715 1707 nova
735 1663 857 1732 spe
874 1638 944 1706 id
962 1662 1165 1709 ausos
1178 1693 1196 1723 ‚
1214 1643 1552 1732 opinatus,
1575 1639 1790 1708 Nullis
1806 1657 2034 1717 tamen
2055 1640 2407 1721 infensior,

300 1771 508 1841 quam
535 1748 961 1817 vernaculis4
992 1764 1060 1817 et
1085 1749 1616 1819 mathematicis⁵
1634 1726 1769 1832 ,⁶ut
1800 1753 2087 1845 quisque
2119 1748 2414 1826 deferre-

300 1872 439 1941 tur,
468 1857 847 1927 inauditum
880 1862 1097 1952 capite
1129 1860 1490 1952 puniebat3
1522 1859 1962 1929 exacerbatu‘s
1981 1914 1998 1945 ,
2034 1858 2218 1955 quod
2258 1873 2417 1952 post

304 1966 601 2037 edictum
620 1994 819 2037 suum
834 2023 851 2054 ,
873 1994 1009 2065 quo
1021 1968 1307 2063 jubebat
1318 2024 1335 2053 ,
1354 1972 1530 2039 intra
1548 1971 1884 2039 Kalendas
1899 1970 2211 2040 Octobris
2226 1969 2412 2037 Urbe

303 2078 632 2175 Italiaque
664 2081 1113 2148 mathematici
1150 2080 1554 2149 excederent
1567 2136 1584 2167 ,
1619 2086 1843 2151 statim
1877 2081 2144 2151 libellus
2168 2102 2416 2174 propo-

304 2192 475 2258 situs
509 2191 683 2275 est6,
728 2223 754 2252 α
774 2209 840 2259 et
869 2189 1219 2260 Chaldaeos
1253 2191 1547 2277 edicere,
1575 2193 1834 2263 bonum
1863 2196 2147 2279 factum,
2177 2218 2264 2261 ne
2294 2194 2412 2259 Vi-

301 2414 427 2466 pag.
458 2392 563 2464 559
586 2414 697 2467 seq.
728 2396 975 2450 Heinece.
1003 2398 1128 2449 Aut.
1154 2398 1307 2449 Rom.
1401 2403 1586 2453 teriem
1621 2398 1998 2472 suppeditabat
2033 2400 2146 2449 vitae
2179 2414 2408 2447 morum·

302 2478 401 2544 111,
421 2478 501 2530 tit.
532 2477 738 2532 16—20
752 2515 768 2543 ,
792 2496 913 2551 pag.
934 2476 1005 2548 93
1023 2496 1133 2550 seq.
1154 2478 1232 2530 De
1254 2496 1311 2531 re
1404 2497 1507 2550 que
1533 2478 1786 2531 foeditate.
1811 2481 1890 2530 lta
1905 2475 2136 2528 Martini.
2161 2475 2336 2547 Epigr.
2358 2476 2412 2541 1,

304 2555 507 2626 xiphil.
537 2556 695 2622 LXV,
722 2557 771 2609 5.
1404 2561 1501 2627 42,
1536 2578 1582 2626 1,

378 2653 427 2688 2.
472 2636 625 2689 Velle
642 2656 750 2690 se...
777 2657 983 2710 pascere
1006 2637 1199 2692 oculos.
1236 2641 1313 2691 De

304 2729 475 2768 morte
494 2717 641 2768 Junii
663 2717 805 2769 Blaesi
828 2715 933 2768 hoc
947 2729 1125 2769 narrat
1142 2720 1314 2770 Tacit.

306 2797 503 2848 Histor.
532 2797 632 2862 111,
660 2796 757 2866 39,
791 2817 813 2841 ι
831 2794 1145 2866 Trepidanti
1179 2799 1318 2848 inter

306 2875 480 2928 scelus
514 2888 847 2947 metumque,
878 2875 946 2927 ne
974 2873 1137 2927 dilata
1171 2876 1315 2928 Blaesi

306 2972 451 3007 mors
488 2967 750 3006 maturam
782 2955 1109 3026 perniciem,
1136 2954 1317 3026 palam

300 3036 450 3104 jussa
470 3046 704 3086 atrocem
722 3033 972 3086 invidiam
994 3034 1184 3099 ferret,
1208 3033 1318 3104 ple·

308 3115 419 3166 cuit
446 3131 650 3164 veneno
674 3113 919 3182 grassari.
946 3111 1165 3164 Addidit
1188 3114 1320 3164 faci·-

308 3193 429 3242 nori
456 3190 613 3243 fidem
644 3191 811 3244 nobili
839 3191 1036 3260 gaudio
1054 3229 1073 3257 ,
1098 3191 1319 3244 Biaesum

306 3270 548 3323 visendo.
572 3271 713 3337 Quin
736 3284 787 3322 et
807 3268 987 3321 audita
1006 3281 1086 3323 est
1104 3273 1321 3322 saevissi-

308 3367 399 3402 ma
424 3347 621 3401 Vitellii
648 3367 777 3416 vox,
804 3368 908 3420 qua
930 3368 983 3402 se
1010 3347 1158 3421 (ἤραο
1178 3353 1318 3402 enim

308 3429 469 3482 verba
490 3429 744 3500 referam)
764 3431 965 3500 pavisse
984 3430 1187 3498 oculos,
1214 3449 1320 3503 spe·

310 3521 449 3562 crata
477 3509 681 3561 inimici
700 3520 892 3576 morte,
910 3512 1149 3578 jactavit.
1173 3533 1195 3557 n

378 3589 431 3642 3.
476 3590 629 3660 Quod
652 3589 1167 3660 venetoefaotioni....
1202 3608 1318 3640 ma-

310 3669 615 3721 ledixerunt.
633 3669 715 3720 cf.
734 3667 801 3720 ad
821 3687 939 3740 cap.
964 3686 1012 3737 7.
1036 3669 1161 3719 Mox
1182 3687 1317 3719 nova

307 3767 397 3821 spe
418 3761 499 3800 est
520 3767 607 3820 spe
628 3765 879 3800 novarum
906 3765 1093 3799 rerum.
1118 3749 1197 3799 De
1215 3765 1317 3799 usu

304 3827 599 3881 verborum·
621 3828 862 3898 opinari,
899 3828 1119 3892 sentire,
1148 3826 1316 3878 existi-

306 3927 482 3973 mare,
516 3923 613 3977 pro
644 3906 973 3976 opinionem,
1008 3906 1316 3958 sententium

307 4005 417 4061 proe
429 3987 649 4057 seferre,
666 3987 848 4052 diem,
866 3987 1055 4056 saepius
1070 3975 1314 4036 dixsimus.

380 4067 431 4133 4.
454 4067 511 4121 V
502 4065 784 4128 mucidis,-
796 4069 1011 4131 scurris,
1026 4083 1163 4136 quos
1185 4077 1319 4114 atro-

310 4150 425 4200 cius
468 4147 645 4200 odisse
684 4147 971 4218 oportebat
1012 4144 1277 4197 Vitellium
1299 4182 1316 4209 ‚

308 4247 417 4300 quo
433 4228 737 4281 uberiorem
756 4245 942 4279 eorum
964 4225 1194 4278 dicteriis
1216 4241 1318 4276 ma-

1410 2653 1618 2695 Urbanus
1631 2651 1730 2704 tibi,
1747 2650 1880 2694 caecili
1891 2683 1903 2700 ‚
1921 2649 2084 2692 viderit.

1402 2717 1575 2766 Neues,
1588 2713 1708 2757 crede
1723 2713 1838 2756 mihi.
1855 2710 1964 2771 Quid
1979 2714 2102 2765 ergo?
2113 2722 2254 2752 verna
2269 2722 2328 2752 es.

1405 2795 1579 2863 idem,
1602 2796 1682 2860 X,
1705 2794 1768 2860 3,
1795 2811 1842 2860 r,

1406 2891 1764 2935 Vernaculorum
1778 2887 1888 2930 dicta
1898 2919 1910 2937 ,
1925 2883 2142 2929 sordidum
2154 2882 2321 2926 dentem
2331 2913 2344 2934 ,

1392 2956 1457 2998 -Et
1470 2955 1576 2998 fued-
1589 2955 1734 3009 linguae
1745 2951 1894 3009 probru
1907 2947 2191 2996 cioeulatricie,
2205 2954 2286 2988 etc.

1406 3033 1570 3085 Meroe
1607 3019 1767 3103 igitur
1801 3028 2249 3082 haliueinationes
2293 3036 2418 3078 sunt

1408 3114 1725 3182 conjectura!
1771 3113 2118 3182 interpretum
2160 3104 2418 3172 oraculis,

1408 3191 1660 3244 veraculi,
1679 3203 1771 3242 aut
1789 3187 2052 3252 vericulis,
2077 3183 2416 3248 divinaculis,

1406 3270 1491 3322 vei
1531 3267 1678 3344 quod
1711 3270 1943 3339 jungunt
1979 3263 2272 3319 vernaculis
2302 3281 2418 3314 ma·-

1408 3348 1714 3402 thematicis.

1480 3427 1529 3481 5.
1560 3431 1633 3480 Et
1657 3425 2054 3478 mathematicis.
2080 3425 2250 3475 Tacit.
2281 3422 2415 3473 nist.

1406 3515 1451 3562 11
1464 3548 1481 3576 ,
1496 3511 1564 3564 62
1579 3548 1592 3570 ‚
1622 3533 1644 3556 ιι
1661 3508 1800 3560 Pulsi
1821 3505 1973 3558 Italia
1993 3503 2366 3556 mathematici.
2386 3525 2409 3550 n·

1406 3593 1562 3644 Conf.
1601 3589 1800 3661 xiphil.
1843 3589 2000 3650 LXV,
2049 3603 2104 3648 ¹3
2151 3587 2415 3649 Zonaras,

1409 3669 1598 3721 Annal.
1629 3671 1701 3732 11,
1727 3685 1849 3738 pag.
1883 3667 1998 3732 ¹42·

1476 3749 1528 3802 6.
1566 3748 1858 3818 Propositus
1880 3756 1969 3797 est.
1995 3742 2078 3794 Al.
2101 3753 2174 3795 est
2187 3741 2416 3812 proposi-

1406 3839 1501 3880 tus.
1535 3828 1735 3879 Ernest.
1767 3823 2050 3896 legendum
2078 3820 2279 3890 judicat
2296 3837 2417 3891 pro-

1402 3908 1600 3979 positus
1625 3915 1738 3956 erat
1769 3902 1853 3955 vei
1887 3913 2023 3955 esset.
2064 3901 2188 3952 Mox
2227 3911 2278 3951 et
2309 3897 2413 3950 hoe

1406 3999 1487 4036 est
1506 3985 1664 4037 etiam
1680 3981 1842 4035 deleri
1856 3983 2129 4051 jusserunt
2147 3978 2338 4050 Guyet.
2359 3989 2414 4028 et

1407 4066 1696 4116 Burmann.
1725 4061 1944 4114 Edicere
1969 4059 2276 4130 scripsimus
2311 4074 2413 4128 pro

1406 4143 1578 4195 dicere
1603 4159 1725 4194 cum
1763 4139 1930 4191 altero
1963 4135 2100 4190 cod.
2140 4135 2414 4206 probanti·

1406 4221 1507 4274 bus
1529 4223 1768 4293 Guyeto,
1791 4221 2114 4282 But-manno,
2137 4213 2414 4279 OudemL,
