3050 5004
1036 490 1552 556 CALIGULA.
2312 518 2353 581 9

247 620 518 687 victimis
553 619 620 683 in
647 612 1078 709 Capitolium
1108 638 1519 698 concursum
1554 629 1691 697 est,
1728 637 1809 681 ac
1842 638 2039 707 paene
2065 616 2355 684 revulsae

245 728 476 823 templi
511 729 686 796 fores
700 778 721 809 ,
769 748 870 793 ne
905 722 1070 819 quid
1106 726 1468 815 gestientes
1504 740 1665 791 vota
1698 721 1983 793 reddere
2018 750 2359 795 moraren-

243 854 412 907 tun-².
452 834 988 932 Expergefactus
1025 857 1062 899 e
1103 858 1346 902 somno
1383 833 1695 902 Tiberius
1734 850 1838 902 est
1872 836 2359 927 gratulantium

243 948 520 1017 vocibus
537 990 570 1030 ,·
601 962 814 1040 atque
854 942 1160 1039 undiqfflx
1195 946 1737 1027 concinentium,
1784 974 1811 1005 a
1836 944 2031 1013 Salva
2066 946 2319 1015 3Roma
2338 1000 2356 1031 ,

239 1056 428 1127 salva
469 1058 722 1149 patria,
767 1052 998 1121 salvus
1041 1068 1144 1119 est
1179 1054 1659 1121 Germanicus!
1688 1081 1714 1115 >s
1760 1052 1889 1121 Sed
1924 1068 2003 1120 ut
2042 1054 2317 1126 demum
2338 1108 2357 1138 ,

243 1168 380 1234 lato
406 1167 756 1248 fimctum,
790 1162 1022 1257 palam
1055 1162 1316 1231 factum
1352 1178 1487 1245 est,
1525 1186 1665 1230 non
1694 1162 1949 1237 solatiis
1980 1163 2139 1231 ullis
2159 1217 2178 1248 ‚
2219 1189 2362 1234 non

245 1276 478 1345 edictis
503 1275 795 1345 inhiberi
829 1273 1054 1343 luctus
1087 1271 1406 1367 publicus
1439 1276 1691 1367 potuit,
1721 1272 2125 1369 duravitque
2157 1278 2360 1343 etiam

243 1413 366 1482 per
389 1389 602 1456 festos
627 1384 1014 1455 Decembris
1037 1387 1292 1454 mensis
1325 1382 1468 1453 dies
1478 1382 1531 1451 4.
1559 1387 1763 1455 Auxit
1784 1384 2071 1478 gloriam
2102 1385 2363 1455 deside·
2471 1367 2480 1374 ’

241 1502 558 1593 riumque
600 1495 903 1567 defuncti
949 1499 1152 1566 etiam
1196 1498 1512 1565 atrocitas
1556 1498 2061 1591 insequentium
2107 1514 2365 1592 tempo-

245 1634 396 1676 rum
413 1662 434 1692 ‚
463 1611 726 1677 cunctis
759 1630 887 1674 nec
917 1620 1172 1674 temere
1195 1605 1635 1699 opinantibus
1651 1658 1669 1687 ‚
1698 1610 2077 1675 reverentia
2105 1604 2161 1701 ej
2170 1634 2251 1678 us
2282 1633 2365 1677 ac

245 1736 432 1787 metu
453 1742 839 1813 repressam
859 1718 1114 1788 Tiberii
1140 1718 1504 1787 saevitiam⁵
1521 1771 1540 1802 ‚
1578 1742 1732 1813 quae
1755 1742 1917 1787 mox
1938 1722 2263 1813 eruperit.

343 1836 486 1899 VII.
539 1830 800 1897 Habuit
830 1832 905 1896 in
940 1832 1372 1899 matrimonio
1407 1831 1851 1923 Agrippinam
1863 1859 1891 1914 ,·
1915 1836 2010 1899 M.
2047 1833 2363 1925 Agrippas

249 1957 318 2009 et
339 1940 540 2009 Juliae
569 1939 812 2025 filiam,
837 1956 908 2009 et
929 1964 1014 2009 ex
1040 1966 1122 2009 ea
1143 1966 1388 2009 novem
1411 1940 1661 2009 liberos
1690 1940 1877 2010 tulit:
1911 1964 2202 2036 quonum
2224 1939 2365 2010 duo

247 2051 534 2120 infantes
564 2050 789 2121 adhuc
813 2053 1026 2145 rapti,
1055 2076 1236 2121 unus
1257 2049 1403 2145 jam
1428 2076 1840 2146 puerascens
1856 2106 1874 2137 ‚
1912 2055 2159 2145 insigni
2190 2053 2369 2121 festi·

249 2166 476 2247 vitate,
509 2160 710 2256 cujus
741 2162 1037 2255 effigiem
1066 2162 1304 2232 habitu
1326 2164 1678 2257 Cupidinis
1709 2166 1783 2232 in
1804 2162 1950 2233 aede
1972 2164 2365 2258 Capitolina:-
2390 2172 2395 2183 '

250 2278 562 2343 Veneris¹
599 2279 788 2343 Livia
819 2273 1185 2358 dedicavit,
1213 2282 1563 2369 Augustus
1587 2280 1661 2343 in
1688 2276 2005 2345 cubiculo
2035 2301 2161 2345 suo
2187 2278 2366 2370 posi·

251 2405 412 2472 tam,
460 2390 998 2483 quotiescunque
1038 2390 1380 2471 introiret,
1419 2386 1957 2456 exosculabatur.
2000 2391 2218 2457 Ceteri
2258 2411 2367 2455 su·-

249 2502 566 2592 perstites
596 2502 777 2593 patri
815 2499 1114 2598 fuerunt.
1142 2505 1312 2568 Tres
1345 2523 1548 2569 sexus
1584 2497 1922 2581 feminini,
1959 2500 2327 2591 Agrippina
2346 2549 2365 2575 ‚

251 2608 574 2695 Drusilla,
599 2608 842 2678 Livilla
856 2663 874 2692 ,
902 2613 1224 2679 continuo
1247 2612 1539 2678 triennio
1563 2624 1775 2675 natae:
1802 2605 2085 2675 totidem
2107 2630 2331 2674 mares
2346 2659 2365 2690 ,

253 2725 434 2800 Nero
461 2737 524 2787 et
550 2726 814 2800 Drusus
841 2737 911 2789 et
930 2725 1002 2788 C.
1039 2726 1286 2790 Caesar.
1319 2725 1663 2788 Neronem
1696 2735 1762 2786 et
1794 2724 2130 2786 Drusum2
2169 2721 2369 2796 Sena-

251 2847 392 2914 tus,
417 2831 692 2900 Tiberio
717 2833 1120 2902 criminante
1139 2884 1158 2916 ,
1183 2832 1414 2900 hostes
1431 2829 1780 2925 judicavit.

321 3100 370 3135 2.
395 3085 482 3136 Ne
497 3085 634 3157 quid
650 3086 976 3158 gestientes...
1001 3104 1263 3138 moraren-
1354 3104 1571 3159 quoque
1594 3099 1839 3156 tempora
1859 3081 1935 3135 illi
1953 3049 2161 3135 diversa
2178 3103 2193 3132 ε
2222 3101 2369 3152 egre-

257 3173 355 3213 ur.
371 3162 652 3234 Optimam
675 3183 794 3216 eam
816 3167 1116 3235 recepimus
1138 3183 1262 3216 cum
1351 3167 1496 3237 gium
1515 3167 1625 3218 vita
1652 3167 1901 3236 famaque
1922 3161 2100 3235 quoad
2128 3164 2369 3234 privatus

255 3243 538 3296 Burmann.
569 3243 922 3318 Oudendorp.
951 3247 1157 3298 Ernest.
1185 3243 1264 3298 le-

255 3325 501 3376 ctionem.
519 3323 678 3396 vulg.
705 3326 1017 3378 moraretur?
1033 3327 1262 3378 Sensus:

255 3421 320 3457 ne
339 3403 488 3457 fores
513 3423 572 3458 se
593 3419 717 3458 vota
739 3404 960 3458 reddere
980 3407 1264 3476 gestientes

255 3481 382 3552 qtn'd
405 3481 504 3552 (id
530 3495 609 3535 est
624 3521 644 3549 ‚
669 3504 750 3548 τι,
782 3481 960 3556 aliquo
995 3482 1155 3535 modo
1180 3481 1264 3534 vel

257 3561 474 3634 aliquod
505 3565 876 3636 momentum)
907 3573 1262 3630 morarentur,

257 3639 570 3694 detinerent.

321 3721 372 3774 3.
403 3718 565 3773 Salva
587 3722 786 3787 Roma,
811 3735 914 3774 etc.
939 3723 1134 3774 Versus
1157 3735 1264 3774 tro-

259 3797 468 3852 chaicus
493 3812 795 3853 tetrameter
819 3800 1174 3854 catalecticus.

323 3879 374 3945 4.
423 3882 528 3932 Per
547 3881 715 3951 festos
749 3879 1046 3934 Decembris
1075 3877 1268 3934 mensis

259 3959 393 4020 dien
419 3959 739 4012 Saturnalia.

327 4036 377 4090 ⁵.
413 4039 721 4092 &muntia
747 4055 896 4109 qus..
915 4075 955 4088 ..
987 4054 1266 4108 repressam

263 4117 456 4171 nterii
469 4121 741 4174 sevitiam.
765 4117 922 4170 Conf.
945 4119 1079 4184 Dio,
1101 4116 1266 4184 LVII,

271 4213 342 4266 ¹9.
359 4197 528 4252 Tacit.
547 4197 740 4252 Annal.
761 4197 864 4262 VI,
891 4195 952 4248 51
973 4218 988 4248 :
1014 4219 1038 4242 κ
1059 4213 1268 4254 morum

1351 3245 1432 3298 vel
1463 3249 1520 3298 in
1552 3247 1788 3318 imperiis
1822 3243 1922 3297 sub
1962 3247 2203 3314 Augusto
2236 3243 2367 3305 fuit;

1355 3325 1627 3378 occultum
1666 3345 1729 3378 ac
1774 3323 2065 3378 subdolum
2108 3321 2369 3393 fingendis

1353 3405 1673 3472 virtutibus,
1709 3404 1884 3456 donec
1921 3401 2269 3454 Germanicus
2306 3417 2369 3468 aq

1354 3485 1563 3538 Drusus
1587 3485 1919 3557 superfuere.
1942 3507 1965 3531 ιο
1989 3529 1997 3537 ,

1424 3568 1541 3617 vn.
1569 3582 1614 3616 1.
1639 3567 1707 3617 In
1730 3565 1837 3616 oede
1862 3558 2173 3634 Capitolina!
2200 3559 2367 3614 Vene-

1355 3648 1442 3700 ris.
1489 3647 1942 3698 Commemoratur
1988 3644 2148 3696 etiam
2192 3642 2331 3693 infra
2349 3680 2367 3709 ‚

1355 3724 1510 3778 calb.
1543 3743 1662 3796 cap.
1695 3725 1775 3779 18.
1801 3723 1935 3774 Vide
1963 3721 2185 3774 Nardin.
2214 3723 2369 3772 Rom.

1353 3805 1475 3855 Vet.
1485 3807 1552 3870 V,
1578 3805 1639 3856 16
1650 3843 1667 3868 ‚
1684 3804 1775 3874 qui
1786 3841 1804 3870 ,
1818 3815 1999 3854 utrum
2011 3798 2195 3852 eadem
2212 3813 2371 3871 atque

1353 3883 1601 3953 Erycina·
1640 3882 1857 3936 Veneris
1894 3879 2031 3934 oedes
2068 3879 2264 3946 fuerit,
2300 3897 2371 3930 an

1363 3959 1567 4026 Calvoe,
1595 3979 1662 4014 an
1686 3975 1739 4014 et
1762 3961 2006 4027 alterius,
2028 3961 2291 4012 incertum
2312 3977 2369 4012 se

1357 4037 1574 4089 fatetur.

1432 4133 1480 4168 2.
1517 4117 1785 4171 Neronem
1807 4128 1862 4169 et
1876 4118 2101 4170 Drusum
2118 4153 2135 4182 ‚
2160 4128 2263 4172 etc,
2282 4115 2367 4177 Cf„

1356 4194 1535 4248 Tiber.
1564 4197 1651 4262 54.
