3050 5004
610 415 742 481 336
1130 450 1142 463 -
1361 415 1433 479 C.
1486 416 1958 481 SUETONll

606 540 712 608 dis
749 542 873 607 viis
910 562 1051 606 non
1090 536 1461 606 adhibitam
1478 591 1496 616 ,
1537 538 1680 607 luto
1710 537 2026 632 jussisset
2065 541 2359 635 oppleri,
2378 562 2717 637 congesto

606 674 731 743 per
752 648 998 717 milites
1027 650 1101 715 in
1128 664 1473 742 praetextae
1499 651 1726 717 sinum
1745 701 1762 733 ,
1789 676 1930 719 nou
1951 650 2347 735 defuerunt,
2369 657 2488 748 qui
2509 658 2718 721 inter·

608 774 1065 852 prementur,
1103 758 1511 853 quandoque
1535 759 1996 851 proculcatam
2019 760 2490 857 desertamque
2517 770 2720 831 Rem-

609 868 951 962 publicam
990 870 1169 937 civili
1206 869 1433 965 aliqua
1468 871 1975 963 perturbatione
2013 874 2084 940 in
2114 872 2398 942 tutelam
2427 872 2608 968 ejus,
2643 900 2722 943 ac

607 979 798 1047 velut
824 983 897 1047 in
926 982 1289 1072 gremium,
1320 978 1789 1048 deventuram.
1822 982 2204 1051 Prandente
2231 1008 2313 1052 eo
2339 984 2686 1079 quondam
2703 1036 2720 1067 ,

592 1092 837 1187 ‘canis⁵
866 1094 1199 1159 extrarius
1227 1115 1266 1158 e
1292 1093 1492 1159 trivio
1527 1116 1810 1161 manum
1841 1092 2214 1163 humanam
2240 1095 2496 1179 intulit,
2535 1120 2723 1163 men-

611 1225 840 1296 saeque
886 1198 1193 1295 subjecit.
1240 1205 1568 1271 Coenante
1605 1228 1877 1285 rursuS,
1925 1205 2048 1273 bos
2097 1206 2392 1289 aratorss,
2435 1205 2724 1275 decusso

605 1309 803 1404 jugo,
854 1310 1223 1379 triclinium
1267 1314 1540 1405 irrupit,
1584 1335 1664 1381 ac
1707 1313 1953 1406 fugatis
1991 1318 2350 1399 ministriS,
2396 1319 2590 1411 quasi
2625 1342 2728 1385 re-

614 1439 817 1515 pente
842 1421 1179 1506 defessus,
1206 1422 1496 1516 procidit
1518 1422 1606 1491 ad
1633 1427 1819 1517 ipsos
1847 1425 2302 1494 accumbentis
2322 1426 2531 1519 pedes
2547 1480 2564 1510 ,
2587 1450 2728 1495 cer-

613 1538 968 1628 vicemque
1015 1535 1374 1601 summisit.
1427 1535 1645 1602 Arbor
1683 1559 1956 1631 quoque
2002 1554 2408 1629 cupressus7
2451 1540 2522 1605 in
2561 1562 2726 1630 agro

614 1647 794 1713 avito
821 1647 967 1713 sine
998 1645 1138 1713 ulla
1168 1648 1235 1713 vi
1270 1648 1691 1741 tempestatis
1729 1646 1963 1714 evulsa
1991 1646 2314 1719 radicitus
2342 1666 2546 1743 atque
2573 1674 2732 1743 pro·

615 1770 853 1840 strata,
884 1758 1265 1852 insequenti
1293 1755 1402 1823 die
1430 1754 1707 1824 viridior
1733 1780 1813 1825 ac
1841 1755 2098 1823 firmior
2125 1760 2514 1825 resurrexit.
2549 1764 2633 1826 At
2657 1762 2729 1827 in

617 1866 863 1934 Achaia
912 1867 1273 1934 somniavit
1286 1865 1336 1951 ⁸,
1383 1869 1652 1934 initium
1697 1865 1824 1934 sibi
1865 1868 2138 1961 suisque
2179 1866 2509 1936 felicitatis
2553 1868 2733 1937 futu·

616 2000 801 2059 rum,
828 1974 1031 2043 simul
1059 1999 1139 2042 ac
1165 1974 1334 2043 dens
1366 1979 1620 2044 Neroni
1647 1993 1954 2045 exemtus
1983 1993 2163 2045 esset
2191 2004 2205 2045 :
2233 1981 2594 2074 evenitque
2610 2030 2628 2061 ,
2655 1995 2734 2046 ut

610 2086 928 2181 'sequenti
979 2084 1087 2153 die
1138 2108 1535 2178 progressus
1588 2088 1656 2152 in
1707 2089 1952 2153 atrium
1995 2087 2302 2155 medicus
2347 2086 2620 2156 dentem
2669 2090 2732 2157 ei

618 2195 1033 2277 ostenderet,
1074 2210 1337 2262 tantum
1375 2193 1558 2291 quod
1595 2212 1961 2263 exemtum.
2005 2195 2205 2289 Apud
2241 2198 2551 2267 Judaeam
2581 2202 2736 2266 Car-

618 2307 780 2377 meli
802 2310 923 2377 Dei
948 2306 1337 2376 oraculum9
1361 2307 1826 2376 consulentem
1854 2310 1947 2375 ita
1973 2307 2457 2379 confirmavere
2480 2328 2698 2379 sortes
2715 2360 2734 2390 ‚

618 2515 851 2566 ctionem
873 2511 1148 2566 suaderem
1171 2513 1530 2584 perturbatam
1545 2514 1631 2566 de-
1721 2532 1946 2586 procera
1975 2528 2029 2567 et
2059 2514 2220 2567 latior
2245 2515 2476 2587 (laetior)
2504 2514 2731 2568 virebat:

614 2605 961 2665 spectemque.
972 2592 1077 2646 Sed
1087 2606 1215 2645 nota
1226 2613 1306 2646 res
1318 2607 1415 2659 est,
1426 2595 1481 2645 in
1491 2611 1633 2645 com·
1719 2595 1920 2664 grande
1933 2593 1987 2646 id
2000 2612 2447 2666 prosperumque,
2465 2613 2733 2648 consensu

618 2671 989 2744 putationibus
1008 2690 1120 2724 non
1140 2673 1351 2744 singula
1371 2671 1632 2725 vocabula
1720 2671 2098 2746 haruspicium
2143 2687 2194 2725 et
2231 2691 2437 2726 summa
2470 2673 2734 2727 claritudo

620 2749 863 2821 urgenda
882 2769 1014 2803 esse.
1037 2752 1330 2823 Saepissime
1350 2754 1536 2804 miscet
1550 2753 1633 2804 Ci-
1715 2755 1900 2823 juveni
1928 2751 2216 2804 admodum
2239 2756 2572 2827 Vespasiano
2600 2773 2734 2826 pro-

620 2848 743 2882 cero
776 2830 835 2880 in
868 2828 1067 2883 dilectu
1103 2829 1487 2882 vocabulorum
1524 2829 1632 2883 duo
1719 2832 1893 2882 missa.
1912 2853 1934 2877 ι»
1953 2831 2035 2884 cf.
2053 2830 2252 2905 Xiphil.
2273 2833 2420 2905 apud
2434 2853 2589 2905 quem
2606 2833 2736 2887 levis

620 2906 856 2962 membra
878 2911 1323 2981 comparationis,
1344 2924 1400 2962 ut
1415 2929 1631 2983 compa·
1721 2909 1900 2963 denuo
1933 2909 2232 2977 dissensus,
2267 2913 2418 2985 quod
2449 2915 2734 2966 Suetonius

620 3002 737 3040 rato
756 2987 997 3054 addatur,
1008 2988 1151 3060 quod
1166 2993 1497 3062 comparanti
1510 3009 1634 3043 con·
1721 2991 1831 3042 sine
1866 2989 1980 3042 ulla
2017 2993 2072 3043 vi
2107 2993 2444 3063 tempestatis,
2487 2994 2604 3063 ipse
2643 2991 2735 3044 &nt

620 3068 886 3134 veniebat,
904 3069 989 3121 vel
1006 3083 1212 3122 contra.
1236 3071 1315 3122 Ita
1332 3069 1387 3122 h.
1408 3070 1447 3122 Ι.
1467 3073 1633 3124 deser-
1721 3069 1920 3138 σφοδροῦ
1946 3066 2214 3133 muhamet
2243 3069 2542 3122 concidisse
2571 3069 2736 3122 arbo-

624 3159 731 3198 tam
758 3148 967 3219 egregie
991 3147 1279 3219 respondet
1300 3149 1392 3215 iis,
1418 3167 1534 3220 quoe
1555 3167 1636 3202 se·-
1723 3167 1854 3214 rem,
1873 3147 2077 3216 dicunt,
2095 3150 2309 3202 Tacitus
2331 3146 2644 3221 simpliciter
2661 3167 2737 3201 re·

622 3241 880 3302 quuntur,
905 3229 961 3280 in
984 3227 1201 3282 tutelam
1228 3233 1354 3303 ejus.
1372 3270 1385 3282 .
1401 3269 1413 3282 .
1442 3231 1634 3284 deven—
1719 3237 1898 3297 pente·

624 3319 813 3362 turum.
1797 3307 1847 3360 8.
1888 3306 1962 3359 At
1989 3309 2046 3358 in
2067 3307 2272 3359 Achaia
2298 3309 2609 3376 somniavit,
2633 3321 2736 3362 etc.

698 3385 747 3442 5.
770 3387 1071 3440 Prandente
1087 3407 1203 3442 eo...
1231 3389 1401 3456 canis,
1426 3401 1527 3441 etc.
1550 3389 1633 3442 cf.
1723 3386 1804 3439 cf.
1833 3384 2033 3457 xiphil.
2061 3386 2097 3437 l.
2123 3405 2170 3438 c.
2187 3389 2478 3440 —Atrium
2505 3403 2586 3443 est
2607 3389 2736 3443 aedis

624 3468 827 3541 Xiphil.
846 3468 1037 3536 LXVI,
1070 3484 1089 3519 ι
1102 3507 1115 3520 .
1724 3468 1980 3534 Neronis,
2001 3487 2031 3518 e
2045 3471 2200 3540 cujus
2219 3467 2470 3522 cubiculo
2489 3469 2742 3522 veniebat

696 3548 747 3600 6.
799 3550 1113 3601 Coename...
1129 3587 1142 3600 .
1183 3550 1270 3603 bos
1296 3559 1496 3616 arator,
1532 3563 1633 3602 etc.
1725 3545 2178 3602 medicus.—Pro
2203 3561 2407 3604 tantum
2427 3542 2600 3624 qtiod,
2625 3551 2740 3624 ple·

627 3628 829 3701 xiphil.
858 3626 966 3681 loc.
997 3629 1084 3682 cit.
1350 3661 1359 3670 ·
1725 3629 1876 3700 rique
1913 3627 2036 3680 libri
2075 3641 2364 3683 recenter-e
2397 3631 2736 3702 glossemate.

701 3725 750 3779 7.
789 3709 963 3762 Arbor
980 3728 1189 3783 quoque
1214 3727 1501 3780 cupressus,
1531 3721 1633 3762 etc.
1797 3725 1848 3776 9.
1900 3707 2130 3762 Carmeli
2163 3709 2267 3760 Dei
2295 3710 2594 3776 oraculum,
2637 3725 2741 3764 etc.

627 3788 799 3840 Tacit.
834 3788 967 3840 Hist.
998 3789 1073 3854 11,
1099 3789 1165 3857 78
1180 3826 1197 3855 ‚
1230 3809 1253 3833 ιι
1272 3787 1638 3840 Recursabant
1727 3787 1893 3840 Tacit.
1928 3787 2063 3839 Hist.
2097 3788 2172 3852 11,
2205 3789 2303 3856 78:
2340 3811 2362 3834 ι
2379 3789 2470 3841 Est
2501 3791 2742 3844 sudeam

628 3867 806 3918 animo
824 3878 1002 3916 vetera
1027 3866 1221 3917 omina.
1242 3865 1541 3936 Cupressus
1559 3885 1639 3918 ar·
1727 3869 1867 3921 inter
1891 3867 2200 3940 Syriamque
2223 3868 2522 3937 Carmelus,
2547 3873 2620 3923 ita
2645 3887 2742 3922 vo·

629 3944 734 3997 bor
752 3947 805 3996 in
830 3945 967 4016 agris
988 3945 1132 4013 ejus,
1153 3947 1446 4016 conspicua
1468 3945 1644 3999 altitu·
1731 3960 1857 4000 cant
1879 3959 2114 3999 montem
2133 3947 2442 4019 Deumque,
2463 3965 2563 4000 nec
2583 3951 2743 4001 simu-

631 4023 786 4086 dine,
819 4034 1037 4094 repente
1075 4021 1404 4095 prociderat3
1447 4042 1511 4076 ac
1543 4043 1644 4095 po-
1731 4025 1934 4078 lacrum
1951 4025 2063 4078 Deo
2085 4039 2176 4078 aut
2190 4027 2446 4098 templum
2469 4029 2628 4079 situm
2647 4040 2748 4079 tra-

633 4101 887 4170 steradie‚
902 4100 1089 4154 eodem
1108 4103 1327 4171 vestigio
1342 4121 1642 4177 resurgens,
1732 4103 1913 4158 didere
1933 4107 2189 4175 majores,
2209 4119 2354 4158 aram
2373 4119 2580 4159 tantum
2599 4121 2652 4160 et
2671 4126 2747 4162 re.
