3050 5004
619 496 740 562 130

1355 492 1427 556 c,
1481 462 1951 558 suETONn

607 646 811 715 super
833 620 959 689 hos
982 616 1373 712 Polybium⁷
1401 642 1443 684 a
1472 616 1711 686 studiis
1731 671 1748 699 ,
1786 622 1901 713 qui
1927 642 2106 712 saepe
2137 622 2315 689 inter
2336 620 2509 691 duos
2529 626 2704 692 Con·
2768 608 2789 627 ⁵

606 732 788 801 sules
819 726 1243 797 ambulabat:
1284 727 1406 795 sed
1435 746 1595 796 ante
1624 753 1861 797 omnes
1890 730 2313 798 Narcissum⁸
2349 732 2437 799 ab
2464 736 2707 827 episto-

562 889 568 897 ·
601 844 684 912 lis
700 894 728 926 ,-
750 860 816 911 et
842 840 1213 909 Pallantem
1242 863 1283 905 a
1307 839 1751 923 rationibus-‚Q
1782 864 1953 935 quos
1986 838 2259 910 decreto
2286 868 2560 946 quoque
2592 850 2707 915 Se-

601 973 801 1024 natus
839 976 980 1020 non
1018 952 1310 1045 praemiis
1354 950 1559 1019 modo
1600 952 2018 1043 ingentibus,
2060 955 2177 1023 sed
2218 970 2287 1022 et
2326 960 2705 1052 quaestoriis

604 1066 1072 1160 praetoriisque
1087 1065 1499 1129 ornamentis
1515 1072 1566 1101 ¹⁰
1583 1060 1902 1131 honorari
1914 1063 2131 1133 libens
2148 1088 2385 1157 passus
2404 1082 2505 1134 est
2520 1121 2538 1151 ,
2556 1084 2705 1135 tan·

599 1194 746 1245 tum
777 1192 1103 1271 praeterea
1125 1176 1477 1268 acquirere
1504 1189 1573 1239 et
1600 1197 1838 1266 rapere
1858 1226 1875 1255 ,
1903 1190 2011 1258 nt,
2039 1191 2365 1269 querente
2392 1200 2475 1244 eo
2501 1202 2708 1273 quon-

601 1286 759 1355 dam
785 1283 872 1353 de
901 1284 1044 1353 fisci
1075 1286 1470 1377 exiguitate,
1504 1307 1645 1351 non
1677 1284 1969 1353 absurde
1996 1288 2084 1353 sit
2104 1284 2392 1372 dictum,
2431 1318 2459 1349 α
2478 1288 2709 1357 Abun-

600 1396 920 1467 daturum
936 1448 954 1478 ,
981 1396 1038 1462 si
1057 1418 1094 1462 a
1113 1392 1382 1463 duobus
1399 1392 1657 1462 libertis
1680 1396 1751 1461 in
1770 1398 2186 1463 consortium
2204 1400 2638 1491 reciperetur.
2667 1430 2695 1461 υ

683 1511 927 1575 XXIX.
981 1508 1102 1573 His
1120 1558 1136 1589 ‚
1165 1520 1243 1573 ut
1263 1505 1400 1573 dixi
1417 1520 1436 1552 ¹
1455 1557 1472 1588 ‚
1499 1504 1961 1600 uxoribusque
1986 1505 2292 1575 addictus
2308 1560 2325 1589 ,
2352 1532 2493 1576 non
2517 1512 2707 1577 Prin-

597 1621 816 1713 cipem
831 1671 849 1701 ,
869 1614 990 1684 sed
1007 1618 1394 1684 ministrum
1412 1618 1614 1708 egit&
1630 1614 2047 1708 Compendio
2065 1614 2395 1713 cujusque
2414 1617 2663 1688 horum
2683 1671 2702 1700 ,

595 1824 664 1877 de
679 1822 990 1897 spectaculo
1003 1860 1020 1890 ‚
1039 1822 1281 1895 privatim
1299 1818 1445 1874 edito
1463 1840 1609 1895 quoe-

596 1918 710 1956 stus
735 1922 927 1970 causa,
953 1920 1016 1953 ex
1036 1899 1276 1953 admissis
1301 1902 1618 1972 percipien-,

597 1986 681 2053 di,
702 1983 756 2036 h.
779 1984 815 2036 l.
841 1983 908 2035 de
923 1986 1046 2052 jure
1069 1982 1374 2054 spectacula
1397 1980 1609 2052 publice

599 2065 824 2129 edendi,
864 2062 1012 2135 quod
1048 2063 1271 2114 licuerat
1302 2061 1408 2113 huc
1437 2080 1607 2133 usque

599 2144 994 2217 magistratibus
1031 2156 1272 2209 tantum,
1305 2142 1424 2193 filiis
1452 2143 1603 2193 Priu-

596 2226 813 2293 cipum,
849 2220 1150 2293 quibusque
1189 2219 1304 2271 aliis
1338 2220 1605 2291 Principes

597 2320 716 2355 eam
734 2319 917 2352 curam
937 2318 1036 2351 suo
1060 2302 1273 2351 nomine
1294 2296 1608 2351 demandas-

598 2394 734 2445 sent,
751 2377 895 2432 unde
911 2378 1124 2429 minime
1137 2376 1344 2448 publice
1356 2395 1454 2448 pro
1473 2377 1609 2447 glos-

600 2478 656 2512 sa
670 2454 1032 2512 damnandum
1043 2455 1426 2521 eratErnestio‚
1443 2473 1608 2529 quum

599 2542 654 2592 in
675 2557 742 2592 eo
769 2555 976 2590 summa
1001 2534 1222 2588 honoris
1244 2549 1499 2588 versetur.

673 2636 722 2689 7.
761 2618 840 2669 Ac
861 2635 1018 2687 super
1039 2615 1130 2668 hos
1153 2613 1439 2686 Polybium
1455 2652 1471 2681 ,
1504 2628 1605 2668 etc.

601 2699 680 2751 cf.
718 2698 849 2761 Dio,
883 2695 1007 2760 Lx,
1046 2710 1127 2763 29.
1155 2692 1235 2746 Ad
1270 2691 1416 2745 hunc
1453 2693 1611 2746 Sene-

602 2797 676 2829 cae
699 2790 780 2829 est
815 2771 1132 2826 consolatio.
1160 2772 1293 2824 Cum
1323 2771 1608 2824 Messalina

603 2857 774 2927 stupri
866 2852 1244 2905 commercium
1320 2849 1571 2903 habuisse
1590 2887 1607 2916 ,

603 2934 671 2986 nb
709 2932 890 2986 eadem
931 2929 1228 2995 sublatum,
1270 2929 1436 2981 tradit
1477 2932 1609 2992 Dio,

600 3014 720 3078 Lx,
741 3012 827 3064 31.

674 3093 724 3145 8.
737 3089 968 3144 Sedante
981 3106 1158 3140 omnes
1167 3089 1488 3154 Narcissum,
1505 3103 1606 3141 etc.

603 3173 753 3242 cujus
771 3168 1002 3222 consilio
1024 3167 1313 3220 Messalina
1337 3169 1494 3238 periit
1513 3167 1606 3237 (cf.

600 3252 770 3302 Tacit.
801 3251 904 3314 Xl,
949 3264 1017 3319 29
1059 3248 1234 3320 seq),
1277 3247 1345 3299 ad
1385 3261 1609 3300 mortem

599 3344 788 3402 postea
833 3326 1080 3380 adactum
1132 3329 1434 3400 Agrippinae
1481 3327 1609 3379 odio

599 3409 700 3462 sub
711 3411 938 3462 Neronis
950 3406 1449 3482 principatu('l'acit.
1465 3409 1610 3475 xm,

608 3492 673 3562 ι).
699 3491 880 3542 Exstat
903 3487 1049 3558 apud
1072 3489 1230 3540 Dion.
1256 3489 1378 3555 Lx,
1405 3489 1506 3556 34,
1531 3489 1610 3540 fa-

601 3583 746 3622 ctum
775 3571 888 3638 ejus
913 3567 1125 3635 nobile,
1149 3565 1344 3639 quum,
1373 3569 1607 3620 immisso

600 3649 700 3701 sibi
728 3661 852 3720 post
882 3645 1090 3699 Claudii
1123 3659 1347 3698 mortem
1383 3665 1605 3720 percus·-

600 3747 718 3781 sore
736 3766 753 3794 ‚
769 3745 981 3788 omnes,
1003 3744 1115 3799 quae
1137 3727 1195 3777 in
1215 3744 1312 3777 sua
1337 3739 1490 3778 erant
1509 3745 1611 3796 po·-

599 3822 819 3871 testate,
849 3805 1153 3877 quibusque
1183 3818 1387 3857 secreta
1414 3803 1609 3858 adver-

597 3907 686 3942 sus
751 3888 1095 3958 Agrippinam
1159 3885 1571 3938 continebantur
1591 3923 1607 3952 ,

599 3967 808 4021 Claudii
829 3967 1004 4017 literas
1032 3967 1357 4016 cremaverit.

669 4065 721 4118 9.
761 4048 834 4098 Et
873 4044 1176 4096 Pallantem
1223 4065 1256 4096 a
1303 4043 1605 4097 rationibus.

601 4129 754 4179 Hunc
771 4163 787 4191 ,
817 4123 1073 4176 ducentiae
1101 4125 1402 4195 Agrippinae
1431 4135 1484 4176 et
1507 4122 1607 4176 ad-

597 4205 822 4280 optandi
847 4206 1074 4257 Neronis
1097 4216 1366 4255 auctorem
1383 4239 1401 4271 ‚
1425 4221 1585 4274 super

1694 1821 1785 1875 bia
1809 1841 1916 1875 non
1946 1824 2123 1877 minus
2148 1788 2601 1896 quam’immensis
2626 1824 2707 1877 di·

1696 1902 1832 1953 vitiis
1846 1902 2133 1972 insignem,
2153 1902 2296 1953 Nero
2318 1903 2595 1955 interfecit.
2620 1902 2704 1956 Cf.

1656 2004 1666 2009 ·
1694 1982 1866 2034 Tacit.
1888 1982 2077 2033 Annal.
2098 1983 2238 2046 XIV,
2258 1982 2345 2035 65.
2369 1981 2525 2034 Plura
2551 1982 2617 2034 de
2638 2000 2705 2035 eo

1696 2059 1790 2112 dat
1812 2062 2038 2113 Reimar.
2066 2061 2134 2113 ad
2156 2059 2358 2133 Xiphil.
2386 2063 2526 2128 LXI,
2551 2062 2604 2114 3.

1774 2156 1791 2190 1
1804 2158 1854 2193 0.
1876 2140 1979 2193 Sed
1990 2152 2041 2192 et
2053 2140 2339 2214 quoeston't‘s
2349 2142 2711 2214 praetoriisque

1698 2223 2043 2288 ornamentis,
2069 2234 2171 2274 etc.
2196 2223 2364 2273 Tacit.
2387 2222 2579 2275 Anna'l.
2604 2224 2709 2289 XI,

1696 2300 1765 2354 38
1784 2338 1799 2366 ‚
1842 2322 1864 2345 ει
1884 2300 2097 2353 decreta
2141 2301 2391 2353 Narcisso
2434 2303 2710 2374 quoestoria

1698 2377 1923 2451 insignia
1944 2402 1966 2425 ι»
1995 2392 2117 2451 post
2142 2381 2473 2431 interemtam
2502 2382 2711 2433 Messa-

1696 2458 1877 2512 linam.
1904 2460 2158 2514 Proetoria
2177 2462 2343 2512 serius
2368 2460 2469 2513 sub
2487 2460 2709 2514 Nerone

1698 2537 1822 2589 data
1858 2537 2113 2606 Pallanti,
2158 2538 2321 2591 tradit
2361 2539 2540 2606 idem,
2576 2541 2709 2609 ΧΠ,

1700 2616 1767 2670 53
1784 2657 1801 2683 ,
1830 2641 1852 2664 κ
1874 2616 2154 2669 Pallanti...
2176 2620 2421 2690 praetort'a
2440 2619 2707 2694 'insi-qnia,

1700 2709 1755 2750 et
1782 2699 1982 2750 centies
2010 2699 2364 2771 quinquagies
2398 2700 2709 2752 Sestertium

1700 2777 1906 2828 censuit
1921 2774 2116 2827 Consul
2139 2774 2462 2846 designatus.
2482 2799 2504 2824 ι
2525 2779 2603 2830 De
2624 2797 2713 2830 eo-

1699 2853 1819 2906 dem
1850 2855 2308 2906 senatusconsulto
2342 2858 2562 2928 ejusque
2584 2876 2708 2910 mo-

1698 2947 1954 2984 numento
1978 2932 2098 2985 vide
2126 2932 2255 2985 Plin.
2282 2934 2445 3004 Epist.
2463 2937 2584 3002 vll,
2612 2952 2709 3006 29,

1700 3023 1755 3062 et
1791 3013 1904 3064 vm
1925 3050 1942 3078 ‚
1982 3013 2033 3066 6.
2074 3012 2173 3063 Pro
2216 3010 2378 3064 verbo
2422 3011 2705 3080 honorari,

1699 3089 1849 3161 quod
1864 3091 2118 3143 Suetonio
2138 3092 2621 3162 frequentissimum
2644 3113 2711 3146 ex

1700 3170 1914 3238 optimis
1934 3169 2101 3221 Codd.
2128 3182 2181 3221 et
2199 3169 2503 3223 Casauboni
2522 3184 2713 3225 aueto-

1699 3248 1854 3300 ritate
1878 3251 2161 3300 Burmann.
2191 3262 2243 3299 et
2262 3248 2511 3302 Oudend.
2533 3249 2710 3303 admi-

1699 3345 1813 3380 sere
1830 3365 1847 3394 ,
1886 3327 2028 3399 vulg.
2067 3331 2244 3382 ornari
2264 3367 2283 3395 ,
2332 3330 2478 3401 quod
2516 3332 2707 3384 Graeco

1698 3425 1847 3459 more
1878 3408 2193 3460 ornamentis
2213 3411 2542 3479 jungeretur.

1769 3489 1957 3542 XXIX.
1992 3507 2036 3540 1.
2073 3489 2142 3540 Ut
2168 3489 2308 3551 dixi,-
2334 3509 2455 3562 cap.
2491 3487 2584 3555 25,
2610 3491 2709 3544 fin.

1696 3566 1937 3620 Delenda
1959 3567 2069 3619 haee
2090 3565 2249 3619 verba
2270 3567 2549 3638 judicabat
2574 3573 2711 3622 Tor-

1700 3649 1919 3699 tentius.

1773 3745 1821 3778 2.
1839 3729 1963 3781 Non
1980 3728 2296 3800 Pdncipm,
2308 3729 2395 3782 secl
2408 3730 2708 3783 ministrum

1698 3808 1817 3880 eqit.
1854 3807 2182 3874 Delevimus,
2221 3807 2369 3880 quod
2402 3809 2511 3860 fieri
2534 3812 2711 3881 jusse-

1698 3900 1821 3940 rant
1846 3887 2082 3941 Graevius
2114 3903 2167 3942 et
2200 3889 2477 3958 Oudend.,
2505 3909 2557 3943 se
2580 3905 2709 3963 post

1654 4017 1663 4026 ,
1698 3967 1996 4040 Principem
2015 4005 2031 4032 ,
2066 3981 2251 4018 uatum
2280 3987 2309 4020 e
2338 3971 2578 4040 proximo
2608 3987 2709 4022 vo-

1699 4045 1818 4097 cab.
1834 4045 1933 4097 sed.
1950 4047 2237 4116 Nunquam
2250 4065 2301 4100 se
2316 4047 2511 4100 addere
2526 4051 2578 4102 in
2599 4038 2709 4102 hac

1696 4123 1929 4177 dictione
1950 4126 2203 4176 Nostrum
2218 4163 2235 4190 ,
2270 4126 2511 4198 exempla
2535 4125 2709 4201 pluri·

1699 4223 1785 4258 ma
1818 4217 1939 4256 sunt
1955 4241 1973 4268 ‚
2012 4221 2186 4274 neque
2222 4203 2525 4257 addendum
2556 4225 2670 4260 esse
2688 4244 2705 4272 ‚
