3050 5004
676 478 801 547 106
1416 482 1490 545 C.
1543 480 2013 547 SUETONII

664 607 751 674 ad
790 602 1329 675 subveniendum
1363 605 1676 673 hortatus
1710 622 1844 691 est,
1877 624 2372 700 repraesentans
2400 632 2528 701 pro
2563 633 2772 704 opera

667 717 941 810 dignam
968 720 1213 812 cuique
1233 717 1641 787 mercedem.
1673 721 1936 786 Artiore
1958 734 2186 787 autem
2219 719 2649 789 annonafflob
2659 746 2771 791 as-

667 827 895 896 siduas
914 827 1295 898 sterilitates
1313 882 1331 913 ,
1353 828 1665 923 detentus
1687 829 2032 925 quondam
2049 831 2272 898 medio
2292 837 2466 899 Foro
2484 822 2770 914 aturba,

664 942 1116 1035 conviciisque
1152 956 1222 1008 et
1254 940 1457 1009 simul
1496 940 1940 1033 fragminibus
1981 943 2176 1034 panis
2213 944 2306 1009 ita
2343 942 2366 981 ⁵
2383 942 2734 1012 infestatus
2751 997 2772 1027 ,

666 1068 744 1117 ut
770 1072 979 1142 aegre,
1014 1073 1143 1117 nec
1165 1052 1295 1118 nisi
1329 1053 1620 1143 postico,
1653 1047 1988 1119 evadere
1970 1076 2042 1117 ιιι
2081 1050 2412 1121 Palatium
2444 1052 2734 1122 valuerit
2753 1104 2773 1135 ,

664 1161 832 1230 nihil
856 1187 998 1230 non
1025 1187 1110 1233 ex
1136 1188 1218 1232 eo
1246 1160 1680 1257 excogitavit⁶
1716 1162 1805 1230 ad
1830 1162 2258 1233 invehendos
2273 1167 2476 1233 etiam
2509 1167 2581 1232 in
2609 1180 2774 1233 tem

663 1295 833 1366 pore
869 1256 1153 1341 hiberno
1193 1289 1636 1341 commeatus.
1683 1278 1853 1340 Nam
1905 1287 1976 1341 et
2015 1274 2544 1367 negotiatoribus
2589 1290 2778 1343 certa

664 1384 855 1452 lucra
890 1388 1273 1480 proposuit,
1312 1401 1626 1479 suscepto
1664 1388 1735 1451 in
1773 1407 1846 1452 se
1883 1384 2172 1468 damno,
2208 1388 2267 1453 si
2302 1388 2412 1455 cui
2449 1383 2614 1481 quid
2647 1410 2780 1479 per

666 1512 1097 1589 tempestates
1133 1496 1483 1566 accidisset
1496 1549 1515 1580 ,
1549 1512 1618 1566 et
1651 1520 1860 1565 naves
1895 1512 2296 1564 mercaturae
2334 1520 2540 1565 causa
2572 1496 2781 1565 fabri-

665 1604 973 1677 cantibus
1008 1634 1257 1703 megna
1290 1608 1650 1679 commoda
1687 1610 2032 1676 constituit
2048 1660 2066 1691 ,
2105 1611 2356 1696 (XIX.)
2385 1634 2514 1703 pro
2547 1608 2782 1676 condi-

665 1723 847 1788 tione
881 1718 1254 1817 cujusque:
1292 1723 1457 1789 civi?
1470 1772 1487 1802 ,
1522 1720 1945 1811 vacationem
1979 1718 2146 1811 legis
2185 1722 2406 1813 Papiae
2437 1725 2781 1813 Poppaeae3

666 1884 843 1936 babile
864 1903 927 1936 cx
946 1884 1169 1955 August.
1193 1882 1279 1937 30.
1295 1912 1367 1923 —
1383 1884 1678 1955 Reproesen·

668 1972 783 2013 tam
810 1981 874 2014 ex
899 1964 1119 2033 optimis
1152 1960 1326 2015 codd.
1356 1973 1409 2013 et
1436 1960 1560 2014 edd.
1589 1980 1677 2013 re-

668 2042 954 2091 stituerunt
998 2041 1281 2092 Burmann.
1328 2054 1384 2092 et
1424 2038 1673 2092 Oudend.

668 2136 767 2191 pro
796 2130 1266 2191 reproesentaturus.
1296 2148 1367 2159 -—-
1392 2119 1498 2172 Pro
1518 2136 1676 2191 opera

666 2211 811 2249 recte
844 2200 1182 2270 interpretari
1220 2197 1576 2271 Oudendorp.
1611 2196 1677 2249 de

668 2276 833 2329 modo
859 2290 912 2329 et
934 2280 1283 2351 proportione
1307 2296 1483 2349 operae
1508 2278 1561 2328 in
1591 2295 1681 2327 ex-

668 2360 989 2429 stinguendo
1012 2360 1257 2412 incendio
1284 2359 1560 2425 adhibitae,
1579 2356 1678 2409 do·

668 2452 781 2504 cet,
809 2439 957 2512 quod
984 2457 1201 2491 monere
1229 2437 1319 2492 ille
1340 2438 1678 2511 neglexerat,

668 2517 907 2571 additum
932 2520 1165 2594 dignam.

742 2598 792 2664 4.
830 2599 1038 2652 Artiore
1072 2612 1249 2652 autem
1284 2618 1533 2666 annona,
1575 2611 1675 2650 etc.

669 2678 753 2729 cf.
776 2679 877 2728 Dio
895 2715 911 2745 ,
928 2679 1052 2745 Lx,
1075 2697 1092 2731 ι
1112 2697 1164 2745 1,
1187 2678 1255 2730 ad
1276 2697 1399 2732 ann.
1417 2677 1539 2750 795.
1562 2680 1678 2730 Huc

672 2767 847 2807 tamen
862 2757 1027 2826 magis
1041 2759 1290 2827 pertinet,
1305 2757 1452 2828 quod
1466 2754 1539 2807 ad
1551 2774 1677 2808 ann.

673 2833 777 2886 805
805 2834 973 2885 Tacit.
1004 2834 1196 2888 Annal.
1218 2837 1346 2903 ΧΠ,
1366 2836 1435 2902 43
1462 2858 1474 2886 :
1506 2858 1530 2880 ει
1549 2837 1680 2886 Fru-

672 2929 797 2982 gum
820 2929 1035 2985 quoque
1058 2925 1288 2982 egestas,
1309 2927 1363 2965 et
1386 2925 1499 2965 orta
1524 2930 1589 2964 ex
1613 2931 1678 2965 eo

672 2991 840 3043 fames
854 3029 871 3055 ,
891 2993 945 3042 in
963 2990 1269 3064 prodigium
1294 2991 1676 3062 accipiebatur.

672 3071 785 3122 Nec
821 3069 1019 3123 occulti
1054 3084 1258 3124 tautum
1294 3084 1511 3142 questus
1532 3109 1548 3138 ,
1587 3069 1680 3123 sed

670 3152 787 3220 jura
812 3149 1121 3202 reddentem
1144 3148 1429 3202 Claudium
1452 3152 1678 3202 circum-

672 3249 849 3284 vasere
890 3231 1211 3284 clamoribus
1251 3230 1479 3283 turbidis
1502 3268 1520 3296 ,
1562 3231 1681 3302 pul·

673 3329 897 3384 sumque
925 3313 979 3362 iu
1008 3325 1291 3364 extremam
1320 3313 1441 3364 Fori
1472 3324 1680 3382 partem

674 3392 723 3443 vi
748 3391 1042 3462 urgebant,
1064 3390 1239 3442 donec
1266 3391 1489 3443 militum
1512 3389 1678 3461 globo

674 3474 911 3524 infensos
940 3473 1191 3543 perrupit.
1222 3470 1540 3538 Quindecim
1567 3469 1684 3522 ‹lie-

674 3571 789 3604 rum
816 3549 1063 3603 alimenta
1090 3551 1255 3618 Urbi,
1282 3570 1391 3602 uon
1421 3551 1680 3622 amplius,

674 3633 999 3704 superfuisse
1050 3633 1287 3684 constitit
1310 3671 1327 3699 ,
1382 3649 1680 3703 magnaque

672 3711 842 3763 Deum
859 3711 1213 3782 benignitate,
1232 3724 1283 3762 et
1298 3709 1558 3763 modestia
1572 3709 1682 3762 hie-

673 3794 801 3858 mis,
828 3791 987 3844 rebus
1015 3793 1261 3843 extremis
1290 3791 1674 3844 subventum.

672 3873 753 3924 De
772 3831 973 3943 duplici
990 3871 1159 3936 fame,
1191 3889 1306 3942 quoe
1324 3872 1379 3922 in
1399 3871 1682 3944 imperium

626 3947 629 3954 '
673 3948 881 4002 Claudii
908 3948 1127 4016 incidit,
1163 3963 1215 4001 et
1243 3949 1425 4014 tertia,
1452 3967 1562 4019 qua
1587 3951 1681 4000 Ju-

672 4026 787 4078 daea
810 4041 992 4080 vexata
1016 4041 1095 4079 est
1124 4027 1371 4098 (Joseph.
1398 4028 1530 4093 XX,
1567 4044 1595 4078 2
1629 4039 1682 4078 et

1843 1881 1892 1931 5.
1938 1878 2238 1949 Infestatus.
2275 1880 2350 1932 Ita
2383 1881 2596 1933 Memm.
2637 1880 2782 1933 liber

1767 1957 1982 2031 aliique.
2011 1956 2148 2011 Vide
2168 1956 2520 2030 Oudendorp.
2536 1997 2554 2023 ,
2575 1960 2672 2031 qui
2693 1978 2783 2012 re—

1765 2035 1898 2089 fellit
1952 2038 2310 2089 But-mannum
2331 2074 2350 2103 ,
2399 2035 2782 2090 defendentem
2801 2086 2804 2095 ,

1765 2114 1906 2186 vulg.
1929 2116 2172 2169 instram
2189 2128 2250 2167 ut
2263 2118 2590 2188 exquisitius.
2616 2119 2776 2171 Oros.

1765 2198 1891 2262 vll,
1925 2198 1992 2264 6,
2031 2220 2053 2243 ι
2073 2198 2324 2268 Sequenti
2357 2215 2501 2249 anuo
2533 2198 2783 2269 (imperii

1769 2276 1958 2331 Claud.
1979 2276 2292 2347 undecimo)
2321 2290 2470 2329 tantu
2491 2278 2657 2330 fames
2679 2280 2784 2329 Ro-

1765 2376 1862 2410 mae
1881 2358 2011 2424 fuit,
2035 2370 2095 2409 ut
2119 2356 2295 2409 medio
2319 2360 2460 2409 Foro
2483 2357 2783 2429 Imperator

1767 2449 2042 2509 correptus
2085 2454 2122 2488 o
2153 2437 2360 2508 populo
2397 2437 2648 2487 conviciis
2668 2473 2685 2501 ,
2725 2448 2784 2488 et

1768 2515 2120 2588 fragminibus
2142 2518 2298 2588 panis
2321 2518 2622 2588 turpissime
2642 2517 2784 2569 infe-

1767 2611 1964 2664 status,
1992 2617 2128 2669 aegre
2155 2615 2250 2670 per
2270 2591 2783 2670 pseudothyrum'in

1767 2679 2024 2733 Palatium
2068 2680 2336 2749 refugiens
2374 2680 2608 2731 furorem
2638 2671 2784 2730 exci-

1766 2771 1885 2812 tatae
1911 2758 2082 2830 plebis
2103 2760 2354 2825 evaserit,
2370 2781 2393 2804 υ
2422 2761 2514 2830 qui
2530 2757 2684 2810 locus
2706 2757 2782 2810 ob

1765 2853 1872 2892 tres
1907 2857 2095 2892 causas
2133 2839 2332 2892 collatu
2369 2837 2595 2909 dignus3
2630 2837 2783 2910 quod

1769 2918 2084 2990 comprobat
2132 2917 2415 2971 lectionem
2465 2918 2776 2989 infestatus,

1769 2997 1915 3070 quod
1941 2997 2167 3069 explicat
2185 2998 2424 3050 Suetonii
2441 3003 2658 3068 zeugma
2679 2995 2782 3048 ad-

1769 3075 1884 3128 dito
1913 3075 2076 3128 altero
2099 3077 2262 3128 verbo
2287 3087 2580 3148 correptus,
2605 3088 2658 3128 et
2676 3079 2784 3147 ‘po-

1767 3155 1952 3207 sticum
1977 3173 2076 3226 per
2091 3154 2516 3227 pseudothyrum.

1838 3232 1890 3284 6.
1931 3233 2088 3286 Nihil
2115 3253 2222 3287 non
2251 3253 2315 3286 ex
2342 3254 2402 3288 eo
2431 3235 2781 3309 excogitavit,

1769 3325 1870 3365 etc.
1889 3314 1966 3364 lta
1982 3310 2126 3365 edidi
2141 3333 2262 3367 cum
2277 3313 2526 3367 Oudend.
2545 3332 2608 3366 ex
2620 3329 2780 3366 acuta

1769 3393 2054 3444 Burmanni
2079 3395 2386 3463 conjectura
2404 3431 2420 3458 ,
2451 3409 2610 3462 quam
2637 3409 2785 3444 com·

1765 3469 1962 3542 probat
1990 3469 2124 3523 alter
2154 3471 2286 3524 Cod.
2323 3471 2558 3542 Optimi,
2601 3491 2625 3516 ι
2645 3467 2782 3522 nihil

1767 3571 1876 3604 non
1905 3571 1968 3604 ex
1997 3572 2062 3605 eo
2090 3553 2370 3627 cogitavit,
2392 3577 2414 3600 a·
2443 3551 2587 3604 unde
2614 3551 2786 3624 pleri·-

1770 3649 1874 3702 que
1890 3630 2062 3684 fecere
2083 3653 2106 3677 ι
2125 3629 2256 3683 nihil
2273 3649 2381 3683 non
2399 3631 2738 3700 excogitavit.
2755 3653 2781 3678 υ

1767 3709 1871 3763 Sed
1888 3707 2034 3761 haud
2057 3724 2256 3762 temere
2271 3707 2627 3779 abjiciendum
2641 3708 2788 3761 vide-

1769 3803 1860 3840 tur
1873 3790 2112 3840 omnium
2127 3806 2191 3842 ex
2202 3807 2261 3841 eo
2272 3827 2288 3855 ,
2312 3806 2477 3858 quum
2494 3786 2788 3859 probabile

1771 3867 1840 3918 sit
1858 3904 1875 3932 ,
1917 3879 2234 3938 corruptum
2273 3864 2452 3918 locum
2493 3865 2682 3917 vocab.
2728 3883 2788 3918 se

1773 3947 2151 4016 excipientium
2175 3944 2539 3999 similitudi-ne.

1844 4044 1896 4097 7.
1937 4027 2077 4087 ct‘m·;
2101 4026 2156 4077 h.
2179 4047 2226 4078 e.
2249 4045 2345 4098 pro
2369 4023 2675 4078 conditione
2697 4041 2790 4077 cu-

678 4107 743 4159 5·
730 4143 745 4167 ‚
772 4106 885 4158 Act.
912 4110 1011 4179 Ap.
1038 4109 1109 4158 xl
1127 4145 1143 4174 ,
1172 4109 1295 4174 28),
1321 4117 1570 4159 accurate
1593 4125 1680 4160 ex·
1755 4111 1983 4180 jusque,
2016 4121 2178 4177 prout
2213 4110 2372 4175 civis,
2407 4105 2490 4159 vel
2522 4107 2746 4158 Latinus
2768 4142 2787 4172 ,

674 4185 829 4256 ponit
855 4185 1059 4240 Fabric.
1087 4187 1156 4241 ad
1182 4189 1342 4241 Dion.
1366 4186 1403 4239 l.
1424 4205 1474 4238 c.

1770 4187 1852 4239 vel
1889 4189 2150 4257 sequioris
2179 4205 2332 4240 sexus
2361 4200 2554 4241 essent.
2594 4189 2789 4257 luepte
