3050 5004
1196 524 1317 587 NE
1328 524 1473 589 Ro.
2259 548 2280 588 1
2298 524 2336 588 8
2347 522 2382 589 5

216 696 223 712 ·
290 676 513 749 neque
548 656 919 748 quicquam
955 652 1131 720 serio
1162 648 1401 743 jocove
1436 652 1648 744 egerit
1667 703 1684 734 ,
1719 653 1849 718 nisi
1882 649 2190 718 adstante
2223 650 2391 744 pho-

290 787 489 833 nasco
510 816 529 847 ,
554 766 671 858 qui
692 779 1032 845 moneret,
1061 779 1369 855 parceret
1379 764 1650 829 'arteriis
1670 816 1688 846 ,
1713 786 1792 830 ac
1819 761 2170 830 sudarium
2199 761 2290 829 ad
2311 784 2388 829 os

289 874 693 967 applioeret3
722 873 1090 969 multisque
1117 872 1221 943 vel
1252 875 1618 942 amicitiam
1660 896 1854 941 suam
1894 872 2213 942 obtulerit
2230 925 2247 955 ,
2281 872 2390 940 vel

292 984 702 1053 simultatem
736 985 1085 1069 indixerit,
1122 972 1327 1079 prout
1364 988 1654 1080 quisque
1692 1008 1764 1054 se
1791 987 2004 1076 tnagis
2036 987 2390 1077 parciusve

290 1096 635 1167 laudasset
654 1109 727 1167 ²¹.

378 1212 567 1277 XXV
568 1214 621 1277 1.
675 1208 1123 1278 Petulantiam
1142 1263 1159 1294 ,
1184 1209 1532 1279 libidinem
1552 1262 1568 1293 ,
1603 1208 1940 1278 luxuriam
1960 1261 1978 1291 ‚
2003 1209 2350 1277 avaritiam
2370 1262 2388 1291 ,

294 1315 794 1403 crudelitatem,
826 1324 1080 1389 sensim
1107 1320 1384 1414 quidem
1411 1324 1632 1413 primo
1667 1336 1733 1389 et
1764 1317 2028 1388 occulte
2049 1372 2066 1401 ‚
2101 1336 2170 1387 et
2205 1317 2394 1387 velut

287 1425 568 1519 juvenili
604 1452 833 1497 errore
854 1480 870 1513 ,
906 1433 1205 1499 exercuit
1228 1446 1245 1476 ¹
1274 1456 1289 1497 ι
1332 1427 1453 1497 sed
1488 1445 1568 1496 ut
1600 1446 1764 1497 tunc
1800 1452 2072 1523 quoque
2108 1426 2394 1495 dubium

292 1539 544 1605 nemini
569 1538 744 1607 foret
759 1589 778 1620 ‚
804 1555 1064 1607 naturae
1090 1538 1207 1607 illa
1232 1542 1397 1607 vitia
1414 1592 1432 1622 ‚
1460 1564 1598 1607 non
1631 1542 1844 1606 aetatis
1869 1562 2037 1607 esse.
2066 1544 2225 1605 Post
2247 1561 2391 1606 cre-

292 1648 657 1740 pusculum
712 1652 937 1717 statim
968 1658 991 1687 ²
1012 1705 1029 1736 ,
1078 1666 1349 1745 arrepto
1400 1650 1580 1744 pileo
1629 1648 1740 1717 vel
1787 1648 2014 1741 galero
2039 1701 2058 1731 ‚
2105 1648 2390 1740 popinas

289 1852 553 1923 phonasco
579 1850 700 1905 vide
726 1852 791 1905 ad
812 1852 1037 1924 August.
1058 1873 1180 1926 cap.
1208 1854 1293 1921 84.

368 1948 386 1981 ι
404 1949 448 1983 1.
486 1928 791 2005 Multisque.
812 1972 825 1984 .
846 1970 859 1982 .
894 1945 1055 2003 prout
1084 1934 1299 2005 quisque
1388 1950 1505 2005 cap.
1535 1932 1602 2000 44
1619 1972 1636 1997 ,
1661 1954 1684 1978 ι
1699 1930 1880 2001 lingua
1903 1949 2191 2001 morsuque
2205 1929 2392 1980 sensim

292 2028 395 2063 se...
438 2010 711 2064 laudasset.
750 2009 832 2063 Cf.
873 2010 1073 2084 Xipbil.
1107 2012 1297 2078 LXIII,
1391 2024 1719 2081 appetentes.
1738 2035 1759 2057 a
1780 2012 2089 2081 Opponitur
2101 2009 2294 2071 subito,
2317 2024 2394 2057 re-

1391 1875 1413 1900 ·
1432 1853 1618 1906 sensim
1660 1870 1932 1921 regressus
1977 1851 2196 1904 domum
2216 1889 2233 1917 ,
2257 1872 2282 1897 n
2339 1863 2393 1901 et

298 2092 375 2143 15.
414 2091 709 2143 Incurrisse
748 2091 805 2142 in
846 2094 959 2161 ejus
1002 2091 1182 2143 odium
1230 2090 1301 2145 ob

294 2181 540 2237 negatum
553 2170 673 2220 voci
689 2187 847 2221 sacrae
862 2167 1007 2221 bono
1015 2189 1122 2221 rem
1137 2168 1302 2223 Thra-

296 2264 462 2311 seam,
483 2259 673 2297 auctor
694 2246 863 2313 idem,
888 2247 1025 2299 LXII
1041 2285 1058 2313 ,
1082 2246 1165 2300 26.

361 2324 552 2377 xxvi.
566 2342 585 2376 t
596 2365 608 2376 .
622 2326 985 2378 Petulantium
994 2366 1004 2377 .
1014 2369 1025 2382 .
1034 2366 1045 2378 .
1058 2328 1301 2379 exercuit.

294 2404 369 2455 De
387 2402 690 2474 petulantia
706 2404 809 2455 boc
832 2406 1007 2476 capite
1022 2407 1153 2475 agiu
1176 2424 1295 2477 cap.

296 2498 393 2553 27,
417 2482 488 2536 3ο
517 2496 572 2535 et
598 2483 661 2536 31
682 2521 701 2548 ,
734 2484 802 2536 de
834 2483 1077 2546 luxuria3
1110 2499 1297 2558 postea

294 2563 474 2616 inserit
503 2581 627 2635 cap.
657 2563 723 2616 28
756 2578 809 2616 et
844 2582 911 2636 ²9
944 2565 1011 2616 de
1049 2564 1294 2634 libidine,

294 2661 406 2714 «με
433 2647 723 2714 conjuncta
756 2663 871 2696 esse
900 2644 1035 2697 solet
1071 2665 1191 2698 cum
1218 2646 1296 2697 lu-

294 2722 471 2786 xuria;
500 2719 629 2773 inde
654 2723 840 2774 transit
864 2741 910 2774 c.
937 2723 1003 2776 32
1030 2723 1099 2775 ad
1125 2736 1295 2775 ortam

294 2819 355 2852 ex
380 2799 569 2853 eadem
598 2801 910 2864 avaritiam,·
936 2821 967 2854 a
994 2805 1169 2874 capite
1192 2803 1294 2870 33,

294 2878 359 2932 de
405 2879 719 2933 erudelitate
771 2899 1039 2952 exponere
1088 2883 1293 2953 incipit.

294 2960 480 3013 Verbis
516 2961 705 3014 sensim
746 2963 959 3034 quidem
991 2963 1167 3034 primo
1210 2980 1297 3015 re-

295 3040 525 3110 spondet
568 3042 778 3092 initium
830 3059 948 3112 cap.
992 3044 1261 3114 sequentis
1281 3080 1298 3110 ,

294 3119 563 3173 Paulatim
587 3137 733 3186 vero,
760 3133 862 3172 etc.
884 3121 1127 3174 Ceterum
1152 3119 1300 3172 dam-

295 3198 495 3264 nanda,
524 3217 685 3271 quam
712 3213 899 3251 contra
924 3219 1108 3252 omnes
1133 3199 1297 3254 libros

294 3275 567 3332 Ernestius
584 3277 762 3330 intulit
776 3277 835 3331 'et
861 3279 1131 3351 Bipontini
1152 3297 1299 3332 rece-

292 3369 517 3426 perunt,
545 3358 769 3408 mutatio
802 3355 949 3408 verbi
984 3355 1211 3408 exercuit
1242 3357 1297 3410 in

294 3437 513 3489 exseruit
534 3455 597 3488 ex
628 3434 749 3488 loco
778 3435 954 3488 Tiber.
991 3437 1094 3504 33,
1124 3459 1147 3482 ιι
1164 3437 1300 3488 Pau-

290 3511 435 3566 {atim
446 3513 743 3584 Principem
757 3515 988 3567 exseruit.
1000 3537 1021 3562 n
1036 3515 1138 3566 Res
1154 3533 1299 3585 pror·-

296 3609 379 3644 sns
392 3593 625 3645 diversa.
644 3593 788 3660 Vim,
802 3594 981 3644 vitium
996 3629 1011 3658 ,
1028 3593 1269 3644 virtutem
1282 3629 1298 3657 ,

296 3673 831 3742 potestatemexerceo
842 3693 861 3734 ,-
876 3691 986 3724 rem
1004 3710 1021 3738 ,
1040 3672 1119 3724 vel
1138 3691 1299 3723 mem-

296 3748 447 3802 brum
466 3789 483 3819 ,
499 3749 583 3803 vel
606 3769 917 3822 personam,
937 3750 1300 3804 absconditam

297 3845 450 3882 antea
470 3844 525 3882 et
537 3842 733 3881 tectam
746 3869 762 3894 ,
783 3848 983 3898 exsero,
1004 3829 1147 3904 quod
1162 3830 1301 3883 valet

295 3907 489 3962 ‘riberii
516 3907 698 3974 locus,
726 3907 822 3960 ubi
841 3911 1144 3981 Principem
1168 3927 1299 3961 exse-

296 4007 402 4041 rere
411 4003 771 4061 ettperrouam
782 3991 1043 4062 Principis
1054 4007 1295 4043 exserere.

298 4068 376 4120 cf.
400 4069 476 4121 ibi
506 4079 620 4121 not.
646 4067 853 4121 Fefellit
880 4069 1209 4135 Ernestium,
1238 4082 1299 4121 ut

300 4149 453 4220 alios,
476 4149 793 4222 significatio
814 4151 1081 4221 particulae
1090 4151 1295 4218 sensim,

302 4227 351 4280 h.
388 4249 435 4283 e.
474 4229 641 4299 lente,
676 4231 833 4283 tarde.
867 4232 945 4283 Ita
979 4231 1155 4285 Tiber.
1203 4249 1256 4284 ιι
1280 4269 1299 4299 ,

1386 2099 1570 2161 pente,
1589 2103 1668 2153 et,
1689 2088 1833 2160 quod
1851 2102 1930 2141 est
1943 2090 2116 2160 capite
2131 2087 2390 2157 proximo,

1396 2167 1503 2220 «ad
1542 2172 1744 2239 majora
1781 2168 1967 2239 palam
2001 2168 2184 2239 erupit.
2208 2188 2230 2212 υ
2277 2166 2395 2217 Nisi

1390 2264 1534 2302 certa
1561 2248 1670 2302 lia-c
1701 2263 1839 2301 esset
1863 2252 2007 2301 vocis
2031 2250 2136 2314 vis,
2161 2248 2391 2317 cogitare

1391 2329 1581 2399 aliquis
1619 2342 1797 2399 posset
1821 2328 1889 2381 de
1912 2328 2194 2381 verborum
2220 2340 2394 2378 trans-

1384 2410 1682 2479 positione,
1707 2430 1730 2454 α
1751 2410 1974 2473 sensim,
2001 2419 2053 2458 et
2075 2406 2246 2476 primo
2274 2404 2394 2473 qui-

1386 2488 1507 2541 dem
1533 2488 1800 2541 occulte...
1823 2488 2072 2542 exercuit.
2090 2511 2112 2534 ιι
2137 2484 2239 2538 Sed
2255 2484 2393 2537 bene

1385 2587 1443 2622 se
1466 2567 1664 2620 habent
1692 2567 1854 2620 verba
1882 2569 2133 2621 auctoris.
2158 2567 2237 2618 De
2266 2583 2391 2618 sen-

1384 2649 1480 2701 sim
1498 2647 1859 2700 crescentibus
1873 2649 2103 2700 Neronis
2119 2646 2258 2697 vitiis
2271 2644 2392 2696 vide

1383 2729 1584 2800 Xiphil.
1606 2731 1754 2796 LXI,
1776 2729 1836 2796 43
1860 2729 1980 2782 coll.
2008 2730 2178 2781 Tacit.
2199 2725 2389 2779 Annal.

1383 2809 1504 2860 XIII
1514 2847 1532 2875 ,
1561 2827 1608 2861 2.

1460 2907 1507 2941 α.
1548 2891 1678 2943 Post
1697 2888 2050 2962 crepusculum
2073 2889 2264 2942 statim.
2289 2889 2394 2939 Ta-

1386 2969 1477 3021 cit.
1494 2967 1632 3030 xm,
1661 2967 1724 3020 25
1747 2967 1848 3038 (ad
1865 2987 1986 3021 ann.
2011 2966 2177 3038 810)=
2205 2990 2226 3013 ιι
2247 2967 2392 3017 Nero

1384 3049 1572 3100 itinera
1594 3047 1750 3098 Urbis
1773 3061 1824 3098 et
1845 3047 2122 3117 lupanaria
2147 3059 2200 3098 et
2227 3045 2396 3097 ‹liver-

1387 3126 1583 3194 ticula,
1611 3141 1755 3180 veste
1789 3127 1960 3180 servili
1997 3127 2058 3178 in'
2091 3124 2394 3179 dissimula-

1385 3209 1582 3259 tionem
1599 3206 1680 3258 sui
1697 3209 2024 3277 compositus
2036 3244 2052 3271 ‚
2069 3201 2393 3278 pererrabat,

1386 3285 1762 3338 comitantibus
1778 3323 1795 3350 ,
1821 3287 1909 3354 qui
1931 3299 2179 3357 raperent
2207 3283 2392 3335 vendi-

1385 3365 1516 3416 tioni
1538 3367 1777 3436 exposita
1791 3397 1807 3427 ‚
1825 3376 1876 3414 et
1895 3363 2064 3415 obviis
2083 3364 2300 3415 vulnera
2314 3366 2394 3413 in·

1382 3445 1616 3510 ferrent,
1638 3441 1890 3495 adversus
1905 3444 2117 3514 ignaros
2143 3441 2306 3507 adeo,
2331 3453 2394 3492 ut

1384 3523 1500 3593 ipse
1525 3539 1740 3592 quoque
1765 3521 2023 3591 exciperet
2043 3522 2206 3584 ictus,
2227 3534 2281 3572 et
2301 3539 2392 3572 ore

1388 3600 1674 3672 praeferret.
1708 3597 1945 3665 Deinde,
1981 3599 2104 3666 ubi,
2135 3599 2390 3651 Caesarem

1390 3692 1537 3745 esse,
1568 3679 1658 3751 qui
1689 3693 2046 3750 grassaretur,
2081 3681 2354 3751 pernotuit
2375 3717 2392 3745 ,

1388 3759 1830 3830 augebanturque
1841 3761 2038 3829 injuria:
2052 3758 2116 3810 ad
2125 3776 2304 3809 versus
2315 3759 2393 3809 vi-

1388 3856 1476 3890 ros
1512 3839 1843 3909 feminasque
1879 3839 2136 3908 insignes,
2187 3848 2238 3888 et
2277 3837 2394 3908 qui-

1388 3914 1541 3982 dam,
1563 3917 1821 3987 permissa
1857 3914 2016 3968 semel
2049 3913 2258 3966 licentia
2291 3916 2392 3967 sub

1384 3997 1601 4048 nomine
1653 3995 1882 4046 Neronis
1898 4031 1916 4061 ,
1965 3993 2123 4045 inulti
2167 3995 2391 4064 propriis

1388 4093 1509 4126 cum
1536 4073 1710 4146 globis
1741 4071 1928 4126 eadem
1955 4071 2300 4139 exercebant,
2337 4077 2392 4125 in

1386 4153 1608 4206 modum
1628 4155 1948 4226 captivitatis
1963 4143 2066 4206 no&
2084 4153 2386 4230 agebatur.-

1391 4231 1521 4284 Vide
1545 4232 1746 4304 Xiphil.
1778 4233 1922 4300 LXI,
1950 4234 1982 4287 8
2013 4248 2063 4286 et
2091 4253 2140 4305 9.
