3050 5004
656 484 799 554 ²90

1417 462 1493 526 C.
1544 460 2015 529 SUETONII

753 592 869 657 IX.
921 586 1134 657 Simili
1163 587 1571 669 temeritate,
1609 590 1918 681 quamvis
1946 586 2233 655 dubium
2256 588 2511 657 nemini
2540 603 2753 673 esset,

653 702 826 795 quin
849 698 1025 766 trahi
1047 696 1302 765 bellum
1327 714 1671 791 oporteret
1684 713 1701 745 ¹
1721 750 1740 781 ,
1762 697 2035 792 quando
2056 714 2125 767 et
2144 698 2323 766 fame
2346 715 2412 767 et
2430 703 2757 791 angustiis

653 812 960 879 locorum
979 827 1335 902 urgeretur
1358 810 1571 877 hostis
1584 861 1601 892 ,
1619 831 1826 903 quam
1847 812 2143 903 primum
2164 826 2395 882 tamen
2413 810 2757 881 decertare

656 924 930 989 statuit:
970 922 1112 987 sive
1147 921 1512 1013 impatiens
1549 918 1870 1011 longioris
1910 918 2416 1005 sollicitudiniS,
2454 944 2759 1015 sperans-

655 1056 788 1127 que
809 1086 826 1117 ,
853 1049 1010 1100 aute
1035 1031 1283 1099 Vitellii
1321 1030 1688 1099 adventum
1726 1030 2069 1125 profligari
2108 1031 2481 1125 plurimum
2516 1056 2754 1125 posse;

647 1146 796 1213 sive
834 1146 1053 1237 impar
1081 1142 1372 1211 militum
1411 1142 1671 1225 ardori,
1713 1164 2012 1235 pugnam
2052 1140 2587 1234 deposcentium.
2620 1149 2758 1211 Nec

653 1252 816 1321 ullin
841 1277 1090 1346 pugnae
1111 1250 1365 1335 adfuit,
1405 1250 1839 1346 substititque
1865 1250 2130 1319 Brixelli
2150 1252 2200 1317 3.
2242 1256 2327 1319 Et
2363 1252 2579 1319 tribus
2616 1254 2759 1347 qui-

653 1364 809 1431 dem
827 1415 843 1444 ,
873 1387 1110 1430 verum
1139 1360 1593 1430 medio‘cribus
1619 1360 1867 1455 praeliis
1888 1411 1905 1442 ,
1932 1360 2114 1453 apud
2137 1359 2419 1453 Alpes4,
2444 1365 2757 1457 circaque

649 1474 1094 1542 Placentiam⁵
1110 1526 1127 1557 ,
1153 1489 1221 1540 et
1242 1472 1330 1541 ad
1351 1474 1646 1539 Castoris
1664 1525 1680 1555 ,
1709 1471 1891 1566 quod
1915 1469 2061 1538 loco
2086 1495 2337 1539 nomen
2363 1486 2493 1552 est,
2514 1472 2753 1540 ⁶vicit:

649 1586 1025 1655 novissimo
1053 1586 1483 1678 maximoque
1507 1583 1689 1677 apud
1712 1586 2090 1651 Betriacum
2127 1582 2367 1651 fraude
2394 1600 2757 1676 superatus

643 1712 826 1780 est73
869 1720 1084 1791 quum
1100 1748 1118 1779 ,
1161 1718 1282 1788 spe
1318 1694 1641 1791 colloquii
1679 1695 1853 1763 facta
1874 1746 1893 1777 ,
1932 1696 2125 1788 quasi
2166 1693 2252 1761 ad
2297 1694 2757 1765 conditionem

642 1934 850 2006 ‘digium
877 1946 932 1986 et
963 1952 1118 1987 omen
1139 1934 1527 1987 imminentium
1544 1934 1657 1987 cla-

645 2015 799 2066 dium
821 2012 1172 2067 vertebant-.-

719 2094 812 2145 IX.
857 2111 905 2145 ι.
949 2092 1195 2164 Quamvis
1220 2091 1432 2143 dubium
1459 2091 1660 2143 nemini

643 2183 801 2239 esset,
835 2173 962 2245 quin
989 2170 1126 2221 trahi
1155 2169 1352 2223 bellum
1371 2182 1656 2242 oporteret,

646 2266 753 2305 etc.
781 2252 952 2305 Tacit.
978 2252 1050 2316 ΙΙ,
1079 2250 1175 2315 31,
1224 2270 1248 2296 α
1267 2250 1411 2303 Otho
1439 2248 1659 2301 consul-

647 2330 806 2395 tavit,
845 2328 986 2379 trahi
1011 2326 1206 2379 bellum
1225 2366 1244 2394 ‚
1283 2346 1352 2379 an
1383 2329 1656 2379 fortunam

649 2409 878 2480 experiri
913 2406 1166 2479 placeret.
1209 2406 1346 2457 Tum
1375 2404 1658 2459 Suetonius

646 2487 918 2542 Paullinus
933 2525 950 2554 ,
969 2485 1186 2556 dignum
1212 2485 1353 2538 fama
1371 2504 1466 2539 sua
1491 2498 1658 2552 ratus,

647 2582 760 2638 qun
784 2585 943 2619 nemo
967 2565 1056 2617 illa
1081 2577 1398 2636 tempestate
1421 2564 1657 2619 militaris

647 2647 727 2696 rei
767 2645 1008 2698 callidior
1045 2643 1376 2712 habebatur,
1429 2643 1497 2697 de
1543 2657 1657 2697 toto

645 2743 840 2794 genere
855 2725 980 2776 belli
999 2743 1217 2777 censere
1230 2763 1246 2789 ‚
1255 2725 1657 2796 festinationem

651 2803 898 2870 hostibus,
925 2820 1127 2854 moram
1153 2803 1272 2876 ipsis
1290 2804 1473 2856 utilem
1495 2801 1659 2856 disse·

647 2886 805 2936 ruit.»
842 2885 972 2953 Cap.
1009 2883 1112 2949 33,
1157 2883 1504 2936 -Accedebaz
1541 2901 1659 2937 sen·

647 2965 820 3014 tentiae
835 2961 1063 3014 Paullini
1078 2963 1275 3014 Marius
1289 2963 1472 3015 Celsus
1487 2983 1501 3025 ς
1515 2962 1658 3016 idem

647 3040 862 3112 placere
886 3041 1062 3091 Annio
1080 3038 1265 3104 Gallo,
1305 3059 1504 3110 paucos
1534 3054 1667 3094 ante

650 3119 762 3170 dies
783 3118 938 3189 lapsu
967 3119 1088 3189 equi
1112 3117 1342 3185 afflicto,
1366 3120 1539 3186 missi,
1566 3119 1661 3192 qui

649 3197 934 3250 consilium
969 3200 1082 3267 ejus
1113 3198 1531 3264 sciscitarentur,
1570 3217 1659 3252 re-

644 3278 901 3332 tulerant.
938 3276 1082 3331 Otho
1120 3295 1325 3351 pronus
1363 3277 1434 3328 ad
1469 3277 1657 3331 decer·-

649 3357 896 3418 tandum3
941 3357 1102 3410 frater
1143 3359 1258 3428 ejus
1297 3357 1569 3425 Titianus,
1606 3369 1659 3410 et

647 3438 931 3490 Praefectus
964 3437 1204 3488 Praetorii
1229 3435 1522 3503 Proculus,
1560 3439 1657 3488 im·

645 3518 836 3588 peritia
866 3529 1248 3587 properantes,
1285 3517 1577 3568 Fortunam
1603 3529 1657 3569 et

647 3599 793 3650 Deos
809 3610 860 3648 et
873 3615 1068 3648 numen
1079 3595 1309 3649 Othonis
1325 3596 1512 3650 adesse
1523 3616 1659 3650 con-

648 3678 806 3740 siliis,
833 3675 1019 3729 adfore
1047 3675 1356 3742 conatibus,
1385 3676 1658 3730 testaban-

647 3771 758 3810 tur:
785 3775 890 3808 neu
911 3758 1028 3827 quis
1049 3755 1264 3809 obviam
1283 3758 1358 3808 ire
1381 3759 1657 3810 sententiae

649 3833 895 3899 auderet,
915 3836 969 3884 in
994 3832 1356 3885 adulationem
1379 3850 1658 3886 concesse-

645 3927 816 3968 rant.»
836 3914 916 3966 cf.
935 3927 986 3966 et
1001 3933 1047 3966 c.
1067 3914 1163 3980 403
1181 3912 1318 3966 Plut.
1339 3913 1465 3966 Oth.
1485 3916 1516 3970 8
1540 3933 1652 3986 seq.

721 4012 772 4047 2.
807 3993 1051 4058 Neculli,
1071 4007 1172 4048 etc.
1187 3996 1374 4065 Inepte
1387 3991 1528 4064 vulg.
1548 3994 1651 4047 illi.

645 4073 780 4126 Cod.
805 4074 937 4124 alter
959 4071 1068 4124 ille.

717 4151 767 4203 3.
815 4151 1151 4221 Substititque
1187 4147 1424 4202 Brixelli.
1480 4151 1649 4203 Tacit.

1744 1952 1868 2005 cap.
1890 1932 1988 1999 33,
2035 1934 2360 2004 *Postquam
2384 1934 2610 2005 pugnari
2636 1932 2756 2006 pla-

1746 2014 1941 2079 citum,
1970 2012 2223 2065 interesse
2250 2028 2439 2083 pugnae
2462 2015 2754 2083 Imperato-

1746 2110 1885 2159 rem,
1919 2110 1987 2143 an
2021 2092 2210 2163 seponi
2234 2088 2425 2142 melius
2450 2091 2619 2158 foret,
2655 2091 2757 2144 du·

1744 2167 1999 2223 bitavere.
2020 2168 2265 2221 Paullino
2280 2182 2331 2231 et
2344 2168 2501 2221 Celso
2508 2172 2622 2241 jam
2640 2184 2755 2221 non

1748 2248 2184 2315 adversantibus,
2220 2266 2289 2299 ne
2320 2250 2618 2319 Principem
2660 2248 2761 2300 ob-

1742 2328 1945 2397 jectare
1965 2326 2216 2399 periculis
2238 2326 2569 2393 viderentur,
2592 2326 2757 2379 iidem

1746 2405 1825 2460 illi
1847 2406 2122 2460 deterioris
2141 2406 2350 2459 consilii
2370 2418 2615 2461 auctores
2636 2425 2757 2479 per-

1748 2484 1938 2558 pulere
1949 2524 1965 2553 ,
1978 2498 2037 2540 ut
2049 2484 2344 2539 Brixellum
2355 2486 2677 2552 concederet,
2690 2502 2755 2540 ac

1748 2565 1913 2618 dubiis
1930 2564 2235 2636 praeliorum
2262 2575 2514 2629 exemtus,
2540 2581 2756 2618 summe

1747 2661 1921 2696 rerum
1948 2657 2000 2696 et
2026 2645 2237 2716 imperii
2261 2663 2311 2696 se
2334 2645 2501 2715 ipsum
2528 2662 2756 2696 reserva-

1748 2731 1875 2774 ret.-
1925 2723 2078 2774 Cous.
2120 2721 2387 2774 Plutarch.
2424 2720 2549 2775 Oth.
2586 2721 2637 2774 5.
2674 2723 2757 2775 De

1746 2801 1983 2856 Brixello
2030 2803 2235 2875 oppido
2254 2841 2273 2870 ,
2327 2803 2516 2856 Cellar.
2558 2805 2753 2876 Θεοῦ-ι·-

1745 2884 1870 2935 Ant.
1896 2885 1968 2947 11,
1987 2901 2047 2954 9,
2068 2903 2191 2955 pag.
2211 2884 2337 2936 668.

1817 2963 1868 3029 4.
1906 2964 2068 3033 Apud
2090 2961 2265 3035 Alpes.
2303 2962 2458 3014 Conf.
2488 2965 2657 3016 Tacit.
2680 2967 2756 3034 Π,

1754 3041 1996 3096 12-15,
2016 3042 2177 3116 Alpes
2194 3043 2427 3114 intellige
2447 3047 2755 3102 maritimus.

1820 3121 1870 3175 5.
1922 3125 2166 3196 circaque
2193 3121 2540 3176 Placentiam.
2582 3126 2755 3178 Tacit.

1747 3219 1866 3274 cap.
1895 3203 1957 3254 18
1974 3231 2043 3242 —-
2060 3219 2153 3265 223
2180 3199 2447 3254 Plutarch.
2472 3222 2591 3276 cap.
2612 3203 2664 3256 6.

1818 3281 1871 3334 6.
1910 3283 1982 3334 Et
2003 3282 2075 3334 ad
2098 3282 2371 3334 castoris...
2404 3283 2543 3334 vicit.
2582 3285 2755 3336 Tacit.

1747 3379 1868 3432 cap.
1892 3361 1984 3428 24,
2020 3380 2042 3407 ι
2063 3361 2143 3413 Ad
2170 3359 2549 3414 duodecimum
2574 3381 2605 3414 a
2628 3365 2757 3416 Gre-

1744 3459 1933 3507 mona,
1978 3439 2118 3492 locus
2160 3443 2427 3494 Castorum
2468 3455 2708 3494 vocatur.
2725 3466 2749 3490 ι

1744 3520 1902 3572 Oros.
1922 3520 2044 3586 vu,
2069 3521 2129 3586 8,
2158 3541 2181 3566 ι
2198 3522 2340 3570 circa
2366 3519 2574 3585 locum,
2595 3535 2755 3591 quem

1750 3599 1969 3651 Castoris
2004 3611 2213 3648 vocant.
2241 3621 2265 3644 υ
2306 3597 2464 3651 Conf.
2502 3597 2753 3650 Oudend.

1748 3676 1817 3728 ad
1843 3677 2020 3729 locum
2046 3689 2307 3728 nostrum.

1816 3772 1867 3825 7.
1907 3756 2065 3826 Apud
2100 3757 2453 3808 Betriacum...
2488 3769 2759 3826 superatus

1744 3846 1831 3888 est.
1844 3836 2013 3888 Tacit.
2034 3855 2078 3887 e.
2098 3835 2185 3900 23,
2203 3833 2458 3900 Bedriaci,
2476 3833 2750 3905 additque:

1752 3937 1775 3962 κ
1792 3919 1929 3968 iuter
1953 3917 2216 3966 Veronam
2242 3913 2670 3984 Cremonamque
2690 3915 2755 3965 si·

1744 4008 1828 4046 tus
1856 4007 1932 4046 est
1953 3995 2125 4059 vicus,
2146 3990 2357 4044 duabus
2370 3993 2482 4062 jam
2500 3994 2753 4044 Romani·

1743 4071 1981 4126 cladibus
2006 4084 2163 4122 notus
2188 4071 2577 4140 infaustusque.
2600 4093 2623 4116 ι
2664 4069 2747 4122 Cf.

1740 4155 1960 4224 interpr.
1983 4149 2051 4203 ad
2066 4150 2119 4202 h.
2135 4150 2169 4201 l.
2193 4162 2248 4204 et
2259 4147 2529 4202 Plutarch.
2556 4167 2676 4221 cap.
2696 4147 2749 4201 8.
