3050 5004
1084 458 1596 525 CLAUDIUS.
1870 536 1878 539 ,
2263 460 2384 528 ι35

300 582 479 653 dotes
499 636 517 666 ‚
562 606 839 678 unaque
886 581 1231 651 decubuit.
1276 588 1414 651 Nec
1459 598 1713 651 temere
1753 608 2058 679 unquam
2103 585 2390 654 triclinio

298 692 647 776 abscessit,
684 695 815 761 nisi
843 690 1178 760 distentus
1209 716 1289 761 ac
1316 690 1632 776 madens,
1671 710 1740 761 et
1773 710 1852 761 ut
1883 699 2128 767 statim.
2147 698 2391 789 supino

296 828 371 873 ac
394 828 519 898 per
546 828 867 873 somnum
896 803 1109 873 hianti
1145 806 1355 897 pinna
1390 808 1462 873 in
1499 829 1578 873 os
1615 806 1982 890 inderetur,
2015 806 2102 875 ad
2145 832 2390 877 exone-

295 912 583 984 randum
624 914 1076 984 stomachum.
1118 918 1351 985 Somni
1391 915 1768 986 brevissimi
1809 936 1956 987 erat
1997 923 2020 1005 (
2035 944 2194 987 nam
2234 938 2392 987 ante

292 1022 581 1092 mediam
606 1041 875 1093 noctem
900 1023 1304 1118 plerumque
1334 1024 1764 1117 evigilabav)
1787 1053 1802 1095 :
1829 1044 1906 1095 ut
1933 1045 2157 1095 tamen
2186 1032 2393 1096 inter-

292 1134 407 1206 diu
433 1157 934 1228 nonnunquam
959 1137 1029 1202 in
1048 1132 1203 1227 jure
1232 1132 1517 1204 dicendo
1545 1134 2076 1205 obdormisceret
2091 1189 2110 1220 ‚
2144 1141 2392 1233 vixque

290 1247 375 1315 ab
410 1243 753 1315 advocatis
774 1298 791 1328 ‚
830 1243 916 1313 de
956 1245 1287 1314 industria
1323 1270 1561 1314 vocem
1596 1247 1996 1340 augentibus
2013 1301 2030 1330 ,
2074 1251 2394 1317 excitare-

292 1491 553 1559 expers.
580 1464 815 1537 Aleum
840 1465 1330 1537 studiosissime
1363 1464 1597 1535 lusit³:
1629 1465 1716 1537 de
1748 1465 1941 1559 cujus
1969 1484 2114 1563 arte
2141 1468 2395 1536 librum

290 1576 564 1676 quoq'ue
592 1582 845 1647 emisit:
874 1577 1111 1647 solitus
1143 1580 1345 1646 etiam
1368 1580 1439 1644 in
1467 1582 1839 1672 gestatione
1869 1579 2105 1647 ludere
2127 1633 2144 1662 ,
2173 1588 2266 1647 ita
2289 1604 2394 1647 es·
2451 1665 2458 1674 ι

292 1690 451 1761 sedo
473 1690 808 1785 alveoque
831 1687 1195 1782 adaptatis,
1227 1712 1312 1756 ne
1336 1688 1528 1757 lusus
1561 1688 2106 1757 confunderetur.

378 1808 685 1871 XXXIV.
734 1806 1001 1871 Saevum
1042 1818 1111 1869 et
1144 1802 1654 1893 sanguinarium
1693 1818 1936 1869 natura
1971 1802 2211 1883 fuisse,
2255 1824 2396 1868 ma-

292 1918 437 2007 gnis
472 1916 909 2008 minimisque
945 1917 1263 2005 apparuit
1290 1910 1517 1981 rebus.
1545 1916 1913 1980 Tormenta
1941 1916 2392 2007 quaestionum

291 2052 661 2123 poenasque
720 2025 1209 2120 parricidarum
1237 2037 1251 2065 ¹
1316 2026 1846 2119 repraesentabat
1873 2080 1890 2109 ,
1953 2026 2394 2121 exigebatque

240 2228 247 2235 ὓ
290 2160 539 2206 coram.
596 2142 824 2223 Quum
878 2152 957 2204 et.
1000 2152 1309 2229 spectare
1360 2139 1620 2230 antiqui
1675 2140 1882 2204 moris
1941 2144 1965 2173 ²
1985 2136 2394 2230 supplicium

290 2248 525 2317 Tiburi
548 2249 1023 2339 concupisset,
1048 2262 1117 2313 et
1136 2298 1153 2329 ‚
1186 2243 1493 2338 deligatis
1520 2246 1609 2315 ad
1633 2246 1868 2340 palum
1891 2250 2108 2315 noxiis
2127 2300 2144 2331 ‚
2177 2250 2394 2315 carni-

290 2362 393 2431 fex
428 2358 697 2429 deesset
714 2411 733 2442 ‚
772 2362 1063 2429 accitum
1102 2358 1196 2427 ab
1228 2357 1411 2426 Urbe
1446 2382 1803 2451 vesperam
1840 2382 2056 2454 usque
2098 2362 2416 2455 opperiri⁸

290 2464 762 2565 perseveravit.
806 2474 1232 2564 Quocunque
1279 2466 1678 2562 gladiatorio
1717 2492 2004 2537 munere
2023 2522 2040 2551 ,
2079 2468 2189 2536 vel
2229 2492 2354 2536 suo
2375 2522 2392 2551 ,

289 2582 390 2653 vel
425 2583 653 2651 alieno
672 2635 690 2666 ,
734 2585 933 2650 etiam
970 2581 1145 2648 forte
1179 2579 1534 2674 prolapsos
1563 2579 1864 2674 jugulari
1892 2577 2177 2673 jubebat
2195 2632 2214 2663 ,
2249 2603 2392 2648 ma-

286 2697 465 2763 xime
494 2694 834 2775 retiarios,
864 2709 943 2760 ut
968 2693 1453 2784 exspirantium
1474 2690 1678 2760 facies
1705 2689 1986 2759 videret.
2016 2695 2245 2778 Quum
2267 2713 2392 2782 par

288 2891 537 2961 opiparas
568 2886 916 2960 plurimisque
944 2887 1103 2940 rebus
1128 2887 1292 2940 fartus
1381 2890 1517 2943 Tum
1535 2889 1728 2941 AEacus
1742 2888 1896 2958 jubet
1911 2887 2056 2940 illum
2075 2886 2188 2939 alea
2205 2884 2390 2940 ludere

286 2967 481 3032 fuisse,
510 2977 662 3037 patet
697 2983 760 3017 ex
798 2967 980 3018 Horat.
1014 2965 1187 3020 Cat-m.
1214 2967 1292 3032 11,
1380 2985 1600 3042 pertuso
1628 2967 1812 3020 fritillo
1831 3006 1848 3034 ‚
1878 2980 1982 3021 etc.
2003 2991 2027 3014 ιο

290 3046 385 3112 14,
412 3047 500 3099 28.
532 3045 690 3096 conf.
720 3043 958 3098 Meet-ob.
984 3045 1059 3108 11,
1084 3063 1135 3115 9.
1162 3046 1290 3096 Item
1450 3049 1690 3101 xxxlv.
1727 3065 1771 3100 ι.
1799 3047 2086 3116 Poenasque
2103 3043 2394 3118 parricida·

284 3125 427 3196 apud
445 3141 547 3176 nos
568 3123 669 3176 hac
691 3121 759 3176 de
784 3141 841 3174 re
858 3125 1140 3195 pontifices
1165 3137 1291 3175 note
1380 3144 1496 3179 rum
1514 3165 1532 3192 ,
1549 3138 1650 3178 etc.
1667 3125 1851 3178 Senec.
1867 3124 1934 3175 de
1948 3123 2202 3176 Clement.
2221 3123 2242 3172 1
2258 3158 2275 3187 ‚
2292 3121 2358 3173 23
2371 3159 2389 3182 ,

280 3219 383 3254 vox
406 3203 613 3273 arguit:
651 3201 732 3253 Un
757 3220 905 3273 repas
926 3202 989 3253 de
1010 3201 1215 3262 moin&
1239 3201 1295 3254 Π
1380 3205 1473 3274 (nd
1500 3207 1771 3258 Neronem
1795 3203 1959 3256 verba
1983 3200 2158 3272 sunt)=
2191 3223 2214 3247 ι
2233 3200 2390 3252 Pater

280 3294 353 3334 est
372 3300 497 3355 qm
518 3299 721 3334 comme
741 3300 813 3332 un
838 3281 1029 3332 moine·
1382 3299 1507 3339 tuus
1518 3283 1703 3358 plures
1713 3286 1850 3336 intra
1869 3282 2290 3354 quinquennium
2301 3297 2390 3331 cu·

352 3379 403 3414 2.
420 3358 747 3432 Evigilabat.
763 3359 845 3410 Cf.
868 3359 933 3411 ad
954 3361 1179 3430 August.
1204 3360 1289 3430 78.
1379 3365 1842 3434 leoinsuit‚quam
1854 3360 2101 3414 omnibus
2113 3357 2390 3412 seculisin-

348 3441 403 3494 3.
422 3439 619 3492 Aleum
640 3439 999 3494 studiosissime
1021 3438 1145 3493 lusit
1152 3461 1171 3500 ‚·
1193 3457 1295 3492 un·
1383 3456 1531 3495 sutos
1557 3443 1872 3512 accepimus.
1895 3461 1918 3486 ι
1943 3437 2386 3510 Reproesentabizt3

280 3519 349 3572 «le
370 3520 562 3574 Senec-
584 3517 813 3590 Apocol·
1094 3533 1109 3555 ⁸
1379 3525 1493 3577 sine
1512 3520 1770 3574 diletione
1791 3519 2061 3588 exigebat,
2082 3515 2386 3586 negatoillo

578 3607 827 3662 tagam...
1379 3600 1566 3654 decem
1592 3597 1796 3650 dierum
1831 3599 2038 3668 spatio,
2067 3594 2134 3648 de
2165 3613 2273 3665 quo
2296 3595 2388 3646 Ti,

576 3667 741 3738 ‘⁷⁰8⁰‘
755 3667 798 3708 ³¹¹
814 3666 982 3721 ''⁶¹³3“
1376 3679 1491 3732 ber.
1516 3697 1636 3750 cap.
1656 3679 1740 3748 75.
1762 3676 1938 3728 valer.
1959 3677 2172 3728 Maxim.
2189 3674 2258 3724 v1
2279 3710 2296 3738 ‚
2317 3671 2350 3726 5
2370 3712 2387 3740 ,

574 3726 911 3844 &mk
1382 3780 1405 3804 ι
1424 3757 1606 3824 Quum
1648 3754 1830 3807 liceret
1866 3755 2079 3825 eulpam
2111 3751 2193 3806 vel
2229 3751 2386 3805 dissi-

574 3849 699 3891 ann
713 3847 880 3898 tritium
1376 3835 1582 3889 mulsi-e
1597 3873 1615 3902 ‚
1637 3834 1720 3887 vel
1741 3853 1915 3887 errore
1939 3831 2228 3886 defendere
2245 3870 2263 3898 ,
2282 3849 2388 3903 ρω-

274 3933 331 3974 et
367 3918 525 3985 alibi,
566 3943 590 3966 a
608 3919 815 3971 Placuit
850 3935 1039 3970 novam
1074 3936 1286 3988 poenam
1376 3934 1503 3967 nam
1545 3927 1722 3966 tamen
1769 3921 2126 3983 representare
2165 3910 2350 3962 maluit
2367 3947 2386 3976 ,

274 3999 574 4070 excogitari
618 3995 815 4050 debere
839 4035 859 4062 ,
905 3994 1286 4049 instituendum
1376 4011 1445 4047 ne
1474 4011 1585 4065 qua
1611 3993 1757 4045 fraus
1781 3991 1927 4044 {ieret
1949 3991 2178 4060 justitie.
2205 4013 2228 4038 ι

272 4075 357 4130 illi
372 4075 611 4129 laborem
630 4077 865 4142 irritum,
884 4090 937 4128 et
955 4074 1176 4146 alicujus
1194 4093 1287 4128 cu·
1450 4088 1498 4123 2.
1522 4071 1751 4144 Antiqui
1769 4070 1924 4122 moris
1941 4067 2276 4140 supplicium.
2296 4067 2391 4118 Vi»

274 4155 521 4229 piditetis
533 4157 735 4228 species
748 4157 868 4209 sine
880 4153 987 4208 fine
1000 4166 1053 4205 et
1068 4153 1283 4206 effectu.
1375 4151 1445 4206 de
1471 4151 1673 4204 Neron.
1703 4150 1806 4220 493
1833 4149 2030 4202 Domit.
2068 4165 2148 4202 11.
