3050 5004
652 490 775 557 190
1390 468 1461 531 c.
1514 465 1984 533 SUEToNn

637 615 947 660 uxorem.
974 622 1001 653 u
1039 596 1249 659 ‘Hunc
1284 594 1577 683 Sporum
1598 643 1617 673 ‚
1663 595 2123 682 Augustarum
2164 596 2578 663 ornamentis
2625 620 2740 665 ex·—

636 702 932 787 cultum,
967 701 1337 796 lecticaque
1372 716 1640 789 vectum
1661 754 1678 783 ‚
1714 716 1782 769 et
1817 704 1994 769 circa
2025 720 2398 772 conventus
2418 705 2450 751 ⁶
2484 731 2743 775 merca-

636 831 883 910 tusque
904 817 1179 882 Graeciae
1194 866 1209 893 ‚
1234 836 1317 880 ac
1338 836 1498 880 mox
1520 819 1752 880 Romae
1781 815 1956 881 circa
1987 814 2315 908 Sigillaria
2337 868 2356 899 ,
2379 821 2741 907 comitatus

637 941 773 1007 est,
808 921 1176 991 identidem
1209 922 1634 1005 exosculans.
1678 928 1846 990 Nam
1883 928 2116 995 matris
2155 927 2589 997 concubitum
2624 954 2744 1023 ap-

633 1038 885 1128 petisse
903 1046 927 1087 ⁷
944 1087 961 1117 ,
996 1051 1061 1104 et
1083 1034 1169 1103 ab
1192 1032 1754 1103 obtrectatoribus
1783 1032 1840 1127 ej
1849 1060 1930 1103 us
1951 1090 1968 1119 ,
1989 1061 2074 1105 ne
2097 1039 2286 1107 ferox
2307 1056 2512 1135 atque
2532 1044 2742 1135 impo-

632 1162 785 1215 tens
814 1146 1059 1215 mulier
1080 1164 1149 1213 et
1170 1147 1300 1217 hoc
1323 1170 1568 1239 genere
1593 1150 1823 1239 gratiae
1846 1148 2272 1241 praevaleret,
2303 1151 2701 1221 deterritum
2717 1208 2737 1237 ‚

632 1282 835 1325 nemo
867 1257 1234 1326 dubitavit:
1266 1261 1501 1353 utique
1524 1275 1890 1353 postquam
1910 1264 2335 1330 meretricem
2354 1317 2369 1346 ,
2405 1287 2614 1358 quam
2643 1264 2741 1331 fa-

632 1392 745 1435 ma
767 1385 909 1435 erat
930 1371 1314 1462 Agrippinae
1340 1368 1750 1479 simillimam
1769 1423 1786 1452 ,
1812 1372 1988 1438 inter
2018 1372 2430 1441 concubinas
2459 1377 2734 1467 recepit.

630 1480 813 1547 Olim
836 1483 1038 1548 etiam
1054 1533 1071 1563 ,
1103 1482 1364 1575 quoties
1400 1479 1633 1548 lectica
1668 1503 1827 1547 cum
1853 1496 2067 1549 matre
2099 1481 2462 1551 veheretur
2479 1537 2496 1566 ,
2521 1482 2740 1552 libidi-

630 1610 867 1663 natum
893 1597 1148 1664 inceste
1164 1646 1183 1675 ‚
1200 1617 1280 1661 ac
1303 1591 1586 1662 maculis
1615 1595 1816 1661 vestis
1845 1592 2222 1685 proditum,
2249 1580 2608 1664 affirmant.

724 1710 963 1773 XXIX.
997 1708 1195 1772 Suam
1216 1704 1491 1799 quidem
1516 1702 1911 1797 pudicitiam
1931 1729 2149 1800 usque
2167 1704 2336 1773 adeo
2355 1710 2700 1799 prostituit
2713 1762 2732 1791 ,

628 1834 708 1885 ut
730 1818 1199 1886 contaminatis
1218 1840 1413 1908 paene
1433 1816 1748 1884 omnibus
1773 1816 2093 1883 membris
2111 1870 2130 1899 ‚
2157 1820 2519 1885 novissime
2538 1823 2736 1915 quasi

630 1952 843 2021 genus
867 1927 1059 1996 lusus
1086 1931 1493 2019 excogitaret
1510 1980 1528 2010 ,
1555 1952 1692 2023 quo
1726 1928 1888 1995 ferae
1918 1926 2098 2020 pelle
2130 1945 2476 1997 contectus
2501 1940 2516 1967 ¹
2547 1933 2737 1999 emit-

626 2056 886 2107 teretur
928 2062 965 2105 e
1002 2062 1245 2120 cavea,
1283 2040 1720 2135 virorumque
1756 2062 1836 2105 ac
1871 2039 2274 2108 feminarum
2307 2039 2396 2107 ad
2437 2043 2734 2138 stipitem

628 2147 1079 2241 deligatorum
1103 2150 1381 2239 inguina
1408 2146 1784 2233 invaderet3
1814 2164 1880 2216 et
1911 2173 2124 2243 quum
2147 2150 2403 2219 affatim
2427 2149 2727 2219 desaevis-

628 2275 729 2327 set
748 2312 767 2341 ,
795 2258 1243 2327 conficeretur
1272 2282 1313 2325 a
1344 2258 1751 2353 Doryphoro
1783 2257 2025 2328 liberto
2043 2276 2104 2326 ²:
2142 2264 2250 2329 cui
2284 2263 2520 2346 etiam,
2556 2264 2733 2330 sicut

1723 2498 1904 2562 beret3
1955 2514 2050 2554 «et
2086 2500 2227 2554 fama
2271 2500 2378 2556 buc
2423 2502 2722 2568 inclinaui-

1726 2583 1748 2646 (
1765 2579 1890 2652 quae‘
1917 2583 2089 2634 Taciti
2125 2582 2287 2636 verba
2333 2597 2489 2651 sunt,
2519 2585 2730 2639 ·Annal.

696 2500 749 2553 6.
786 2498 863 2552 Et
886 2499 1023 2552 circa
1060 2511 1354 2554 conventus.
1385 2498 1635 2552 Oudend.

624 2577 805 2631 mallet
842 2579 1063 2645 circum,
1102 2579 1247 2651 quod
1284 2578 1391 2631 dici
1432 2578 1635 2644 solere,

624 2659 717 2712 ubi
738 2657 805 2710 ab
826 2677 936 2710 uno
958 2651 1081 2710 loco
1101 2657 1355 2732 deinceps
1378 2658 1448 2711 ad
1472 2659 1634 2738 alium

624 2740 906 2810 pergitur,
944 2736 1141 2790 docent
1178 2739 1415 2811 exempla
1460 2739 1528 2791 ab
1567 2757 1632 2790 eo

624 2815 800 2868 allata.
830 2815 933 2868 Sed
954 2815 1089 2868 circa
1108 2817 1265 2868 etiam
1286 2819 1355 2868 ita
1379 2818 1628 2870 occurrit.

624 2895 732 2946 Liv.
748 2897 771 2946 1
788 2933 804 2958 .,
820 2913 913 2964 9,oe
891 2894 1187 2947 «Romulus
1198 2895 1400 2966 legatos
1412 2897 1550 2948 circa
1563 2899 1632 2948 vi-

623 2975 770 3025 cinas
784 2985 969 3042 gentes
986 2975 1142 3026 misit.
1162 2998 1183 3022 ιι
1204 2973 1466 3040 XL11‚51,
1488 2973 1632 3026 alite·

622 3054 693 3104 ris
711 3052 847 3103 circa
870 3053 1153 3123 praefectos
1168 3051 1411 3105 dimissis.
1432 3077 1453 3100 υ
1473 3055 1630 3106 Plura

624 3128 861 3200 exempla
898 3129 989 3181 dat
1022 3128 1319 3182 Schellerus
1350 3133 1407 3182 in
1438 3133 1630 3184 Lexico

622 3209 676 3258 in
700 3208 837 3260 circa
854 3245 870 3273 ,
894 3207 1041 3260 haud
1073 3211 1250 3260 omnia
1286 3223 1460 3262 tamen
1488 3213 1631 3279 ejus·

622 3289 743 3341 dem
779 3293 1008 3361 generisi.
1056 3291 1135 3341 De
1176 3293 1509 3344 conventibus
1543 3292 1628 3343 di-

624 3383 769 3420 ctum
804 3368 873 3420 ad
908 3370 1034 3421 Caes.
1068 3387 1131 3439 73
1160 3367 1228 3421 de
1259 3368 1623 3441 Sigillaribus,

620 3449 756 3500 festo
802 3448 1167 3501 Saturnalibus
1212 3449 1457 3520 proximo
1490 3488 1506 3515 ‚
1559 3449 1628 3502 ad

620 3527 806 3582 Claud.
841 3531 902 3593 5,
940 3543 992 3582 et
1032 3528 1152 3581 loco
1188 3528 1421 3600 ejusdem
1448 3531 1626 3580 nomi-

620 3609 735 3673 nis,
771 3608 861 3678 qui
892 3605 979 3660 hic
1016 3610 1173 3659 etiam
1219 3607 1626 3682 intelligendus,

621 3685 689 3738 ad
712 3685 900 3740 Claud.
924 3687 1004 3739 16.

692 3783 743 3835 7.
782 3767 925 3818 Nam
960 3767 1139 3817 matris
1166 3766 1495 3818 concubitum
1529 3785 1625 3837 ap·-

616 3847 819 3916 petisse,
836 3858 937 3896 etc.
955 3844 1156 3915 Xiphil.
1179 3846 1313 3911 LXI,
1348 3862 1363 3895 1
1382 3861 1427 3911 1,
1444 3846 1626 3916 Agrip·

620 3926 801 3996 pinam
832 3928 1001 3996 ipsam
1030 3925 1223 3991 filium,
1248 3939 1308 3976 ut
1346 3937 1496 3976 antea
1529 3945 1625 3996 pa-

619 4018 797 4056 truum
824 4005 1131 4071 Claudium,
1148 4007 1395 4058 omnibus
1421 4005 1622 4058 artibus

620 4084 967 4138 muliebribus
988 4085 1055 4138 ad
1084 4085 1363 4138 libidinem
1386 4099 1620 4138 tentasse

620 4164 749 4216 dicit
765 4203 781 4229 ,
804 4179 862 4215 ut
886 4164 1145 4218 voluntati
1168 4165 1503 4218 obedientem
1531 4165 1622 4218 ha-

1721 2663 1860 2728 xlv,
1887 2663 1950 2734 a)
1979 2683 2107 2716 neu
2135 2667 2384 2736 concepit
2407 2667 2582 2717 animo
2605 2678 2730 2717 tan—

1720 2754 1833 2794 tum
1881 2745 2220 2797 immanitatis
2265 2746 2588 2816 Agrippina,
2630 2763 2728 2797 seu

1721 2822 2027 2876 credibilior
2043 2843 2189 2877 novae
2205 2824 2437 2878 libidinis
2455 2825 2728 2877 meditatio

1721 2905 1776 2952 in
1819 2921 1880 2954 ea
1921 2903 2034 2954 visa
2071 2917 2176 2968 est,
2220 2921 2361 2974 quae,
2396 2902 2726 2974 puellaribus

1722 2982 1904 3048 annis,
1936 2996 2178 3052 stuprum
2213 2999 2334 3034 cum
2369 2979 2597 3052 Lepido,
2627 2999 2728 3052 spe

1721 3058 2126 3126 dominationis,
2149 3059 2462 3125 admiserat,
2490 3061 2606 3131 pari
2636 3079 2730 3112 cu-

1719 3139 1900 3210 pidine
1945 3157 2116 3211 usque
2172 3139 2240 3192 ad
2283 3140 2428 3193 libita
2471 3139 2726 3194 Pallantis

1717 3237 1848 3288 prov
1839 3217 2027 3280 ·oluta,
2044 3231 2096 3269 et
2115 3219 2344 3271 exercita
2361 3217 2429 3270 ad
2450 3237 2607 3270 omne
2631 3217 2728 3270 fla·

1718 3300 1904 3368 gitium
1923 3300 2101 3370 patrui
2124 3299 2373 3370 nuptiis-¹·

1787 3377 1976 3429 XXIX.
2011 3395 2054 3428 ι.
2085 3379 2198 3448 Quo
2214 3377 2348 3446 feroe
2375 3373 2518 3449 pelle
2543 3385 2726 3430 conte-

1717 3455 2722 3526 ctus,ete.Conf.Xiphil.LX111,133

1721 3534 1898 3587 Aurel.
1925 3536 2141 3606 Victor,
2161 3535 2291 3588 Caes.
2319 3535 2369 3588 5.

1789 3631 1837 3666 2.
1875 3614 1926 3666 A
1964 3615 2274 3686 Doryphoro
2313 3615 2508 3666 liberto.
2547 3615 2726 3686 Dony-

1709 3693 1938 3764 phorum
1961 3707 2255 3744 memorant
2271 3693 2472 3765 Xiphil.
2493 3693 2610 3744 LXI
2619 3733 2636 3760 ,
2657 3697 2722 3762 5,

1716 3785 1767 3822 et
1811 3772 1977 3822 Tacit.
2023 3771 2216 3822 Annal.
2261 3773 2410 3838 XIV,
2455 3770 2554 3838 65,
2591 3772 2719 3835 ubi,

1720 3847 1954 3900 «Eodem
1997 3867 2139 3901 anno
2181 3848 2362 3922 (816)
2403 3849 2719 3902 libertorum

1713 3929 2017 3999 potissimos
2037 3947 2244 3980 veneno
2265 3929 2588 3980 interfecisse
2603 3947 2720 3980 cre-

1713 4008 1856 4059 ditus
1879 4023 1956 4060 est
1973 4028 1994 4069 3.
2015 4007 2379 4080 Doryphorum
2399 4046 2417 4073 ,
2444 4010 2598 4078 quasi
2624 3975 2740 4060 ad-l

1711 4101 1973 4160 versatum
1999 4089 2197 4158 nuptiis
2219 4088 2487 4158 Poppaeae3
2512 4085 2720 4138 Pallan-

1710 4178 1814 4216 tem
1831 4201 1848 4230 ,
1887 4164 2034 4234 quod
2077 4167 2384 4216 immensam
2429 4166 2718 4236 pecuniam
