3050 5004
1028 482 1600 551 DOMITIANI]
1617 483 1682 557 S.
2283 484 2416 555 383

296 636 455 683 nam
476 626 533 665 ¹⁰
562 610 1107 707 jurisdictionem
1138 610 1227 683 ad
1265 610 1596 704 collegam
1627 614 2020 705 proximum
2043 614 2414 685 transtulit.
2467 710 2472 713 Ι

294 727 609 793 Ceterum
632 747 909 795 omnem
940 725 1077 793 vim
1103 720 1590 793 dominationis
1617 738 1759 793 tam
1783 722 2067 797 licenter
2087 729 2417 807 exercuit,

296 852 373 905 ut
386 833 531 927 jam
552 850 699 903 tum
714 887 732 917 ,
754 832 977 939 qualis
994 834 1269 903 futurus
1290 847 1470 903 esset
1484 885 1501 916 ,
1529 831 1940 905 ostenderet.
1967 838 2064 903 Ne
2083 856 2419 930 exsequar

296 943 597 1039 singula,
623 946 1055 1015 contrectatis
1077 942 1457 1013 multorum
1478 942 1805 1013 uxoribus
1822 996 1840 1025 ,
1859 946 2224 1015 Domitiam
2249 951 2418 1017 Lon-
2506 934 2534 947 '¹

294 1059 527 1149 ginam
546 1065 561 1093 ¹
576 1064 589 1091 ¹
602 1106 625 1135 ‚
646 1054 819 1123 AElio
834 1056 1085 1131 Lamiae
1104 1068 1391 1146 nuptam
1407 1104 1426 1135 ,
1452 1054 1655 1123 etiam
1675 1054 1755 1137 in
1771 1056 2282 1123 matrimonium
2305 1056 2420 1125 ab·

294 1168 492 1237 duxit
513 1194 529 1235 :
554 1184 762 1263 atque
786 1190 927 1237 uno
948 1165 1059 1237 die
1080 1190 1288 1259 super
1308 1166 1548 1261 viginti
1569 1164 1794 1238 officia
1813 1167 2076 1238 urbana
2095 1185 2216 1237 aut
2233 1194 2423 1263 pere-

294 1281 491 1373 grina
514 1287 565 1316 ¹²
608 1276 981 1361 distribuit;
1034 1308 1061 1339 a
1089 1279 1322 1347 mirari
1362 1299 1436 1345 se
1450 1330 1469 1361 ,
1498 1308 1528 1339 n
1577 1279 1996 1371 Vespasiano
2036 1276 2383 1353 dictitante
2399 1333 2418 1363 ‚

304 1422 332 1452 α
362 1387 549 1486 quod
572 1412 1037 1461 successorem
1058 1413 1201 1458 non
1223 1405 1293 1459 et
1314 1386 1441 1457 sibi
1464 1391 1762 1459 mitteret
1779 1386 1852 1457 ¹³.
1886 1418 1915 1449 υ

394 1506 482 1571 11.
534 1500 1053 1595 Expeditionem
1088 1524 1362 1597 quoque
1389 1503 1463 1569 in
1488 1499 1776 1571 Galliam
1813 1512 1828 1540 ¹
1852 1502 2382 1599 Germaniasque
2399 1558 2416 1587 ,

294 1636 524 1709 neque
542 1614 993 1683 necessariam
1006 1664 1025 1697 ,
1050 1628 1118 1681 et
1136 1610 1688 1687 dissuadentibus
1707 1613 2006 1705 paternis
2027 1614 2260 1683 amicis
2273 1666 2292 1695 ,
2321 1617 2420 1685 in-

294 1724 599 1807 choavit,
622 1742 891 1795 tantum
910 1742 991 1793 ut
1010 1722 1205 1795 fratri
1224 1747 1297 1795 se
1316 1740 1385 1791 et
1406 1723 1728 1817 operibus
1747 1739 1817 1795 et
1836 1720 2227 1815 dignatione
2247 1725 2419 1795 adae·

294 1852 541 1929 quaret
559 1850 607 1903 ².
638 1834 746 1907 Ob
769 1832 918 1907 haec
939 1851 1325 1929 correptus,
1363 1859 1503 1931 quo
1524 1836 1742 1927 magis
1769 1851 1838 1905 et
1859 1836 2076 1907 aetatis
2099 1852 2168 1907 et
2187 1836 2420 1907 condi-

298 2062 323 2087 ι
346 2040 508 2104 Mox,
543 2040 789 2109 ejurante
819 2041 1111 2109 Frontino,
1138 2038 1314 2092 Caesar

292 2120 633 2173 Domitianus
666 2130 953 2191 praeturam
989 2120 1148 2192 cepit.
1182 2120 1313 2191 Ejus

292 2216 496 2251 nomen
525 2196 763 2269 epistolis
784 2198 1081 2270 edictisque
1102 2216 1315 2273 praepo-

294 2276 547 2345 uebatur,
564 2280 643 2333 vis
657 2296 827 2350 penes
845 2280 1157 2332 Mucianum
1174 2291 1314 2342 erat3

294 2360 403 2411 uisi
448 2358 597 2431 quod
640 2356 899 2431 pleraque
942 2360 1281 2413 Domitianus
1297 2396 1314 2424 ‚

292 2436 677 2510 instigantibus
712 2438 927 2506 amicis,
966 2449 1059 2489 aut
1094 2437 1315 2512 propria

292 2518 549 2584 libidine,
583 2517 833 2571 audebat.
857 2541 879 2566 υ
912 2519 1110 2570 Praetor
1138 2531 1315 2573 autem

294 2597 566 2652 connatam·
568 2609 823 2670 potestate
832 2596 1160 2672 (praepositio
1174 2602 1313 2650 enim

293 2695 418 2732 eum
462 2675 532 2730 ab
569 2677 784 2750 optimis
830 2675 979 2730 libris
1022 2677 1318 2744 omittitur,

294 2771 496 2830 pru-ter
536 2759 912 2813 necessitatem
954 2760 1197 2812 restituta
1247 2757 1315 2812 ab

292 2837 568 2910 Ernestio)
578 2837 771 2892 dicitur
782 2837 854 2890 ob
866 2836 1159 2892 absentiam
1170 2838 1319 2891 Con-

294 2916 481 2972 sulum
498 2913 659 2988 hujus
681 2917 809 2972 anni
825 2916 1007 2988 (823),
1025 2916 1193 2991 patris
1210 2917 1318 2972 fra-

294 2997 523 3068 trisque.
554 2995 638 3048 Cf.
668 2994 921 3050 Oudend.
954 2995 1023 3050 ad
1046 2994 1099 3048 h.
1126 2995 1161 3048 l.
1184 2996 1315 3064 Quae

294 3075 537 3130 Graevius
562 3075 629 3130 de
647 3077 855 3150 legatis
870 3076 1132 3132 consulari
1155 3077 1315 3149 impe-

296 3155 411 3220 rio,
448 3153 532 3209 vel
556 3153 821 3208 consulari
846 3165 1100 3228 potestate
1125 3153 1314 3227 dispu-

296 3246 401 3302 tat,
416 3235 599 3286 nescio
612 3235 863 3288 ariminus
871 3232 979 3288 huc
992 3236 1311 3306 pertineant.

380 3328 462 3364 ιο.
488 3313 653 3366 Nam.
678 3315 802 3366 Hoec
818 3315 933 3366 Jac.
960 3313 1217 3366 Gronovii
1237 3327 1316 3368 eet

298 3391 569 3446 correctio
581 3429 599 3460 ,
619 3411 649 3443 a
668 3391 937 3464 plerisque
953 3405 1169 3464 recepta
1182 3431 1199 3460 ,
1216 3412 1315 3465 pro

296 3489 481 3546 quam.
526 3471 575 3524 J.
622 3473 709 3526 Fr.
744 3471 1048 3526 Gronovius
1086 3475 1319 3544 conjecit

296 3569 527 3624 quum...
572 3549 944 3616 transtulisset,
988 3554 1319 3606 correctione

298 3633 471 3687 nimia
498 3651 671 3706 eaque
707 3652 819 3688 nun
854 3631 1070 3702 Latina,
1108 3647 1168 3686 ut
1204 3635 1319 3688 Ou-

298 3711 571 3786 dendorp.
590 3725 642 3766 et
660 3715 935 3768 Ernestius
952 3713 1319 3772 ostenderunt.

298 3790 553 3848 Oudend.
603 3790 793 3845 suadet
837 3795 995 3846 etiam
1043 3794 1317 3868 quoniam.

298 3871 509 3943 Quidni
522 3891 747 3946 quum...
760 3873 1027 3928 transtulit
1040 3892 1319 3946 proquam

300 3953 371 4006 do
390 3993 413 4021 ,
455 3965 514 4006 ut
550 3954 746 4024 sapius
784 3952 930 4026 apud
971 3953 1321 4006 Ciceronem?

304 4031 527 4105 Colleqa
546 4031 816 4104 proximus
847 4031 959 4086 scil.
996 4029 1183 4087 ordine
1208 4045 1321 4086 erat

300 4115 505 4168 Prtetor
525 4115 869 4186 peregrinus,
890 4114 1189 4168 Mucianus.

380 4209 463 4246 nt.
504 4194 799 4248 Domitiam
836 4194 1135 4268 Lonqt’uam
1158 4231 1175 4262 ,
1216 4205 1318 4248 etc.

1400 2040 1484 2093 cf.
1506 2036 1708 2111 xiphil.
1731 2038 1923 2107 LXVI,
1947 2039 2009 2108 3,
2033 2038 2128 2093 ubi
2150 2042 2318 2095 Reim.
2346 2072 2418 2083 —

1402 2119 1612 2173 AE'lium
1647 2118 1886 2171 Lamiam
1925 2120 2268 2173 interemtum
2299 2122 2418 2175 No-

1403 2211 1511 2251 ster
1533 2210 1748 2265 narrat,
1771 2216 1891 2270 cap.
1921 2214 2002 2251 ιο.

1484 2294 1563 2329 12.
1585 2272 1784 2351 Officia
1797 2276 2000 2329 urbana
2014 2280 2420 2352 autperegn’na,

1403 2370 1500 2409 etc.
1522 2355 1660 2408 Vide
1683 2352 1886 2427 Xipbil.
1912 2356 2104 2423 LXVI,
2135 2375 2161 2409 2
2189 2354 2416 2427 (inserta

1404 2453 1598 2510 nempe
1622 2451 1651 2485 a
1677 2432 1907 2486 Reimar.
1932 2451 1995 2485 ex
2023 2436 2271 2510 Excerpt.
2295 2436 2417 2489 Pei-

1403 2533 1538 2567 resc.
1575 2553 1588 2566 .

1486 2515 1572 2647 13?
1605 2593 1796 2644 Mirari
1822 2611 1888 2646 se.
1907 2631 1948 2644 ..
1983 2594 2203 2666 quod...
2235 2612 2342 2648 non
2366 2609 2420 2650 et

1404 2672 1498 2726 sibi
1519 2674 1760 2725 mitteret.
1781 2671 1970 2724 Literis
1991 2689 2056 2724 ea
2076 2671 2144 2723 ad
2163 2671 2420 2728 Domitia-

1404 2768 1536 2803 num
1551 2749 2214 2822 mandavitVespusianus,
2228 2771 2419 2808 secun-

1404 2831 1534 2884 dum
1561 2829 1763 2904 Xiphil.
1794 2830 1898 2884 loc.
1929 2832 2020 2884 cit.

1478 2915 1541 2964 11.
1565 2927 1609 2964 ι.
1625 2911 2086 2986 Expeditionem...
2104 2913 2158 2964 in
2179 2912 2416 2968 Galliam

1408 2995 1846 3068 Germaniasque,
1869 3008 1971 3048 etc.
1994 3013 2116 3048 cum
2135 2997 2418 3066 Muciano,

1407 3093 1532 3127 nnn.
1558 3074 1660 3128 823
1681 3073 1880 3144 (Tacit.
1901 3077 1992 3142 IV,
2012 3075 2139 3149 68);
2165 3077 2421 3133 substitit-

1407 3173 1508 3228 que
1522 3153 1798 3225 Lugduni,
1817 3154 2079 3208 suadente
2098 3155 2290 3210 eodem
2304 3161 2420 3212 Mu·

1405 3235 1564 3286 ciano
1594 3233 1793 3306 (Tacit.
1827 3236 1916 3300 lV,
1945 3235 2014 3290 85
2043 3249 2096 3288 et
2123 3235 2240 3310 86).
2270 3235 2418 3292 Con-

1404 3312 1584 3366 fundit
1607 3311 1749 3366 banc
1775 3312 2164 3384 expeditionem
2195 3315 2418 3370 Pitiscus

1404 3411 1528 3444 cum
1551 3394 1776 3459 seriore,
1795 3389 1863 3441 de
1879 3409 1984 3462 qua
2003 3395 2199 3446 Noster
2213 3411 2330 3468 cap.
2353 3395 2417 3462 6,

1406 3483 1460 3526 et
1499 3469 1758 3542 xiphilin.
1795 3469 2010 3538 LXVII,
2051 3470 2118 3540 4,
2161 3471 2253 3526 ubi
2294 3472 2418 3529 vide

1406 3553 1637 3604 Reimar-

1482 3647 1531 3682 α.
1575 3629 1804 3682 Tantum
1831 3640 1889 3680 ut
1907 3628 2073 3702 fratri
2091 3649 2244 3686 se....
2276 3633 2418 3686 adoe-

1408 3717 1608 3784 quaret.
1635 3708 1804 3760 Tacit.
1836 3708 1923 3775 lv,
1949 3707 2045 3764 86:
2078 3733 2100 3755 α
2120 3709 2276 3764 Unde
2302 3731 2419 3764 cre-

1408 3787 1554 3841 ditur
1581 3789 1921 3840 Domitianus
1955 3786 2177 3841 occultis
2215 3787 2282 3842 ad
2316 3793 2418 3846 Ce-

1408 3871 1594 3926 rialem
1623 3870 1833 3924 nunciis
1858 3868 2016 3921 fidem
2036 3873 2150 3941 eJus
2178 3875 2422 3926 tentavis-

1410 3973 1499 4020 se,
1522 3972 1590 4005 an
1617 3953 1864 4024 praesenti
1889 3951 1988 4004 sibi
2013 3954 2298 4006 exercitum
2321 3955 2419 4006 im-

1408 4032 1723 4106 periumque
1766 4029 2057 4084 traditurus
2099 4031 2256 4084 foret.
2297 4033 2418 4104 Qua

1410 4109 1774 4180 cogitatione,
1807 4107 2007 4162 bellum
2045 4109 2292 4164 adversus
2323 4131 2422 4184 pa-

1410 4206 1544 4246 trem
1579 4194 1884 4262 agitaverit,
1915 4209 1984 4244 an
2013 4210 2144 4264 opes
2175 4192 2422 4266 viresque
