3050 5004
294 507 453 528 um
1811 498 2390 527 mmmm

912 677 1652 778 EXCURSUS
1740 684 1785 775 I

721 920 858 990 AD
915 918 1596 1005 CALIGULAM,
1653 917 1824 988 CAP.
1874 915 1943 988 8.

298 1420 478 1509 Aron
504 1456 739 1509 hibernas
762 1454 1013 1527 legiones,
1041 1464 1143 1505 etc.
1176 1452 1379 1505 Contra
1402 1448 1748 1517 Suetonium,
1777 1468 1876 1523 pro
1893 1448 2064 1504 Plinio
2090 1466 2144 1504 et
2167 1450 2356 1507 Tacito
2372 1493 2392 1523 ,

298 1538 485 1589 acriter
507 1535 749 1607 disputat
772 1534 1007 1605 Lipsius,
1027 1533 1245 1584 Excurs-
1281 1530 1349 1583 50
1374 1529 1442 1583 ad
1464 1530 1634 1581 Tacit.
1662 1530 1855 1582 Annal.
1881 1532 1920 1597 T,
1949 1531 2038 1599 41,
2058 1534 2278 1607 ejusque
2307 1554 2394 1587 ra..

298 1616 470 1667 tiones
504 1614 745 1668 refellere
785 1626 1053 1665 conatur.
1040 1632 1052 1645 ·
1086 1630 1306 1683 parum,
1346 1623 1406 1661 ut
1444 1612 1656 1681 opinor,
1693 1610 1924 1664 feliciter.
1963 1612 2218 1681 Quaedam
2257 1632 2302 1667 e.
2341 1634 2390 1667 c.

300 1694 587 1749 videamus.
621 1697 821 1765 Negat,
860 1690 1018 1763 vulgo
1043 1710 1154 1742 non
1184 1704 1342 1743 notos
1373 1690 1540 1742 fuisse
1577 1690 1783 1742 natales
1820 1690 2078 1763 Cdigu1ae‚
2107 1706 2269 1765 atque
2297 1712 2393 1746 au-

300 1794 419 1829 sum
443 1795 555 1829 ease
582 1791 929 1869 quemquam,
958 1775 1016 1825 in
1038 1771 1278 1825 versibus
1308 1785 1416 1823 tam
1440 1770 1781 1844 impudenter
1801 1775 2014 1827 mentiri.
2040 1774 2391 1859 Respondeoe

298 1857 345 1907 si
373 1856 452 1907 vir
476 1858 647 1927 gravis
686 1870 877 1908 auctor
904 1866 1071 1919 esset,
1108 1872 1219 1905 non
1255 1852 1488 1913 faceret;
1522 1851 1616 1904 aed
1647 1852 1707 1904 hi
1741 1872 1910 1907 versoe
1948 1868 2074 1906 sunt
2111 1842 2390 1909 ieiumi.

298 1932 445 2004 Quid
473 1948 651 1989 autem
680 1947 853 2007 poetae
886 1952 997 1985 non
1030 1930 1229 1985 audent
1264 1929 1589 1984 adulationis
1619 1934 1848 1983 caussa?
1883 1952 2031 1986 tuam
2057 1932 2395 2007 impudenter

299 2016 355 2066 in
388 2017 609 2087 privatis
642 2012 1004 2066 mentiuntur?
1041 2024 1241 2083 quanto
1277 2010 1401 2082 plus
1439 2028 1566 2080 ergo
1603 2010 1658 2060 in
1694 2012 2034 2082 princip'bus.
2086 2014 2304 2067 Tacitus
2341 2028 2395 2067 et

298 2092 527 2161 Plinius,
554 2096 761 2167 inquit,
784 2090 999 2165 copiam
1021 2103 1075 2142 et
1097 2109 1281 2143 curam
1308 2088 1772 2161 inspiciundorum
1798 2106 2028 2146 actu-um
2056 2110 2168 2145 non
2191 2093 2396 2147 habue-

300 2177 459 2226 runt?
478 2174 702 2247 Copiam
725 2173 937 2247 quidem
960 2170 1295 2223 habuerunt:
1322 2171 1610 2223 Suetonius
1633 2171 1930 2227 maximam.
1954 2188 2016 2226 ut
2037 2176 2128 2245 qui
2149 2175 2394 2248 publicas

299 2256 563 2307 Cassarum
589 2254 789 2307 litteras
813 2254 1074 2306 tractavit.
1096 2252 1293 2304 Curam
1320 2250 1566 2322 quidem,
1591 2254 1646 2303 in
1667 2250 1772 2303 hoc
1797 2254 1989 2322 capite,
2013 2256 2124 2307 non
2143 2255 2395 2310 habuisse
2487 2246 2496 2257 ’

300 2334 378 2386 illi
405 2334 681 2401 videntur,
712 2335 915 2387 cessuri
943 2333 1145 2403 alioqui
1182 2330 1517 2401 publicarum
1549 2330 1842 2382 litterarum
1871 2338 2192 2404 auttoritati,
2229 2338 2274 2388 si
2308 2355 2394 2388 re-

300 2417 589 2487 perissent,
615 2418 669 2467 in
693 2414 993 2467 Germanici
1018 2426 1068 2465 et
1092 2412 1301 2463 Fonteii
1327 2408 1614 2461 consulatu
1645 2413 1789 2462 Antii
1815 2424 1988 2463 natum
2014 2412 2198 2465 Caium
2228 2416 2394 2467 Caesa-

301 2515 427 2549 rem.
457 2496 559 2550 Sed
587 2498 802 2550 Tacitus
836 2493 1049 2568 quidem
1078 2512 1187 2545 non
1208 2490 1424 2557 scribit,
1456 2489 1604 2562 quod
1628 2492 1742 2561 ipse
1768 2490 1835 2544 de
1863 2492 2122 2546 natalibus
2145 2493 2394 2568 Caligulae

302 2579 523 2643 sentiat,
548 2575 645 2630 sed
664 2576 791 2651 quid
810 2575 998 2646 vulgus
1022 2573 1299 2625 hominum
1324 2571 1541 2639 dixerit,
1567 2570 1712 2643 quod
1732 2576 1906 2643 potuit
1928 2587 2138 2646 propter
2158 2577 2397 2630 multitu—

301 2657 481 2711 dinem
504 2659 795 2712 liberorum
814 2657 1115 2708 Germanici
1136 2671 1325 2706 errare.
1348 2654 1620 2705 Mittamus
1640 2666 1816 2705 cetera
1829 2693 1847 2721 ,
1872 2673 1977 2725 que
1997 2656 2252 2729 pleraque
2269 2671 2397 2711 sunt

301 2735 547 2808 fingentis
571 2740 786 2810 potius,
815 2754 977 2809 quam
998 2733 1273 2798 docentis,
1298 2746 1385 2784 ut:
1418 2730 1547 2804 quid
1576 2733 1622 2783 si
1645 2750 1708 2783 eo
1739 2750 1882 2783 anno
1910 2734 2210 2806 nequidem
2235 2749 2396 2790 natus

300 2817 577 2890 Caligula,
605 2819 699 2872 sed
732 2816 913 2890 paullo
947 2817 1104 2868 ante?
1140 2827 1233 2866 aut
1264 2809 1447 2886 paullo
1480 2815 1641 2884 post?
1679 2811 1810 2884 quid
1843 2815 1888 2866 si
1921 2813 2130 2868 absente
2160 2829 2312 2887 patre
2341 2819 2398 2870 in

302 2903 490 2952 castris
516 2913 672 2953 natus
705 2913 813 2965 est,
846 2896 1033 2950 relicta
1064 2899 1121 2948 in
1151 2896 1437 2949 Germania
1471 2895 1801 2964 Agrippina,
1829 2898 2002 2966 partui
2031 2898 2240 2951 vicina?
2269 2898 2397 2970 quid

303 2979 381 3045 si,
412 2997 525 3050 quae
552 2980 609 3031 in
632 2982 763 3032 actis
787 2938 853 3030 de
877 2977 991 3030 Caii
1022 2973 1287 3028 natalibus
1316 2977 1515 3046 scripta
1544 2987 1728 3040 erant,
1761 2972 1829 3024 ad
1854 2972 2006 3026 aliun
2031 2977 2398 3046 pertinebant?

301 3059 355 3112 Si
387 3060 583 3113 talibus
614 3058 1007 3132 quaestiunculis
1034 3055 1255 3110 velimus
1288 3053 1586 3108 convellere
1615 3055 1980 3107 auctoritatem
2005 3069 2058 3109 et
2087 3057 2246 3110 fidem
2278 3059 2400 3112 dili·-

301 3143 593 3212 gentissimi
620 3143 891 3214 scriptoris
910 3179 926 3206 ,
957 3142 1048 3211 qui
1073 3137 1338 3202 ostendit,
1368 3155 1424 3190 se
1448 3135 1517 3188 de
1543 3155 1600 3188 re
1625 3137 1727 3187 ista
1752 3154 1957 3188 summa
1983 3155 2097 3191 tura
2123 3141 2396 3212 quoesisse,

304 3221 435 3274 nihil
454 3225 569 3292 jam
597 3224 724 3290 erit,
760 3221 906 3294 quod
931 3240 1037 3272 non
1064 3218 1287 3272 dubium
1312 3217 1461 3270 reddi
1486 3218 1672 3289 possit.
1709 3219 1842 3269 Ecce
1864 3235 2013 3284 vero,
2049 3223 2283 3272 exoritur
2309 3219 2396 3273 hic

305 3304 465 3354 etiam
489 3305 706 3374 Pagius,
731 3302 857 3354 Crit.
880 3303 1073 3353 Baron.
1100 3297 1172 3351 ad
1197 3320 1244 3351 a.
1272 3299 1328 3350 C.
1357 3299 1455 3364 xl,
1475 3317 1530 3348 n.
1557 3297 1588 3349 3
1603 3335 1620 3362 ,
1642 3299 1731 3368 qui
1751 3297 1976 3350 Plinium
1997 3299 2202 3370 quidem
2223 3313 2276 3352 et
2293 3301 2396 3352 Ta-

304 3383 469 3433 citum
494 3401 615 3434 cum
640 3383 823 3454 Lipsio
840 3419 857 3448 ,
886 3380 977 3433 sed
1008 3381 1167 3431 etiam
1197 3379 1509 3432 Suetonium
1539 3376 1878 3448 (quanquam
1905 3396 2004 3428 non
2032 3378 2186 3431 video
2213 3397 2316 3450 qua
2340 3381 2397 3432 in

306 3480 390 3526 re,
432 3461 681 3534 quando,
719 3481 835 3534 quae
867 3461 1027 3525 dicit,
1057 3460 1237 3511 omnia
1274 3459 1329 3510 in
1368 3458 1608 3528 Lipsium
1641 3457 1821 3527 potius
1861 3469 1914 3507 et
1951 3458 2194 3525 Pinium,
2234 3477 2396 3530 quam

304 3543 617 3594 Suetonium
648 3541 1003 3614 conveniunt)
1029 3537 1414 3591 hallucinatum
1445 3535 1646 3587 scribit.
1684 3536 1971 3602 Quomodo
1997 3557 2122 3610 ergo
2139 3540 2164 3589 ἰ’
2195 3561 2216 3586 ιι
2237 3539 2394 3591 Caius

306 3619 412 3672 alio
429 3660 447 3688 ,
472 3623 681 3694 inquit,
710 3623 767 3673 in
790 3621 913 3674 loco
938 3621 1149 3691 genitus
1166 3657 1182 3683 ,
1212 3615 1317 3670 alio
1346 3619 1403 3668 in
1434 3614 1557 3667 loco
1581 3629 1757 3667 natus.
1782 3615 1972 3668 Incidit
1996 3619 2106 3686 ejus
2137 3617 2313 3670 natale
2339 3621 2395 3670 in

307 3701 447 3754 diem
481 3701 723 3754 ultimum
751 3703 977 3773 Augusti
1015 3701 1243 3764 mensis,
1275 3695 1593 3748 Germanico
1623 3707 1676 3746 et
1709 3695 1931 3747 Fonteio
1969 3714 2124 3763 mss„
2161 3695 2396 3768 ideoque

308 3800 491 3834 mense
528 3783 736 3836 circiter
770 3781 993 3836 Octobri
1030 3781 1153 3833 anni
1192 3775 1583 3840 antecedentis,
1623 3791 1730 3846 quo
1768 3773 2100 3827 Germanicus
2130 3774 2305 3827 adhuc
2339 3778 2397 3846 in

306 3863 587 3914 Germania
625 3875 769 3927 erat,
798 3875 1112 3933 procreatus
1150 3872 1266 3912 est:
1302 3858 1484 3928 sicque
1512 3869 1760 3909 accurate
1787 3856 2002 3910 Tacitus
2028 3858 2130 3921 ait,
2159 3854 2305 3907 hunc
2337 3857 2393 3906 in

307 3944 493 3994 eastris
514 3943 747 4012 genitum
771 3957 824 3995 et
850 3944 905 3994 in
930 3941 1280 3995 contubernio
1306 3937 1575 4009 legionum
1605 3935 1873 3990 eductum.
1902 3937 1978 3988 Ex
1999 3935 2190 4010 quibus
2219 3947 2396 3988 tamen

308 4021 483 4075 verbis
524 4041 802 4095 perperam
846 4023 1011 4074 infert
1048 4021 1288 4091 Lipsius,
1331 4018 1659 4071 existimasse
1701 4017 1940 4068 Tacitum
1961 4053 1979 4080 ‚
2017 4017 2070 4068 in
2112 4015 2396 4067 Germania

307 4104 495 4155 Caium
520 4116 701 4156 natum
722 4123 852 4157 esse.
872 4101 1132 4156 versiculi
1149 4119 1273 4153 vero
1300 4099 1501 4152 laudati
1520 4116 1696 4171 neque
1718 4099 1795 4166 ei,
1819 4115 1994 4169 neque
2005 4095 2172 4149 Plinio
2197 4097 2392 4147 favent.

307 4185 369 4235 ln
397 4187 580 4237 castris
612 4187 751 4238 enim
780 4199 938 4240 natus
964 4183 1105 4239 idem
1134 4195 1246 4251 est,
1277 4179 1425 4254 quod
1447 4181 1501 4234 in
1525 4181 1713 4234 castris
1735 4179 1977 4251 genitus,
2005 4174 2272 4251 quomodo
2300 4193 2394 4228 eon
