3050 5004
981 463 1099 527 CA
1113 462 1272 526 LIG
1287 463 1342 526 U
1361 463 1498 527 LA.
2212 487 2302 553 29

187 589 546 657 ditissimus
583 589 885 681 quisque
900 638 918 668 ,
963 604 1034 652 et
1069 585 1436 654 ambitione
1473 602 1541 653 et
1576 584 1935 655 licitatione
1968 591 2262 656 maxima
2282 639 2299 670 ,

183 699 428 769 vicibus
463 697 990 792 comparabant.
1029 701 1283 766 Hostiae
1311 715 1508 766 erant
1534 697 2021 792 phoenicopteri
2041 755 2058 785 ,
2094 726 2301 794 pavo-

183 835 290 878 nes
307 864 326 894 ,
350 827 709 878 tetraones
729 863 748 893 ,
775 807 1154 878 Numidicae
1174 863 1191 892 ,
1225 808 1669 902 meleagrides
1690 863 1707 892 ‚
1742 809 2085 904 phasianae
2104 866 2122 894 ‚
2148 835 2305 907 quae

181 925 552 1016 generatim
595 945 726 1015 per
767 919 1074 1012 singulos
1111 918 1254 987 dies
1293 919 1829 989 immolarentur.
1872 927 1955 990 Et
1990 923 2303 992 noctibus

181 1033 457 1128 quidem
479 1030 768 1127 plenam
793 1031 1306 1127 fulgentemque
1330 1030 1565 1100 lunam
1592 1033 1914 1101 invitabat
1942 1032 2210 1102 assidue
2233 1038 2303 1102 in

181 1143 538 1238 amplexus
567 1160 778 1238 atque
818 1143 1258 1211 concubitum
1273 1152 1359 1210 ¹²:
1400 1144 1698 1211 interdiu
1732 1169 1895 1214 vero
1922 1169 2079 1214 cum
2114 1148 2306 1239 Capi-

181 1255 389 1324 tolino
409 1260 452 1324 J
456 1253 660 1323 ove⁸³
695 1273 959 1326 secreto
993 1255 1448 1338 fabulabatur,
1486 1255 1693 1324 modo
1724 1259 2159 1326 insusurrans
2179 1311 2197 1340 ‚
2226 1284 2307 1326 ac

183 1365 496 1460 praebens
525 1369 822 1434 invicem
847 1391 1084 1436 aurem
1103 1421 1120 1450 ‚
1155 1365 1360 1435 modo
1389 1366 1639 1435 clarius
1659 1420 1677 1450 ‚
1707 1393 1837 1437 nec
1864 1371 2009 1436 sine
2039 1366 2303 1462 jurgiis.

187 1481 354 1546 Nam
373 1501 514 1544 vox
537 1480 1020 1546 comminantis
1046 1477 1278 1547 audita
1301 1495 1436 1547 est:

779 1575 860 1651 q'H
886 1591 939 1672 μ’
967 1594 1182 1674 ἀνάειρ’,
1213 1596 1244 1656 ἦ
1269 1597 1368 1672 ἐγὼ
1392 1599 1479 1654 σε’·
1515 1584 1567 1642 ’4

189 1701 402 1770 donec
427 1717 758 1769 exoratus
781 1753 800 1784 ,
833 1718 914 1768 ut
949 1700 1281 1768 referebat
1300 1753 1316 1783 ,
1352 1717 1421 1768 et
1455 1703 1529 1767 in
1567 1702 2091 1769 contubernium
2128 1700 2307 1769 ultro

195 1816 510 1881 invitatus
531 1867 549 1895 ‚
575 1837 788 1906 super
810 1812 1141 1905 templum
1165 1815 1314 1879 Divi
1343 1815 1627 1906 Augusti
1652 1829 1858 1906 ponte
1880 1817 2305 1895 transmisse,

197 1922 522 1990 Palatium
571 1921 1118 2016 Capitoliumque
1173 1919 1546 2014 conjunxit.
1608 1927 1769 1990 Mox
1788 1975 1805 2004 ‚
1855 1947 1993 2016 quo
2031 1926 2311 2017 propior

199 2051 400 2116 esset,
431 2037 506 2100 in
529 2055 692 2100 area
715 2031 1092 2125 Capitolina
1119 2055 1315 2099 novae
1343 2032 1587 2100 domus
1617 2030 2055 2102 fundamenta
2077 2032 2257 2127 jecit.

281 2151 531 2215 XXIII.
587 2147 904 2238 Agrippae
934 2169 1007 2214 se
1039 2163 1356 2239 nepotem
1376 2155 1392 2183 ¹
1423 2169 1649 2241 neque
1678 2146 1899 2227 credi,
1934 2171 2155 2242 neque
2181 2149 2311 2216 dici

203 2386 264 2448 ii,
287 2385 380 2454 qui
402 2385 646 2454 primum
664 2382 846 2437 locum
865 2397 1050 2436 tenent
1071 2387 1210 2437 inter

1297 2385 1522 2451 XXVII,
1543 2401 1629 2450 2ο,
1647 2387 2067 2456 praestantissimi
2081 2385 2313 2438 editores

203 2460 499 2517 sacerdotes
520 2464 642 2517 Deo
667 2465 901 2535 cuipiam
925 2483 1210 2519 consecra-

1301 2483 1482 2519 omnes
1538 2465 1892 2518 exhibuerunt
1921 2505 1937 2532 ‚
1996 2467 2315 2519 auctoritate

201 2556 310 2603 ton
331 2540 479 2594 unde
499 2542 860 2615 magis-terim
885 2542 1080 2597 dicitur
1095 2546 1210 2615 ipse

199 2620 348 2673 locus
382 2636 436 2675 et
463 2640 697 2682 munna
736 2619 790 2673 h.
828 2620 864 2672 l.
903 2621 1210 2693 pluraliter,

200 2704 326 2774 quia
345 2721 442 2775 per
459 2702 600 2755 vices
624 2700 762 2753 obiri
789 2702 1025 2769 solebat,
1045 2723 1212 2775 quum

201 2784 370 2851 ipsum
403 2780 769 2832 sacerdotium
792 2794 1100 2855 perpetuum
1131 2802 1215 2836 es-

203 2874 290 2912 set.
319 2860 400 2913 cf.
425 2862 576 2932 Lips.
609 2858 680 2911 ad
707 2861 876 2913 Tacit.
903 2864 1002 2928 vl,
1033 2879 1092 2915 12
1111 2903 1128 2930 .,
1161 2878 1214 2915 et

203 2938 422 2992 casaub.
443 2937 514 2991 ad
533 2938 826 3011 Capitolia.
847 2941 920 2991 M.
942 2944 1140 2994 Anton.
1162 2962 1211 2995 c.

207 3020 248 3085 4.
271 3021 348 3071 De
369 3023 599 3089 ingente
618 3022 846 3091 pecunia
860 3058 878 3085 ,
904 3039 1064 3091 quam
1085 3021 1213 3075 dare

206 3098 533 3169 cogebantur
585 3115 686 3168 pro
737 3096 820 3149 his
863 3101 1176 3169 magisteriis
1197 3138 1214 3167 ‚

205 3176 313 3228 ride
339 3178 511 3228 Dion.
545 3193 711 3247 supra
740 3178 831 3230 cit.
862 3189 915 3228 et
943 3176 1130 3229 Claud.
1159 3196 1214 3247 9.

275 3272 354 3307 12.
381 3255 602 3306 hanam
623 3254 934 3307 invitabat...
961 3256 1076 3307 iu...
1095 3274 1217 3309 con-

205 3336 446 3387 cubitum.
475 3335 565 3388 cf.
591 3334 726 3401 Dio,
748 3334 894 3399 LIX,
920 3334 1006 3387 26.

273 3414 353 3467 13.
399 3416 536 3467 Cum
577 3414 872 3485 Capitolino
910 3413 1077 3481 Jove,
1115 3426 1216 3465 etc.

205 3492 281 3546 Cf.
307 3495 446 3553 Dio,
476 3510 602 3563 cap.
631 3492 718 3544 28.

277 3573 533 3640 14.Nam
565 3590 704 3623 vox..
709 3570 934 3625 aaudiat
961 3585 1066 3625 est.-
1083 3570 1218 3639 ‘’I-154

207 3652 398 3723 αἰψ’,
432 3648 463 3703 u*
496 3650 597 3718 37⁰⁸
633 3639 706 3703 ei.
763 3654 886 3704 Haec
923 3651 1080 3705 verba
1117 3672 1216 3724 pro

207 3735 290 3797 iis,
313 3751 435 3805 quae
451 3734 512 3783 in
533 3730 798 3784 editiones
820 3731 978 3803 vulgo
1003 3745 1217 3803 recepta

211 3828 352 3880 sunt,
377 3811 455 3869 Fac
477 3810 631 3878 γαῖαν
656 3810 850 3864 Aaron&
871 3832 1028 3881 mpetu
1053 3832 1130 3873 σι,
1157 3830 1219 3864 ex

209 3894 414 3962 optimis
435 3930 454 3959 ,
489 3892 586 3962 qui
612 3889 834 3961 quidem
862 3890 1045 3943 Graeca
1073 3890 1222 3942 exhi-

213 3968 330 4021 bent
341 4009 362 4036 ‚
379 3968 552 4022 codd.
576 3968 710 4020 huic
728 3966 850 4019 loco
867 3969 1193 4021 restituenda
1205 4006 1223 4036 ‚

211 4062 483 4139 postquam
512 4064 778 4099 censuere
800 4046 1091 4113 Victoriae,
1116 4046 1219 4099 Ca-

215 4128 371 4199 stigat.
390 4128 448 4180 in
467 4127 646 4179 Cicer.
664 4125 840 4195 Epist.
860 4124 927 4177 ad
943 4126 1050 4178 Att.
1071 4128 1220 4193 XVI,

213 4206 269 4275 6,
285 4208 594 4263 et'I'ut-neb.
611 4204 1032 4277 Advers.xX11,
1051 4206 1149 4275 31,
1169 4220 1222 4260 et

1296 3015 1358 3067 ''I-1
1385 3016 1442 3081 μ’
1477 3016 1649 3087 ἀνάειρ’
1660 3057 1677 3079 ,

1301 2547 1524 2597 maxime
1556 2544 1787 2597 duorum
1816 2545 2092 2611 locorum,
2127 2562 2314 2616 quam-

1303 2642 1462 2695 quam
1502 2624 1685 2695 paullo
1724 2623 2085 2685 diversorum3
2128 2624 2315 2676 Dionis

1303 2722 1532 2775 nempe,
1564 2722 1685 2773 cap.
1715 2704 1815 2766 28,
1840 2702 1966 2769 ubi,
1997 2703 2315 2757 fulminante

1302 2786 1464 2849 Jove,
1490 2802 1654 2857 quum
1680 2796 1733 2835 et
1754 2785 1870 2855 ipse
1888 2786 2045 2838 Caius
2068 2782 2316 2837 machina

1304 2860 1535 2932 quadam
1562 2879 1753 2915 contra
1771 2864 2128 2933 jacularetur,
2148 2865 2317 2917 excla-

1305 2953 1410 2989 mat
1432 2959 1494 2991 ex
1513 2942 1778 3007 Homero,
1796 2939 1947 2994 Iliad.
1968 2943 2163 3010 xxm,
2184 2943 2317 3012 724,

1704 3017 1731 3071 1?
1753 3018 1853 3085 ey&
1875 3018 1926 3071 σι’
1944 3058 1961 3085 ,
1993 3036 2044 3073 et
2069 3023 2280 3074 Senecae
2296 3061 2314 3087 ‚

1305 3094 1372 3147 de
1394 3098 1506 3163 ira,
1524 3100 1576 3164 1,
1596 3116 1717 3167 cap.
1740 3097 1865 3163 ult..,
1893 3122 1915 3145 ιι
1931 3100 2315 3167 CaiusCaesar,

1305 3177 1470 3227 iratus
1489 3177 1646 3242 caelo,
1670 3176 1819 3249 quod
1840 3178 2171 3250 obstreperet
2191 3198 2319 3252 pan-

1305 3256 1565 3321 tomimis,
1598 3274 1735 3328 quos
1768 3257 2079 3310 imitabatur
2108 3260 2315 3313 studio-

1307 3335 1416 3386 sius
1442 3354 1601 3405 quam
1626 3337 1931 3407 spectabat,
1958 3338 2211 3410 quodque
2236 3358 2321 3393 co·

1308 3414 1557 3463 messatio
1570 3431 1666 3465 sua
1682 3413 1994 3465 fulminibus
2011 3428 2316 3481 terreretur,

1305 3509 1527 3562 prorsus
1557 3510 1744 3563 parum
1770 3497 1957 3561 certis,
1985 3493 2055 3545 ad
2082 3512 2318 3567 pugnam

1305 3572 1518 3622 vocavit
1531 3574 1559 3622 J
1566 3591 1745 3637 ovem,
1767 3586 1821 3623 et
1836 3572 2049 3643 quidem
2063 3574 2177 3625 sine
2191 3576 2319 3626 mis—

1307 3649 1479 3715 sione,
1496 3650 1835 3703 Homericum
1850 3650 1999 3705 illum
2014 3653 2317 3706 exclamans

1307 3744 1518 3779 versum
1536 3726 1625 3794 ,Ἢ
1636 3727 1691 3792 μ’
1706 3725 1904 3797 cirdup’,
1921 3727 1950 3781 t·
1961 3730 2058 3797 dyac-
2074 3729 2153 3799 σι’,
2168 3746 2269 3783 etc.
2287 3756 2311 3781 ιι

1379 3806 1565 3858 XXIII.
1610 3824 1653 3859 ι.
1683 3809 2010 3882 Agrippa...
2042 3822 2317 3882 nepotem,-

1309 3904 1371 3937 ex
1391 3900 1557 3939 matre
1576 3888 1891 3959 Agrippina.
1914 3890 2121 3941 Dicitur
2138 3905 2317 3943 autem

1307 3968 1545 4038 Agrippa
1563 3968 1733 4020 Tacit.
1754 3970 1777 4020 1
1792 3970 1886 4037 ,3
1908 3971 2156 4045 ignobilis
2173 3972 2313 4035 loco,
2304 3996 2317 4007 ·

1306 4046 1442 4099 vell.
1463 4049 1510 4100 11
1527 4048 1715 4117 ‚‚96·
1692 4052 2017 4103 «novitatem
2039 4052 2219 4105 multis
2238 4072 2318 4105 re·-

1309 4126 1410 4181 bus
1437 4128 1817 4195 nobilitavi-sse,
1838 4153 1862 4177 ιο
1897 4130 2019 4183 coll.
2046 4150 2164 4205 cap.
2198 4150 2314 4203 ¹27·

1309 4207 1495 4263 Senec.
1515 4209 1769 4263 (Σοου-ον.
1795 4168 1928 4278 i1‚4
1943 4246 1959 4277 ,
1991 4212 2200 4271 «Tanta
2227 4232 2321 4267 nu-
