3050 5004
671 478 802 563 494
1488 472 1952 541 ERNEsTu

666 600 785 671 quis
812 597 1131 665 contendat,
1157 616 1343 650 vocem
1364 597 1717 669 principatus,
1744 616 1838 650 seu
1867 598 2074 669 imperii
2103 616 2214 649 non
2241 597 2780 672 subintelligendam,

588 690 593 693 '
668 677 764 730 sed
792 676 1090 730 addendam
1123 677 1315 743 fuisse,
1342 676 1503 729 addat
1531 677 1649 743 ille,
1682 696 1782 751 per
1807 696 1892 729 me
1917 678 2056 729 licet.
2087 678 2290 731 Verum
2308 690 2360 731 et
2389 697 2506 750 cap.
2537 696 2607 748 9,
2639 681 2786 733 inter

668 759 837 811 initia.
863 758 999 811 Nam
1024 756 1187 811 altero
1210 776 1355 811 anno
1375 777 1467 813 suo
1490 776 1592 829 pro
1617 761 1701 811 sui
1722 759 1930 831 imperii
1953 778 2130 823 anuo,
2155 761 2416 832 scriptum
2435 780 2468 813 a
2489 762 2780 827 Suetonio,

672 856 783 891 non
823 838 1007 891 credo.
1036 842 1221 893 Wour.

1256 1105 1906 1249 EXCURSUS·
1958 1110 2182 1206 xlv

1062 1344 1201 1416 AD
1254 1342 2014 1431 DOMITIANUM‚
2071 1344 2243 1416 cn».
2304 1342 2372 1431 4.

673 1738 847 1821 Toni
890 1762 1208 1817 Graecanica.
1239 1759 1530 1833 scrupulus
1563 1773 1722 1814 restat
1757 1762 1810 1813 in
1847 1760 1951 1814 hac
1979 1760 2208 1816 lectione
2247 1782 2420 1832 unus,
2453 1783 2616 1836 quem
2655 1764 2786 1819 mihi

572 1886 581 1891 -
670 1852 827 1905 eximi
852 1846 1028 1900 velim.
1060 1844 1265 1913 Nempe
1290 1842 1562 1895 debebant
1589 1844 1702 1895 Viri
1733 1841 1879 1895 docti
1896 1883 1913 1912 ‚
1941 1846 1984 1897 si
2017 1846 2143 1897 satis
2173 1864 2403 1899 asserere
2427 1846 2568 1900 hanc
2591 1848 2786 1901 lectio-

670 1948 793 1983 nem
819 1924 1037 1989 vellent,
1066 1920 1261 1973 docere
1279 1958 1296 1987 ‚
1326 1939 1652 1992 quemquam
1671 1922 1975 1973 Latinorum
2004 1924 2320 1995 scriptorum
2341 1937 2578 1978 veterum
2610 1938 2786 2002 togam

673 2007 867 2062 dixisse
904 2003 970 2055 de
999 2016 1143 2055 veste
1170 2002 1385 2067 Graeca,
1409 2000 1588 2073 pallio
1617 2015 1709 2053 aut
1738 2002 2020 2073 chlamyde
2047 2026 2064 2055 .·
2101 2004 2246 2076 quod
2283 2002 2385 2071 illi,
2423 2006 2534 2059 sive
2573 2010 2702 2078 quia
2731 2009 2786 2060 in

672 2101 903 2142 mentem
931 2101 1043 2135 non
1070 2084 1241 2149 venit,
1276 2084 1382 2135 sive
1421 2084 1548 2154 quia
1575 2102 1684 2135 non
1720 2096 1974 2155 potuere,
2003 2102 2114 2136 non
2144 2086 2338 2138 fecere.
2373 2086 2507 2139 Mihi
2537 2088 2787 2161 quidem,

673 2167 966 2223 attendenti
984 2177 1038 2216 et
1058 2164 1339 2235 quaerenti‚
1359 2182 1469 2215 non
1490 2162 1642 2214 licuit
1661 2162 1942 2215 observare
1963 2180 2055 2217 aut
2075 2168 2308 2237 reperire
2325 2166 2408 2219 vel
2427 2187 2596 2219 unum
2617 2188 2790 2221 exem·

670 2250 839 2324 plum.
872 2250 1038 2298 lmmo
1070 2256 1199 2319 toqoe
1225 2240 1447 2295 verbum
1475 2261 1686 2313 semper
1717 2244 1915 2295 Latina·
1939 2246 2098 2297 vestis
2131 2264 2328 2297 nomen
2358 2246 2492 2313 fuit,
2524 2266 2634 2319 qno
2663 2266 2731 2300 ea
2757 2267 2786 2300 a

671 2329 868 2386 Graecis
889 2328 1330 2399 distingueretur:
1357 2338 1417 2375 ut
1441 2322 1666 2396 pallium
1689 2342 1981 2397 numquam
2007 2324 2074 2376 de
2097 2338 2222 2397 toga
2252 2324 2479 2394 dictum,
2505 2328 2694 2381 eadem
2719 2328 2789 2381 de

673 2427 895 2475 caussa,
924 2407 1235 2478 reperimus.
1268 2404 1446 2472 Quare
1480 2402 1722 2455 nondum
1751 2402 2012 2474 liquidum
2038 2416 2172 2476 puto
2202 2404 2268 2456 de
2293 2404 2395 2457 hac
2422 2404 2670 2459 lectione.
2697 2408 2787 2458 Bi·

674 2489 894 2544 mardus
920 2490 976 2543 in
996 2483 1471 2540 Dissertationibus
1505 2484 1650 2558 apud
1670 2482 2052 2553 Muratorium‚
2078 2484 2238 2539 Thes.
2272 2488 2540 2560 Inscriptt.
2567 2500 2698 2541 tom.
2729 2490 2784 2554 1,

672 2592 729 2644 p.
762 2571 855 2637 ¹6,
887 2566 1083 2642 probat
1112 2566 1479 2620 Germanicam
1515 2578 1724 2638 togam,
1761 2562 2110 2639 intelligitque
2149 2581 2346 2620 vestem
2384 2569 2637 2634 talarem,
2681 2587 2786 2640 qua

676 2649 804 2703 olim
829 2649 1155 2714 Germanos,
1182 2647 1239 2697 in
1267 2645 1558 2716 primisque
1587 2643 1820 2695 Francos
1837 2681 1854 2708 ,
1885 2662 2012 2695 usos
2041 2657 2277 2697 constet:
2306 2666 2422 2719 quie
2449 2665 2608 2712 sane,
2634 2665 2785 2698 com-

674 2733 959 2805 paratione
994 2746 1117 2780 cum
1155 2727 1293 2797 togis
1322 2723 1609 2777 lautiorum
1645 2738 1698 2776 et
1722 2722 2054 2793 molliorum,
2089 2724 2157 2776 ad
2188 2727 2323 2781 talos
2353 2726 2631 2794 demissis,
2661 2739 2790 2795 toga

674 2811 852 2884 potuit
891 2806 1167 2881 appellari.
1202 2806 1366 2873 Quod
1391 2807 1550 2857 vestis
1583 2805 1900 2856 Germanica
1937 2823 2047 2856 non
2073 2807 2360 2879 respondet
2390 2806 2649 2880 crepidis,
2676 2825 2788 2859 non

676 2888 977 2944 mirandum
1001 2889 1053 2940 in
1081 2888 1387 2940 Domitiano
1404 2925 1420 2952 ,
1452 2888 1546 2958 qui
1569 2888 1624 2937 in
1655 2884 1832 2937 multis
1862 2885 1976 2938 aliis
2001 2905 2097 2958 pro
2121 2886 2338 2942 libidine
2361 2891 2496 2959 egit,
2529 2889 2661 2941 nihil
2689 2908 2789 2942 cu·

677 2989 802 3023 rans
827 2967 1267 3021 consuetudinem
1294 2981 1347 3020 et
1370 2985 1592 3019 morem.
1613 2967 1790 3017 Potuit
1812 2977 1990 3017 autem
2015 2981 2138 3038 toga
2164 2967 2478 3020 Germanica
2501 2971 2582 3020 uti
2607 2969 2790 3022 favore

679 3049 1044 3122 cognominis,
1077 3047 1224 3119 quod
1248 3067 1277 3099 a
1303 3049 1581 3100 Germanis
1607 3047 1758 3097 victis
1792 3059 2144 3114 assumserat,
2171 3047 2224 3099 in
2253 3066 2359 3119 quo
2385 3045 2660 3120 quomodo
2687 3047 2790 3102 sibi

676 3129 936 3204 placuerit
958 3167 974 3195 ‚
999 3147 1063 3180 ex
1087 3147 1151 3180 eo
1172 3126 1391 3198 intelligi
1422 3139 1630 3198 potest,
1659 3125 1803 3197 quod
1829 3145 2061 3179 mensem
2087 3146 2252 3178 unum
2282 3129 2679 3196 Domitianum,
2709 3128 2787 3179 al-

679 3226 849 3265 terum
878 3211 1249 3264 Germanicum
1268 3248 1285 3276 ‚
1315 3207 1572 3280 appellari
1598 3207 1795 3275 voluit,
1826 3209 1966 3260 infra
1994 3227 2112 3281 cap.
2147 3209 2238 3278 13,
2272 3213 2394 3262 item
2429 3214 2788 3264 ostentatione

678 3293 907 3346 victoriae
946 3305 1107 3362 atque
1137 3288 1391 3360 triumphi
1418 3307 1447 3339 e
1479 3288 1787 3352 Germanis,
1828 3301 1938 3340 tum
1977 3285 2150 3340 adbuc
2185 3291 2550 3342 recentissimi.
2580 3291 2788 3342 Etenim

680 3392 819 3444 agon
852 3371 1183 3444 Capitolinus
1216 3368 1443 3444 primum
1470 3367 1768 3420 celebratus
1802 3383 1878 3420 est
1905 3387 1954 3420 a.
1985 3369 2042 3421 C.
2069 3369 2363 3437 Lxxxvl,
2391 3372 2482 3441 qui
2515 3384 2596 3423 est
2623 3371 2687 3423 A.
2719 3373 2786 3422 U.

680 3451 1124 3506 Dcccxxxvm
1144 3490 1161 3518 ‚
1191 3465 1249 3503 ut
1278 3449 1436 3502 docet
1470 3451 1658 3519 Pagius
1697 3447 1764 3502 ad
1802 3447 1952 3500 illum
1977 3469 2194 3502 annum.
2229 3449 2331 3502 Sed
2357 3451 2688 3523 triumphum
2722 3450 2788 3503 de

681 3533 955 3586 Germanis
977 3533 1031 3584 in
1062 3531 1303 3584 eumdem
1330 3549 1531 3583 annum
1562 3529 1843 3594 incidisse,
1875 3529 2070 3582 ibidem
2105 3529 2344 3583 docetur.
2370 3531 2790 3604 Oudendorpius

680 3625 859 3686 togam
883 3612 1241 3664 Groecanicam
1270 3613 1650 3683 interpretatur
1677 3607 1928 3680 cyclada,
1958 3623 2136 3680 togam
2166 3610 2478 3666 muliebrem
2503 3611 2788 3664 rotundam

683 3707 735 3746 et
769 3693 1017 3756 talarem,
1052 3694 1267 3745 mixtam
1300 3711 1329 3744 e
1361 3691 1546 3744 Graeco
1585 3705 1636 3742 et
1668 3691 1909 3743 Romano
1947 3710 2175 3762 genere,
2213 3711 2328 3766 quae
2356 3705 2408 3744 et
2447 3712 2475 3743 a
2506 3691 2690 3745 Servio
2722 3691 2788 3742 ad

682 3771 867 3844 virgil.
890 3772 1097 3826 AEneid.
1122 3775 1176 3838 1,
1206 3773 1335 3836 282,
1362 3771 1492 3846 togis
1515 3786 1842 3825 accensetur.
