3050 5004
1170 462 1445 528 NERo.
2227 486 2361 565 ².¹9

270 589 428 659 falsa
446 644 465 675 ,
500 613 639 657 non
665 586 797 657 alio
822 604 1223 681 argumento
1251 586 1632 672 refellebat,
1673 612 1880 684 quam
1911 586 2098 683 quod
2119 586 2362 657 {retiam

271 702 527 769 inscitia
556 699 683 768 sibi
710 710 899 767 tanto
922 722 1127 791 opere
1154 697 1515 767 elaboratae
1548 698 2000 793 perfectaeque
2025 724 2068 767 a
2099 722 2174 767 se
2201 702 2366 767 artis

271 808 705 904 objiceretur;
726 809 1029 902 singulos
1049 807 1337 880 subinde
1358 811 1686 901 rogitans,
1719 826 2124 879 «nossentne
2137 834 2368 905 quem·

273 946 475 1016 quam
512 923 1079 1015 praestantiorem.
1102 952 1130 981 υ
1176 919 1305 989 Sed
1340 918 1742 1011 urgentibus
1771 920 1920 989 aliis
1959 942 2162 1012 super
2197 920 2368 989 alios

272 1034 533 1100 nunciis
548 1084 567 1116 ,
600 1038 885 1101 Romam
913 1030 1361 1125 praetrepidus
1388 1028 1620 1099 rediit:
1651 1028 2024 1125 leviterque
2056 1027 2262 1099 modo
2295 1033 2368 1097 in

273 1144 503 1209 itinere
522 1140 766 1210 frivolo
784 1143 1089 1233 auspicio
1106 1158 1333 1211 mente
1352 1156 1654 1209 recreata
1667 1190 1688 1222 ,
1711 1164 1924 1234 quum
1942 1156 2368 1221 annotasset,

274 1251 685 1345 insculptum
702 1268 1145 1321 monumento
1168 1251 1449 1324 militem
1466 1249 1738 1321 Gallum
1759 1250 1845 1319 ab
1871 1254 2110 1345 Equite
2128 1257 2370 1321 Roma-

274 1386 361 1431 no
377 1384 789 1456 oppressum
808 1361 981 1429 trahi
998 1362 1297 1431 crinibus
1310 1414 1329 1446 ,
1344 1359 1431 1431 ad
1450 1386 1600 1429 eam
1619 1364 1912 1454 speciem
1927 1361 2196 1429 exsiluit
2211 1386 2374 1453 gau-

274 1472 383 1541 dio
398 1526 417 1557 ,
436 1472 815 1567 caelumque
830 1472 1155 1541 adoravit.
1178 1478 1273 1541 Ac
1286 1498 1373 1541 ne
1394 1490 1558 1542 tunc
1573 1470 1848 1567 quidem
1859 1490 1980 1539 aut
1993 1476 2240 1551 Senatu
2253 1488 2374 1541 aut

276 1584 527 1678 populo
552 1608 783 1653 coram
802 1584 1179 1679 appellato,
1208 1585 1544 1680 quosdam
1571 1610 1610 1653 e
1635 1584 2046 1679 primoribus
2073 1587 2236 1655 viris
2257 1584 2374 1651 do-

276 1720 463 1763 mum
498 1698 839 1765 evocavit:
878 1711 1351 1790 transactaque
1378 1698 1625 1788 raptim
1659 1694 2190 1777 consultatione,
2219 1694 2374 1762 reli-

278 1830 481 1901 quam
512 1806 648 1875 diei
676 1824 939 1901 partem
972 1831 1097 1901 per
1128 1830 1381 1899 organa
1412 1804 1856 1899 hydraulica‘*
1882 1808 2040 1874 novi
2069 1822 2138 1873 et
2161 1808 2374 1899 ignoti

279 1920 538 2009 generis
584 1916 1065 1985 circumduxit:
1106 1917 1610 2012 ostendensque
1657 1916 1954 2010 singula,
1989 1916 2076 1985 de
2113 1920 2376 1985 ratione

280 2050 355 2095 ac
376 2026 771 2095 difficultate
798 2024 1127 2123 cujusque
1162 2026 1499 2095 disserens
1516 2080 1536 2111 ,
1565 2024 1712 2120 jam
1747 2052 1820 2095 se
1847 2029 2050 2095 etiam
2075 2026 2376 2120 prolatu-

280 2160 428 2205 rum
451 2139 767 2205 omniain
790 2136 1128 2205 theatrum
1144 2136 1531 2223 affirmavit,
1560 2140 1616 2205 si
1639 2162 1761 2230 per
1779 2134 2134 2205 Vindicem
2154 2136 2374 2207 liceat.

368 2251 581 2315 XLII.
630 2251 995 2343 Postquam
1028 2244 1273 2315 deinde
1310 2250 1513 2315 etiam
1549 2246 1834 2317 Galbam
1869 2262 1938 2313 et
1978 2256 1992 2284 ¹
2011 2249 2376 2339 Hispanias

284 2357 640 2429 descivisse
686 2362 1033 2451 cognovit,
1078 2358 1419 2452 collapsus
1436 2412 1455 2441 ,
1502 2363 1868 2453 animoque
1908 2357 2084 2427 male
2127 2359 2376 2439 fracto,

284 2468 397 2538 diu
424 2484 495 2538 et
514 2471 661 2540 sine
683 2494 847 2540 voce
864 2524 881 2554 ,
910 2486 979 2540 et
1004 2494 1217 2564 prope
1246 2473 1734 2542 intermortuus
1753 2467 1986 2564 jacuit.
2021 2474 2248 2563 thue
2279 2493 2380 2538 re·

238 2667 242 2672 .
284 2583 509 2674 sipuit‚
530 2595 717 2648 veste
741 2575 1273 2674 discissa‚capite
1294 2579 1804 2662 converberato‚
1834 2609 1862 2640 α
1879 2595 2106 2648 actum
2126 2577 2212 2646 de
2233 2603 2372 2662 se,·›

282 2695 783 2786 pronunciavit:
827 2693 1339 2789 consolantique
1373 2691 1730 2762 nutriculae
1745 2745 1762 2776 ‚
1813 2708 1881 2759 et
1913 2691 2061 2759 aliis
2103 2715 2386 2786 quoque

278 2798 417 2895 jam
461 2802 884 2894 Principibus
922 2803 1164 2871 similia
1207 2802 1531 2871 accidisse
1569 2804 1976 2872 memoranti
1993 2855 2012 2886 ,
2053 2832 2080 2862 α
2099 2805 2183 2871 Se
2217 2825 2388 2868 vero.

284 2929 529 3006 praeter
576 2929 836 2981 ceteros
882 2913 1185 2982 inaudita
1229 2930 1298 2982 et
1341 2917 1681 3006 incognita
1721 2917 1893 3008 pati,
1914 2945 1941 2976 n
1995 2911 2380 3006 respondit,

296 3055 321 3084 a
340 3027 455 3120 qui
474 3047 821 3092 summum
842 3027 1240 3120 imperium²
1260 3029 1452 3095 vivus
1480 3029 1836 3095 amitteret.
1852 3057 1880 3088 n
1902 3029 2044 3094 Nec
2067 3049 2148 3094 eo
2165 3011 2384 3093 secius

288 3121 651 3230 quicquam
692 3159 777 3204 ex
810 3135 1303 3205 consuetudine
1344 3134 1548 3206 luxus
1588 3153 1792 3232 atque
1827 3132 2099 3202 desidiae
2126 3136 2384 3215 omisit,

288 3244 392 3312 vel
429 3248 787 3314 imminuit.
834 3248 1015 3334 Quin
1050 3249 1294 3332 imm0,
1338 3272 1554 3342 quum
1582 3247 1889 3340 prosperi
1932 3243 2256 3340 quiddam
2301 3267 2382 3310 ex

290 3359 647 3450 provinciis
674 3360 1070 3428 nunciatum
1102 3375 1301 3442 esset,
1332 3385 1538 3453 super
1567 3353 2220 3428 abundantissimam
2253 3379 2388 3422 coe-

291 3493 447 3537 nam
483 3466 815 3562 jocularia
850 3473 923 3538 in
957 3470 1350 3540 defectionis
1383 3471 1592 3540 duces
1631 3471 1961 3550 carmina,
2004 3466 2392 3562 lasciveque

360 3695 412 3748 3.
446 3697 579 3752 Non
598 3696 711 3752 alio
737 3711 1103 3771 ammento...
1132 3717 1293 3773 quam
1384 3698 1594 3774 organis
1646 3694 1968 3769 hydraulicis
2015 3695 2224 3766 scripsit
2266 3693 2392 3744 Rei-

294 3777 617 3849 quodetiam,
626 3778 935 3834 etc.bacvel
944 3783 1059 3853 ipsa
1068 3784 1293 3848 ratione,
1384 3797 1592 3844 marus,
1617 3789 1670 3831 et
1690 3795 1828 3849 quos
1849 3775 1938 3828 ille
1959 3775 2157 3827 citavit.

296 3857 439 3929 quod
455 3861 661 3930 peritus
683 3873 979 3930 negaretur.
1002 3889 1079 3902 —
1096 3861 1297 3916 Elabo-
1468 3859 1623 3911 XLII.
1665 3875 1684 3909 ι
1699 3893 1712 3908 .
1747 3854 1969 3908 Galbam
1999 3865 2052 3905 et
2073 3851 2390 3924 Hispanias,

295 3948 429 3990 mtoe.
445 3939 525 3992 Ex
541 3937 913 3993 emendatione
928 3943 1177 3992 Burman.
1194 3958 1295 4012 pro
1386 3951 1487 3991 etc.
1512 3939 1594 3990 Cf.
1623 3935 1826 4009 Xiphil.
1851 3953 1969 4007 cap.
2003 3951 2096 4002 ²7³
2123 3930 2386 3984 Plutarch.

296 4014 431 4088 vulg.
454 4017 703 4070 laborate
726 4023 1037 4091 recepimus.
1385 4017 1542 4071 Gall).
1569 4017 1620 4071 5.

362 4097 411 4163 4.
448 4099 557 4152 Per
586 4115 787 4171 orqana
818 4097 1159 4170 hydraulica,
1194 4111 1293 4152 etc.
1460 4117 1509 4150 2.
1555 4099 1832 4150 Summum
1892 4091 2184 4164 imperium.
2231 4087 2388 4156 vulg.

297 4173 447 4228 conf.
472 4175 673 4249 xiphil.
698 4177 732 4228 Ι.
760 4197 805 4230 c.
832 4178 925 4230 ubi
946 4178 1065 4232 vide
1090 4198 1205 4251 quae
1228 4178 1297 4232 de
1383 4197 1562 4241 suum,
1587 4175 1732 4248 quod
1755 4192 1970 4247 prorsus
1989 4174 2243 4242 ineptum.
