3050 5004
670 468 800 537 252
1415 468 1492 536 C.
1544 468 2008 537 SUETONII

667 596 836 664 lictis
851 592 958 663 vel
975 588 1396 661 immodicus.
1423 597 1593 661 Nam
1614 608 1683 661 et
1702 593 2180 680 nummulario,
2200 618 2340 671 non
2359 618 2443 665 ex
2454 596 2588 666 fide
2610 620 2747 669 ver·

668 708 840 775 santi
861 708 1209 799 pecunias,
1233 728 1476 773 manns
1493 708 1899 799 amputavit,
1925 730 2311 803 mensaeque
2334 705 2480 802 ejus
2503 708 2713 778 affixit
2727 763 2744 794 ,

667 834 735 886 et
757 833 1070 899 tutorem,
1091 815 1275 910 quod
1297 815 1658 908 pupillum,
1684 818 1794 885 cui
1817 816 2215 885 substitutus
2238 817 2434 887 heres
2458 836 2621 900 erac
2641 845 2750 889 ve-

665 952 846 997 neno
867 943 1192 1011 neoesset,
1207 916 1407 995 cruce
1426 927 1677 995 affecit:
1703 926 2222 1023 implorantique
2238 928 2525 1022 legeS‚et
2536 934 2751 999 civem

667 1039 1047 1105 Romanum
1079 1060 1150 1104 se
1180 1037 1555 1105 testificanti
1572 1044 1595 1075 ¹
1611 1090 1628 1122 ,
1658 1040 1853 1132 quasi
1884 1036 2121 1105 solatio
2153 1053 2220 1106 et
2239 1037 2495 1107 honore
2522 1040 2751 1133 aliquo

665 1168 935 1240 poenam
957 1146 1300 1215 levaturus
1315 1198 1332 1229 ,
1355 1148 1631 1231 mutari,
1655 1147 2003 1241 multoque
2028 1164 2271 1240 praeter
2288 1163 2539 1216 ceteras
2563 1149 2749 1217 altio·

667 1282 810 1326 rem
837 1275 906 1326 et
930 1256 1306 1327 dealbatam
1331 1262 1536 1326 statui
1562 1282 1831 1327 crucem
1856 1254 2079 1352 jussit.
2122 1260 2449 1328 Paulatim
2484 1263 2553 1327 in
2583 1260 2751 1329 desi-

667 1369 848 1437 diam
865 1371 1350 1465 segnitiemque
1371 1391 1736 1437 conversus
1756 1385 1879 1453 est,
1900 1392 1987 1435 ne
2005 1369 2169 1464 quid
2186 1373 2482 1439 materiae
2499 1370 2753 1463 praebe·

666 1493 772 1546 ret
795 1482 1077 1559 Neroni,
1115 1494 1216 1563 et,
1246 1493 1326 1545 ut
1359 1478 1581 1547 dicere
1608 1474 1897 1561 solebat,
1930 1508 1959 1538 a
1979 1474 2163 1571 quod
2192 1501 2397 1545 nemo
2424 1482 2753 1548 rationem

667 1588 784 1654 otii
820 1588 924 1655 sui
949 1586 1232 1655 reddere
1269 1602 1643 1679 cogeretur.
1669 1615 1696 1646 n
1728 1584 2124 1677 Carthagine
2148 1610 2321 1655 nova
2344 1603 2752 1655 conventum

667 1719 876 1787 agens
905 1749 922 1779 ‚
955 1696 1351 1765 tumultuari
1384 1695 1637 1764 Gallias
1668 1698 1998 1789 comperit
2022 1748 2039 1778 ‚
2088 1700 2336 1789 Legato
2376 1700 2753 1791 Aquitaniae

665 1804 910 1873 auxilia
957 1804 1380 1899 implorante.
1431 1806 1978 1898 supervenerunt
2011 1820 2081 1872 et
2113 1804 2409 1874 Vindicis
2456 1804 2707 1873 literae³
2730 1856 2749 1889 ,

667 1912 997 1982 hortantis
1021 1966 1038 1997 ,
1105 1945 1131 1974 a
1158 1929 1237 1982 ut
1287 1912 1587 1981 humano
1644 1918 1873 2005 generi
1924 1930 2325 1982 assertorem
2375 1912 2753 2009 ducemque

667 2046 740 2091 se
788 2025 1344 2093 accommodaret.
1377 2055 1404 2086 n
1461 2030 1602 2092 Nec
1645 2024 1764 2091 diu
1813 2040 2171 2093 cunctatus
2192 2076 2209 2104 ,
2261 2022 2709 2092 conditionem
2732 2076 2753 2107 ,

665 2140 910 2230 partim
937 2152 1122 2205 metu
1137 2191 1154 2220 ,
1192 2141 1436 2230 partim
1461 2161 1580 2232 spe
1597 2137 1629 2197 4
1646 2191 1664 2221 ,
1699 2140 1974 2233 recepit.
2003 2144 2173 2205 Nam
2196 2155 2263 2205 et
2288 2136 2609 2207 mandata
2632 2142 2756 2205 Ne-
2784 2138 2793 2149 “

666 2252 849 2317 ronis
873 2247 958 2317 de
985 2274 1147 2318 nece
1175 2274 1298 2318 sua
1329 2248 1416 2317 ad
1439 2266 1910 2345 procuratores
1946 2250 2121 2318 clam
2152 2252 2355 2317 missa
2380 2247 2757 2343 deprehen-

667 2357 893 2445 derat3
932 2377 999 2428 et
1025 2362 1547 2431 confirmabatur
1574 2386 1788 2457 quum
1817 2359 2315 2429 secundissimis
2346 2363 2661 2454 auspiciis
2686 2376 2757 2430 et

666 2470 1024 2556 ominibuS,
1036 2489 1183 2543 tum
1194 2476 1468 2567 virginis
1482 2472 1786 2542 honestae
1795 2475 2267 2543 vaticinatione
2284 2488 2502 2554 ;tanto
2518 2475 2753 2565 magiS‚

669 2582 852 2676 quod
877 2583 1112 2652 eadem
1135 2584 1248 2654 illa
1268 2589 1564 2654 carmina
1588 2583 1899 2654 sacerdos
1924 2587 2107 2653 Jovis
2130 2583 2422 2652 Cluniae⁵
2452 2608 2535 2651 ex
2554 2609 2757 2678 pene·

665 2691 840 2776 trali,
868 2698 1128 2762 somnio
1157 2697 1473 2781 monitus,
1501 2705 1792 2777 eruerat,
1817 2710 1973 2761 ante
1990 2693 2316 2763 duce'ntos
2340 2715 2555 2760 annos
2580 2695 2755 2761 simi-

646 2799 817 2896 ·liter
864 2827 906 2868 a
941 2803 1206 2872 fatidica
1251 2804 1476 2898 puella
1512 2807 1980 2898 pronunciata.
2024 2809 2329 2890 Quorum
2376 2805 2753 2869 carminum

668 2916 999 2979 sententia
1017 2930 1159 2982 erat
1175 2967 1192 2998 ,
1221 2945 1250 2976 α
1267 2919 1615 2983 Oriturum
1635 2913 2043 3010 quandoque
2066 2937 2149 2980 ex
2164 2913 2487 3005 Hispania
2506 2912 2758 2980 Princi-

671 3045 828 3114 pem
852 3021 1338 3122 dominumque
1367 3050 1618 3095 rerum.
1634 3058 1661 3089 n

1754 3249 1874 3296 cos,
1902 3243 1961 3282 nt
1979 3247 2087 3282 rem
2112 3228 2425 3298 susciperet,
2449 3239 2636 3278 auctor
2654 3225 2760 3276 fuit

1753 3309 1816 3360 T.
1837 3310 2089 3375 Vinnius,
2114 3310 2266 3378 cujus
2290 3304 2451 3358 verba
2474 3305 2589 3358 vide
2613 3303 2759 3376 apud

1754 3389 2093 3442 Plutarchum
2110 3426 2127 3454 ‚
2150 3386 2184 3439 l.
2210 3407 2258 3439 c.

1826 3469 1876 3535 4.
1915 3467 2119 3520 Partim
2142 3477 2306 3531 metu,
2327 3467 2518 3536 partim
2544 3483 2649 3536 spe.
2680 3465 2759 3516 Ex

1756 3565 1903 3598 more
1949 3545 2188 3597 Suetonii
2232 3555 2373 3596 metu
2420 3540 2759 3595 referendum

741 3245 788 3279 a.
825 3228 1242 3304 Implet-antique
1265 3230 1424 3306 leges,
1452 3243 1518 3285 et.
1535 3269 1549 3282 .
1564 3271 1576 3282 .
1599 3241 1671 3282 te-

664 3303 927 3378 suficanti.
962 3308 1044 3360 Cf.
1074 3312 1245 3363 Cicer.
1275 3314 1423 3363 Verr.
1457 3313 1527 3376 V,
1563 3309 1629 3379 57
1648 3349 1667 3377 ‚

669 3383 766 3450 62,
794 3385 862 3438 65
879 3425 898 3452 ‚
926 3401 1027 3439 etc.

735 3467 788 3518 3.
826 3465 1245 3538 Sapen-venerunt
1265 3481 1317 3523 et
1345 3471 1400 3526 V
1395 3471 1577 3524 indictis
1600 3470 1667 3524 Ιί-

667 3553 812 3609 teroe,
837 3556 940 3596 etc.
966 3547 1408 3617 Interpunxerunt
1425 3561 1547 3620 post
1571 3549 1667 3600 im-

595 3649 603 3657 «
660 3621 933 3688 plorante,
975 3636 1076 3675 ete
1113 3624 1285 3677 codd.
1323 3627 1667 3678 restituerunt

665 3711 720 3752 et
750 3713 871 3771 post
897 3702 1311 3772 Super-venerunt
1335 3703 1583 3756 Oudend.
1615 3717 1667 3756 et

665 3779 966 3846 Ernestius‚
1009 3799 1171 3851 quum
1212 3783 1268 3832 in
1299 3781 1439 3853 vulg.
1492 3782 1665 3851 legas:

672 3877 697 3902 ιι
717 3860 992 3926 comperit.
1025 3859 1222 3930 Legato
1250 3861 1544 3931 Aquitanioe
1572 3879 1667 3912 an-

667 3932 790 3985 xilia
843 3935 1191 4008 implorante,
1250 3951 1668 4008 supervenerunt

669 4009 902 4063 Vindicis
925 4013 1114 4080 literae,
1137 4028 1268 4066 616.»
1291 4016 1567 4081 Ceterum,
1592 4017 1663 4068 cf.

669 4087 927 4142 Plutarch.
943 4089 1097 4144 Galb.
1119 4093 1153 4159 4
1163 4131 1179 4159 ,
1196 4108 1248 4145 61
1260 4091 1463 4165 Xiphil.
1479 4093 1666 4156 LXIII,

669 4163 755 4216 23.
765 4165 1042 4222 Dubitanti
1049 4173 1383 4240 gravissimus
1393 4171 1534 4223 inter
1548 4174 1668 4225 ami-

1712 3641 1719 3650 ·
1754 3638 1833 3678 est
1871 3623 1939 3676 ad
1978 3623 2179 3688 verba,
2226 3623 2403 3675 «Nam
2442 3636 2494 3673 et
2537 3620 2760 3674 manda-

1755 3717 1851 3756 ta..
1870 3741 1909 3755 ..
1940 3701 2385 3776 deprehenderam
2405 3726 2428 3749 n
2455 3720 2543 3774 spe
2570 3700 2637 3752 ad
2662 3719 2760 3753 au-

1754 3785 1945 3854 spicia,
1971 3785 2177 3848 omina,
2198 3783 2445 3834 vaticinia
2460 3820 2475 3848 ,
2500 3801 2615 3852 quae
2637 3797 2758 3852 pro-

1754 3879 1892 3912 xime
1916 3873 2247 3912 enarrantur.

1825 3939 1876 3992 5.
1910 3938 2123 3992 Clum‘ae.
2148 3936 2407 3990 Plutarch.
2426 3934 2579 3991 Galb.
2597 3936 2653 4001 6,
2673 3943 2754 3988 Ko-

1755 4016 1963 4084 λουνίιν,
1990 4014 2397 4085 Ἰβυρικιὶνπὸλιν,
2422 4014 2576 4080 dicit,
2603 4017 2754 4083 cnjus

1755 4098 1861 4150 loci
1888 4115 2035 4170 aeque
2068 4115 2131 4148 ac
2160 4099 2326 4150 nostri
2354 4099 2629 4148 immemor
2654 4095 2757 4145 fuit

1756 4175 1946 4229 Cellar.
1962 4176 2155 4245 Geogr.
2172 4177 2295 4229 Ant.
2318 4173 2392 4242 ΙΙ,
2418 4191 2436 4225 ι
2454 4212 2471 4242 ,
2488 4191 2614 4245 pag.
2637 4188 2655 4224 1
2668 4187 2750 4224 20.
