3050 5004
726 448 857 532 464·
1472 446 1546 508 e.
1593 442 2064 510 summm

720 571 1269 678 Συγπλητικῶν
1324 566 1469 648 καὶ
1514 577 1659 648 τῶν
1713 571 1794 647 ἐν
1849 567 2122 662 ἀξίαις
2173 567 2318 654 καὶ
2363 573 2826 678 στρατείαις

719 697 1148 800 χλαμύδας
1213 692 1670 795 σήμαντρον
1736 693 1882 784 τῆς
1941 696 2363 792 βασιλικῆς
2429 697 2824 804 φορεσίας

718 818 1014 918 ταβλία
1044 825 1473 964 πορφυρᾶ,
1506 811 1744 910 άξίαν
1773 817 2182 906 δηλοῦντα
2209 826 2652 920 Ρωμαίκῆς
2677 845 2826 902 πο-

720 942 1015 1034 λιτείας
1056 939 1197 1020 καὶ
1240 939 1688 1044 ύποταγήν·
1731 939 2117 1034 κελεύσας
2173 940 2478 1044 μηδένα
2523 969 2826 1048 συγχεῖ-

724 1069 1044 1174 ρεῐσθαι
1094 1064 1470 1149 εἰσελθεῖν
1524 1064 1640 1155 εἰς
1680 1057 1776 1142 τὸ
1829 1064 2092 1144 αὑτοῦ
2141 1063 2563 1145 Παλάτιον
2609 1068 2826 1174 πρὸς

724 1188 977 1268 αὑτὸν
1020 1185 1213 1286 δίχα
1249 1196 1405 1266 τοῦ
1448 1186 1862 1286 σχήματος
1896 1185 2036 1277 τῆς
2075 1187 2327 1279 αὐτῆς
2365 1187 2817 1290 χλαμύδος.

722 1309 863 1390 καὶ
904 1312 1007 1390 οὐ
1037 1307 1542 1415 συνεχώρουν
1569 1307 1718 1388 τινὶ
1751 1307 2128 1396 εἰσελθεῖν
2169 1307 2252 1388 οἷ
2281 1309 2826 1418 φυλάσσοντες

720 1433 813 1538 τὸ
874 1435 1333 1528 Παλάτιον,
1397 1433 1467 1510 εἰ
1525 1429 1634 1534 μὴ
1693 1429 1970 1538 ἐφόρει
2020 1433 2408 1536 χλαμύδα
2460 1433 2821 1534 ἔχουσαν

722 1553 1181 1667 φιλοτιμίαν
1222 1555 1639 1652 βασιλικῆς
1668 1553 2038 1650 ἐσθῆτος,
2078 1556 2412 1649 καθὼς“
2378 1589 2426 1638 o
2458 1557 2822 1666 σοφώτα-

718 1709 858 1776 τος
900 1683 1385 1772 Σουετώνιος
1426 1682 2006 1787 Στραγκύαλος
2047 1690 2204 1782 (leq.
2248 1684 2822 1788 Τράγκυλλος)

724 1790 1115 1911 Ρωμαίων
1148 1802 1786 1913 ἱστοριογράφος
1821 1803 2406 1940 συνεγράψατο.

1360 1993 1848 2093 ΡιιιιιτοιιυΜ
1899 2039 2108 2092 unm.

1195 2194 1597 2277 Priscianus,
1625 2195 1736 2262 lib.
1765 2197 1969 2278 VIII,
1986 2221 2138 2289 paq.
2175 2201 2331 2286 744.

816 2357 1171 2426 Suetonius
1197 2373 1425 2426 autem
1455 2361 1719 2452 passive
1742 2359 2026 2454 protulit
2043 2363 2117 2428 in
2140 2377 2381 2456 quarto
2403 2365 2811 2430 Praetorum:

732 2494 761 2527 α
783 2469 1069 2535 Laetoria
1092 2520 1110 2551 ,
1167 2493 1321 2563 quae
1368 2483 1549 2539 vetat
1596 2472 1928 2541 minorem
1981 2472 2176 2540 annis
2227 2475 2409 2541 XXV
2461 2471 2766 2566 stipulari
2791 2526 2811 2554 ,

727 2577 1294 2683 ἐπερωτᾶσθαι.
1331 2610 1367 2653 >2

1294 2780 1507 2867 Idm,
1536 2783 1644 2849 zib.
1677 2784 1885 2866 Vm,
1901 2807 2052 2879 paq.
2084 2786 2241 2876 743·

817 2966 1173 3032 Suetonius
1204 2967 1276 3033 in
1313 2971 1405 3033 IV
1436 2972 1812 3039 Praetorum
1827 3022 1845 3054 ,
1889 2998 1918 3031 ι
1939 2972 2164 3038 Minor
2193 2973 2375 3038 XXV
2405 2993 2564 3037 ann.
2603 2971 2804 3062 stipu-

726 3071 849 3141 lari
868 3096 1009 3141 non
1030 3089 1255 3166 potest
1274 3106 1303 3136 n
1335 3080 1600 3169 passive
1621 3076 1809 3149 dixit.

1231 3272 1438 3355 Idem,
1468 3272 1575 3339 lib.
1609 3274 1883 3361 XVIII,
1905 3301 2053 3376 paq.
2091 3302 2115 3343 1
2137 3278 2286 3361 164.

818 3445 1171 3512 Suetonius
1193 3448 1265 3513 in
1288 3448 1452 3512 VIII
1474 3451 1878 3517 Praetorum:
1915 3480 1942 3511 α
1965 3452 2142 3517 Fasti
2171 3446 2313 3518 dies
2344 3465 2534 3532 sunt,
2567 3452 2640 3516 in
2667 3450 2792 3543 qui-

722 3551 851 3621 bus
866 3553 1067 3639 fatur,
1086 3554 1157 3624 id
1171 3573 1274 3624 est
1285 3608 1303 3642 ,
1323 3555 1590 3644 dicitur,
1607 3576 1684 3627 ut
1695 3560 1938 3629 nefasti
1951 3615 1968 3645 ,
1991 3586 2062 3629 m
2083 3560 2326 3655 quibus
2342 3558 2744 3662 nonldicitur.
2757 3586 2781 3615 n

750 3770 845 3823 m:
894 3754 1119 3829 Lums
1166 3774 1258 3826 ET
1308 3758 1778 3831 SPECTACULIS
1827 3778 2030 3831 Lmnn
2043 3814 2064 3849 ‚
2117 3778 2263 3831 Au‘r
2315 3778 2498 3831 unm
2549 3774 2749 3829 nnn.

1290 3936 1382 4000 A.
1410 3935 1686 4021 Gellius,
1715 3937 1826 4004 lib.
1852 3938 1982 4021 IX,
2011 3963 2146 4031 cap.
2178 3964 2236 4029 7.

816 4097 941 4167 Sed
972 4096 1058 4168 de
1094 4100 1339 4173 fidibus
1376 4110 1594 4176 rarius
1630 4107 1884 4179 dictum
1919 4124 1987 4179 et
2017 4108 2389 4179 mirabilius
2420 4126 2557 4179 est:
2597 4126 2780 4203 quam
