3050 5004
1030 447 1545 512 CALIGULA.

2253 444 2343 532 37

231 571 318 640 ab
339 575 578 642 infimo
603 589 1420 670 quoque-occuparenmr.
1445 569 1862 640 Gladiatorio
1888 594 2171 639 munere
2190 623 2209 654 ,
2242 595 2317 638 re

231 681 454 755 ductis
479 685 826 755 interdum
855 685 1376 778 flagrantissimo
1409 682 1563 753 Sole
1590 683 1834 768 velisv‚
1868 686 2077 752 emitti
2110 709 2342 780 quem-

233 819 442 889 quam
481 798 796 866 vetabat:
845 815 1243 892 remotoque
1285 793 1625 865 ordinario
1664 813 1995 890 apparatu
2018 851 2037 880 ‚
2084 796 2341 866 tabidas

233 905 406 974 feras
425 961 444 992 ,
479 909 846 978 vilissimos
875 911 1198 1004 senioque
1225 907 1567 974 confectos
1588 961 1605 990 ,
1641 905 2041 999 gladiatores
2066 930 2340 1002 quoque

232 1039 588 1108 pegmares
607 1072 626 1100 ,
673 1017 1310 1112 patresfamiliarum
1345 1031 1547 1085 notos
1566 1071 1583 1100 ,
1626 1016 1747 1084 sed
1780 1018 2075 1107 insignes
2114 1015 2345 1084 debili-

235 1141 364 1194 tate
385 1128 620 1225 aliqua
645 1132 950 1222 corporis
967 1181 986 1212 ,
1017 1127 1497 1222 subjiciebat⁸⁰.
1525 1135 1622 1196 Ac
1642 1151 2135 1222 nonnunquam
2157 1181 2174 1210 ,
2198 1126 2345 1196 hor-

233 1239 777 1330 reis-praeclusiS,
803 1239 1062 1333 populo
1083 1240 1334 1312 famem
1355 1235 1617 1307 indixit.

233 1477 301 1509 sa.
327 1462 382 1514 Is
403 1460 694 1514 confirmat
709 1461 866 1515 locus
879 1501 898 1528 ,
915 1465 1068 1534 cnjus
1089 1464 1252 1516 miros

233 1541 495 1593 nminem
533 1543 842 1596 meminisse
869 1543 1250 1614 interpretum,

237 1617 387 1671 calb.
425 1621 490 1674 15
505 1659 526 1687 ,
561 1643 587 1667 ι
607 1621 956 1673 liberalitates
986 1621 1216 1673 Neronis
1232 1659 1250 1686 ,

237 1715 342 1750 non
361 1699 490 1770 plus
517 1701 736 1754 decimis
763 1703 1139 1754 concessisn..
1168 1719 1256 1752 re·

237 1777 498 1830 voe-ndns
527 1779 774 1842 curavit,
795 1802 819 1826 ιι
849 1777 916 1830 ad
946 1797 1104 1850 quem
1129 1776 1250 1830 vide

237 1871 346 1908 not.
365 1857 480 1908 Cur
499 1857 720 1909 decima·
743 1855 899 1908 dictae
914 1897 932 1924 ,
955 1859 1216 1910 incertum
1229 1897 1248 1924 ‚

237 1935 332 1986 nisi
357 1935 506 2008 quod
523 1935 768 1988 Turneb.
799 1934 1022 1990 Advers.
1053 1937 1250 2002 XVIII,

240 2013 302 2080 5,
327 2033 358 2065 a
385 2014 606 2067 decima
631 2015 848 2068 Herculi
879 2015 1114 2087 pollucta
1149 2034 1254 2067 no·-

239 2111 354 2144 men
383 2091 660 2154 deflexum
695 2109 870 2167 putat.
901 2093 1252 2164 Reliquorum

239 2172 584 2244 interpretum
608 2176 950 2244 conjecturas
973 2171 1120 2242 (nam
1139 2192 1252 2224 om-

241 2268 326 2303 nes
351 2253 466 2304 fere
493 2250 882 2323 corrigendum
915 2251 1094 2303 locum
1122 2270 1252 2303 cen-

245 2328 382 2399 sent)
419 2329 544 2382 vide
575 2331 687 2382 suis
725 2327 878 2382 locis.
917 2330 1134 2401 Optima
1173 2343 1252 2382 est

243 2408 550 2482 Bulengeri,
587 2409 658 2462 de
693 2410 883 2462 venat.
923 2409 1092 2476 Circi,
1129 2425 1249 2481 cap.

245 2487 336 2555 24,
376 2505 432 2543 et
469 2491 710 2543 Ernestii
748 2488 818 2541 ad
855 2488 1000 2541 hunc
1037 2486 1250 2555 locum,

246 2580 452 2623 tesseras.
491 2571 596 2621 nic
627 2583 811 2621 tamen
839 2568 1010 2635 falso,
1047 2570 1094 2621 si
1121 2568 1252 2642 quid

243 2645 422 2715 video,
449 2668 484 2701 a
515 2650 794 2701 communi
820 2661 1136 2699 tesserarum
1175 2648 1250 2699 si-

243 2726 582 2795 gnificatione
611 2724 870 2778 recedens
885 2764 903 2792 ,
930 2724 1148 2778 tabellas
1169 2726 1252 2778 in·

247 2804 446 2875 telligit,
465 2804 668 2879 quibus
682 2807 738 2857 in
755 2804 906 2857 aditu
921 2803 1252 2871 exhibendis,

245 2888 398 2955 gratis
421 2884 640 2954 ingredi
665 2882 883 2936 licebat.

303 2983 354 3035 9.
391 2964 638 3017 Reduetis
671 2962 952 3015 interdum.
973 3001 988 3015 .
1007 3004 1018 3015 .
1039 3003 1054 3015 .
1093 2960 1250 3024 velis,-

245 3045 429 3116 quibus
471 3044 836 3115 spectantium
882 3045 1058 3113 capita
1101 3056 1250 3114 tege-

245 3123 448 3189 bantur,
477 3142 548 3176 ex
573 3140 682 3195 quo
703 3124 910 3195 primus
929 3122 986 3174 id
1007 3124 1252 3174 institue-

245 3216 320 3255 rat
333 3204 439 3273 Qu.
459 3200 717 3269 Catulus,
742 3220 906 3274 quum
925 3200 1250 3273 Capitolium

246 3297 596 3337 consecraret.
633 3282 772 3337 Vide
812 3282 988 3336 Valet.
1033 3284 1247 3335 Maxim.

245 3366 316 3432 n,
345 3364 414 3431 4,
447 3365 518 3425 6;
547 3363 683 3414 Plin.
711 3364 848 3415 nist.
877 3364 1004 3416 Nat.
1031 3363 1188 3430 XIX,
1221 3380 1242 3414 ι

247 3442 364 3515 (6);
385 3444 596 3496 Lucret-
623 3444 712 3510 lv,
736 3442 824 3513 73.

315 3538 394 3574 ιο.
431 3523 758 3593 Remotoque
787 3521 1054 3574 ordinario
1079 3540 1248 3594 appa-

247 3612 426 3653 ratum..
456 3600 774 3673 suly‘t’ciebat.
799 3600 1141 3654 Reddidimus
1165 3601 1248 3653 lo·

247 3698 388 3743 cum,
408 3680 462 3731 in
480 3698 592 3751 qno
609 3678 852 3732 sanando
869 3693 1070 3752 quanto
1085 3698 1248 3752 opere

243 3760 334 3811 viri
355 3760 502 3813 docti
517 3757 898 3813 desudaverint
911 3797 932 3825 ,
957 3762 1248 3811 Burmanni

245 3852 296 3889 et
333 3836 710 3910 Oudendorpii
754 3838 1015 3893 editiones
1061 3852 1247 3891 osten-

244 3916 400 3984 dunt,
429 3934 481 3971 et
511 3916 992 3990 Oudendorpianae
1021 3918 1246 3973 Wolfia-

245 4016 418 4070 neque
443 4000 725 4071 exempla,
758 4018 1082 4071 quamquam
1111 4018 1248 4052 non·

243 4078 379 4131 nullo
419 4078 660 4133 lui-ente
707 4078 984 4150 scrupulo.
1031 4082 1248 4132 Remoto

241 4156 492 4211 ordinario
537 4166 808 4230 apparatu
850 4156 1010 4227 (vide
1049 4160 1242 4213 Cesar.

1347 1461 1466 1534 Ιο).
1481 1499 1494 1512 .
1511 1501 1524 1514 .
1544 1461 1838 1534 ulfic-‘ebat
1856 1473 1965 1527 est,
1988 1463 2089 1512 Pro
2108 1461 2172 1513 iis
2188 1499 2205 1528 ,
2229 1479 2347 1534 quoe

1342 1541 1470 1596 alias
1489 1541 1561 1593 ad
1580 1540 1961 1594 oblectandum
1981 1539 2241 1611 populum
2263 1559 2349 1594 ex·

1339 1619 1510 1674 hiberi
1538 1621 1594 1672 in
1622 1618 1931 1672 muneribus
1961 1618 2231 1685 solebant,
2256 1641 2347 1673 ex-

1339 1700 1579 1766 hibebat,
1596 1698 1700 1750 illis
1715 1697 2221 1772 substituebat(subj
2222 1701 2349 1752 icere

1341 1783 1484 1832 enim
1509 1793 1593 1833 est
1612 1779 1711 1831 sub
1738 1779 1925 1831 oculos
1941 1780 2151 1848 jacere,
2172 1793 2349 1832 osten·

1339 1859 1464 1912 dere
1479 1897 1496 1924 ‚
1534 1877 1604 1911 ne
1643 1859 1763 1931 quis
1800 1877 1923 1910 cum
1955 1859 2258 1910 Burmanno
2296 1874 2350 1911 et

1337 1941 1547 1990 Ernest.
1568 1936 1718 1989 malit
1734 1935 2035 2009 abjt‘ct'ebot)
2045 1976 2063 2004 ,
2085 1955 2198 2008 quae
2214 1956 2349 1988 non-

1341 2021 1442 2071 nisi
1456 2017 1667 2069 taedium
1684 2020 2087 2088 cruciatumque
2106 2029 2349 2088 spectan-

1341 2096 1482 2149 tibus
1525 2110 1835 2169 moverent,
1878 2108 1939 2147 ut
1980 2097 2176 2150 tabidas
2203 2098 2351 2169 feras

1335 2173 1445 2244 (ita
1471 2195 1573 2246 pro
1602 2175 1793 2227 rabidis
1817 2176 1953 2246 feris
1982 2175 2197 2228 Memm.
2228 2175 2347 2228 alii-

1342 2273 1446 2326 que
1465 2254 1641 2307 Codd.
1664 2255 1879 2326 optimae
1898 2254 2097 2325 notoe),
2118 2275 2227 2306 non
2246 2256 2351 2307 for-

1341 2347 1420 2384 tes
1443 2331 1783 2403 validasque,
1808 2333 1901 2384 sed
1928 2332 2076 2400 tabe,
2100 2333 2181 2385 vel
2206 2353 2347 2385 mor-

1339 2413 1412 2466 bo
1430 2452 1448 2482 ,
1475 2413 1558 2466 vel
1582 2415 1736 2466 annis
1766 2427 2067 2480 contracta,
2093 2415 2347 2465 macilen-

1339 2507 1453 2561 tas,
1483 2508 1535 2546 et
1564 2495 1657 2565 qui
1693 2491 1957 2544 caederent
1988 2511 2111 2557 eas,
2148 2492 2349 2545 bestia-

1341 2574 1451 2624 rios
1491 2570 1763 2624 vt'lt'sst‘mos
1804 2572 2050 2642 senioque
2090 2569 2351 2639 confectos

1341 2648 1695 2721 (quamquam
1733 2646 1847 2698 haec
1888 2647 2045 2699 verba
2084 2666 2147 2698 ex
2186 2649 2349 2700 inter-

1339 2726 1641 2797 pretatione
1657 2724 1841 2776 vocnb.
1862 2726 2060 2778 tabidas
2077 2728 2131 2777 iu
2149 2736 2347 2780 textum

1339 2806 1548 2859 venisse
1568 2806 1809 2857 existimo
1822 2846 1838 2873 ‚
1859 2805 2005 2878 quod
2025 2807 2349 2877 explicuerat

1341 2885 1533 2957 aliquis
1564 2885 1861 2952 vilissimas,
1888 2887 2029 2938 senio
2058 2904 2151 2937 con
2148 2887 2319 2958 sectas
2329 2914 2346 2951 ,-

1339 2964 1394 3017 id
1409 2968 1552 3019 enim
1567 2966 1796 3036 conjicio
1814 2984 1877 3016 ex
1892 2967 2088 3017 omisso
2104 2968 2349 3021 substau-

1337 3045 1475 3107 tivo,
1495 3042 1609 3094 fere
1623 3046 1953 3107 necessario,
1973 3054 2025 3096 et
2047 3042 2348 3099 desiderata

1339 3122 1395 3172 in
1414 3120 1683 3193 plerisque
1701 3119 1895 3192 copula
1920 3140 2019 3195 que
2038 3125 2317 3191 post-senio
2328 3149 2347 3188 ‚-

1339 3202 1439 3253 nisi
1464 3200 1637 3271 legere
1664 3203 1782 3273 quis
1806 3200 1953 3253 malit
1978 3200 2349 3276 vilissimoque

1337 3298 1577 3354 senesque
1602 3281 1945 3352 confectores,
1971 3278 2245 3348 inspicat,
2276 3288 2363 3334 cf.⁸¹

1337 3361 1564 3431 August.
1587 3361 1717 3432 43)‘;
1739 3374 1789 3413 et
1814 3372 2007 3431 praeter
2025 3358 2163 3411 hanc
2186 3379 2349 3414 vena-

1338 3442 1573 3504 tionem,
1615 3440 1705 3511 qui
1736 3438 2050 3512 gladiatores
2080 3457 2349 3511 peqmares

1341 3532 1587 3589 agerent,
1606 3518 1658 3569 h.
1682 3538 1731 3569 e.
1749 3517 1816 3569 de
1834 3531 2077 3588 pegmate
2091 3521 2200 3570 sive
2219 3540 2347 3571 con-

1339 3611 1543 3650 structa
1569 3616 1633 3649 ex
1656 3597 1877 3649 materia
1904 3595 2151 3649 machina
2176 3596 2347 3669 depu-

1335 3690 1562 3749 gnarent
1596 3676 1698 3747 (cf.
1738 3676 1806 3729 de
1837 3677 2167 3749 peqmatibus
2200 3678 2344 3751 Lips.

1338 3756 1408 3808 de
1429 3754 1837 3827 Amphitheatro
1854 3792 1871 3821 ,
1900 3774 2019 3829 cap.
2045 3772 2109 3807 22
2125 3794 2144 3823 ,
2168 3754 2239 3808 de
2256 3776 2347 3829 pe-

1333 3837 1601 3909 qmari'bus
1622 3834 1897 3897 eumdem,
1922 3834 2133 3886 Saturn.
2155 3836 2228 3899 ΙΙ,
2256 3837 2365 3903 14,-

1338 3914 1432 3965 ubi
1450 3926 1631 3965 tamen
1652 3926 1704 3966 et
1726 3914 1844 3983 ipsc
1860 3911 1937 3963 de
1956 3908 2097 3963 salva
2117 3910 2347 3965 lectione

1338 3993 1579 4056 dubitat3
1618 3992 1748 4064 quid
1777 3996 1820 4046 si
1848 3992 1991 4062 legas
2022 3992 2227 4065 pugiles
2262 3996 2347 4047 vel

1333 4074 1715 4150 puyillares?),
1738 4094 1846 4127 non
1874 4072 2119 4145 pala-stra
2146 4078 2347 4128 exerci-

1337 4171 1417 4209 tos
1436 4192 1452 4225 ,
1481 4169 1537 4209 et
1567 4158 1657 4227 qui
1694 4176 1721 4208 e
1758 4152 2113 4225 gladiatorum
2144 4152 2341 4221 familia
2362 4196 2377 4207 .
