3050 5004
644 464 765 531 ¹92

1379 446 1450 507 C.
1504 443 1978 511 SUETONII

630 573 987 661 octingena
1012 592 1373 637 nummum
1406 568 1619 637 millia
1651 568 1898 639 diurna
1921 572 2292 665 erogavit4,
2325 573 2740 671 abeuntique

630 706 837 775 super
872 684 1257 749 sestertium
1288 680 1532 750 millies
1565 683 1874 751 contulit.
1928 686 2394 755 Menecraten⁵
2439 686 2737 756 citharoe-

634 791 799 860 dum
844 810 910 859 et
958 792 1309 885 Spiculum
1353 793 1836 862 mirmillonem
1883 797 2393 889 triumphalium
2431 801 2739 867 virorum

626 904 1050 997 patrimoniis
1098 899 1491 997 aedibusque
1525 900 1820 973 donavit.
1868 906 2422 999 cercopithecum
2452 911 2740 976 Panero-

624 1033 796 1099 tem,
832 1010 1319 1081 feneratorem⁶
1337 1066 1355 1095 ,
1398 1031 1467 1081 et
1499 1014 1778 1083 urbanis
1813 1019 2213 1110 rusticisque
2249 1016 2519 1109 praediis
2550 1017 2738 1087 locu-

624 1125 954 1220 pletatum
977 1176 994 1205 ,
1028 1147 1241 1216 prope
1265 1127 1449 1217 reg-io
1480 1124 1721 1192 extulit
1746 1125 2006 1195 funere.
2037 1126 2310 1195 Nullam
2342 1144 2602 1197 vestem
2627 1130 2734 1197 bis

624 1234 865 1306 induit.
904 1233 1441 1326 Quadringenis⁷
1479 1238 1552 1302 in
1585 1254 1916 1329 punctum
1947 1242 2268 1309 sestertiis
2301 1239 2520 1309 aleam
2547 1240 2730 1309 lusit.

624 1351 924 1417 Piscatus
982 1364 1085 1416 est
1128 1365 1271 1416 rete
1319 1364 1558 1417 aurato
1590 1347 1616 1387 ⁸
1646 1402 1664 1433 ,
1712 1373 2016 1444 purpura
2064 1376 2402 1448 coccoque
2454 1352 2730 1422 funibus

624 1463 837 1531 nexis.
882 1466 1248 1555 Nunquam
1282 1463 1507 1529 minus
1545 1460 1730 1529 mille
1777 1466 2074 1532 carrucis
2093 1475 2120 1517 ⁹
2155 1464 2392 1533 fecisse
2433 1467 2560 1533 iter
2595 1480 2732 1533 tra-

622 1706 751 1760 pa,
772 1696 890 1761 cap.
916 1688 1005 1751 t3;
1028 1684 1231 1759 Xiphil.
1257 1686 1449 1752 LXIII,
1473 1686 1632 1739 2—6.

696 1769 747 1836 4.
782 1770 1071 1840 Octinqena
1093 1784 1373 1817 nummum
1392 1764 1632 1818 millia...

622 1846 873 1919 ercqavit.
905 1846 985 1898 Cf.
1024 1843 1225 1916 xiphil.
1264 1844 1454 1910 LXIII,
1486 1862 1535 1895 a.
1564 1873 1636 1884 -

621 1924 789 1996 Super
824 1926 1104 1978 sestertium
1150 1922 1346 1975 millies
1390 1922 1631 1976 contulit.

620 2003 821 2075 Xiphil.
852 2004 1041 2067 LXIII,
1067 2003 1128 2068 6,
1153 2002 1296 2054 dona
1320 2019 1634 2069 πεντακισχι-

622 2084 730 2136 λίαν
743 2081 979 2152 μυριάδων
1002 2082 1125 2149 ἔξω.
1142 2083 1349 2135 dedisse
1364 2084 1436 2134 ait
1447 2122 1464 2151 ,
1486 2082 1634 2156 quod

622 2176 759 2215 esset
782 2163 855 2216 bis
874 2160 1096 2228 millies,
1122 2174 1181 2213 ut
1200 2160 1500 2213 observavit
1518 2164 1634 2233 jam

620 2244 763 2313 Lips.
795 2240 829 2293 1.
861 2259 941 2305 c.‚
974 2246 1063 2293 cui
1088 2242 1269 2293 nescio
1298 2258 1395 2293 cur
1421 2254 1632 2293 contra-

622 2320 769 2373 dicat
789 2318 1139 2392 Oudendorp.

694 2399 745 2453 5.
760 2402 1113 2469 Menecraten,
1130 2412 1229 2453 etc.
1240 2400 1438 2473 Xiphil.
1452 2402 1632 2471 LXIII,

629 2498 648 2534 ι
662 2521 679 2535 .
702 2484 857 2534 Hunc
880 2483 1217 2536 Menecraten
1238 2502 1361 2536 cum
1378 2484 1630 2537 Musonio

622 2562 1020 2634 colloquentem
1056 2561 1263 2615 inducit
1290 2577 1480 2616 auctor
1514 2563 1634 2616 dia-

622 2641 759 2714 logi,
778 2645 871 2713 qui
890 2644 1031 2695 Nero
1052 2642 1378 2709 inscribitur,
1398 2643 1634 2696 Pseudo·-

618 2721 903 2773 Luciauus.
922 2751 995 2762 --
1010 2721 1065 2772 Ε
1063 2732 1083 2770 t
1106 2720 1377 2792 Spiculum
1406 2722 1633 2776 mirmil-

624 2800 831 2863 lonem,·
864 2801 931 2852 tle
961 2820 1067 2872 quo
1096 2800 1360 2853 Plutarch.
1386 2800 1544 2853 Galb.
1575 2803 1626 2854 8.

620 2881 681 2931 In
708 2879 855 2932 libris
884 2881 1123 2933 Suetonii
1152 2899 1347 2932 nomen
1376 2883 1516 2933 varie
1554 2895 1630 2934 est

620 2973 946 3028 corruptum.

690 3037 741 3088 6.
768 3036 1186 3108 cercopithecum
1202 3037 1536 3103 Panerotem,
1545 3037 1632 3108 fe-

620 3129 907 3172 neratorem
919 3155 937 3182 ,
963 3129 1061 3168 etc.
1087 3119 1245 3169 Varie
1268 3131 1455 3187 urgent
1466 3117 1630 3188 fene-

620 3209 861 3250 retorem.
896 3198 1146 3248 Tot-rent.
1188 3196 1409 3261 suadet,
1454 3218 1477 3242 α
1500 3196 1630 3248 Cer-

620 3276 958 3348 copithecum
970 3317 987 3342 ,
1008 3276 1599 3348 Panerotisfenemtoris
1607 3315 1625 3342 ,

620 3357 865 3423 urbanis,
894 3371 995 3410 etc.
1018 3380 1040 3403 n
1072 3355 1306 3410 Gronov.
1342 3368 1512 3428 pater,
1538 3375 1627 3408 ve-

618 3447 853 3490 natorem
872 3475 887 3501 ,
943 3434 1081 3488 filius
1116 3435 1502 3507 funerator-em.
1547 3432 1626 3487 Illi

618 3515 827 3568 accedit
854 3517 1091 3579 Ernest.,
1122 3533 1279 3584 quem
1311 3516 1433 3584 jure
1466 3516 1626 3566 etiarn

620 3593 845 3646 offendit
868 3603 919 3645 et
940 3607 1065 3646 ante
1095 3593 1316 3645 urbanis.
1348 3592 1483 3643 Cum
1510 3591 1628 3643 Ou-

618 3671 881 3744 dendorp.
921 3673 1193 3737 existimo,
1229 3671 1483 3724 excidisse
1525 3668 1628 3722 ali-

621 3753 749 3826 quid
770 3767 891 3824 post
910 3765 987 3820 et,
1006 3751 1091 3804 vel
1110 3754 1185 3804 ita
1205 3751 1405 3804 suadeo
1418 3789 1434 3812 ,
1461 3773 1485 3797 α
1503 3752 1626 3803 Cer-

620 3831 957 3904 copithecum
975 3832 1341 3904 feneratione,
1379 3843 1433 3882 et
1460 3832 1626 3880 Pane-

619 3927 815 3978 rotem,
838 3914 1053 3966 urbanis
1082 3913 1393 3982 rusticisque
1418 3909 1628 3980 praediis

620 3988 1031 4062 locupletatum,
1052 4006 1154 4045 etc.
1177 4015 1199 4038 n
1225 3994 1300 4043 Ita
1328 4003 1628 4042 removetur

620 4069 903 4125 difficultas
936 4075 991 4124 in
1031 4071 1233 4144 duplici
1268 4073 1480 4123 nomine
1518 4069 1628 4122 hae-

512 4175 517 4180 ·
622 4169 765 4216 rens,
787 4165 1087 4204 removetur
1106 4153 1391 4216 fenerator,
1414 4150 1521 4220 qui,
1543 4150 1622 4200 vix

1723 1690 1891 1756 scias,
1919 1688 2063 1741 unde
2087 1688 2194 1741 huc
2226 1691 2428 1755 veniat,
2451 1701 2503 1742 et
2534 1688 2732 1759 copula

1724 1777 1775 1817 et
1811 1763 2014 1834 habet,
2060 1784 2165 1837 quo
2202 1768 2482 1838 pertineat.
2525 1768 2730 1838 Nempe

1724 1858 1948 1915 uterque
1969 1884 1986 1912 ,
2023 1844 2438 1917 Cercopithecus
2479 1858 2530 1897 et
2563 1848 2732 1897 Pane-

1725 1942 1840 1991 ros,
1864 1923 2040 1976 liberti
2061 1936 2241 1991 erant,
2265 1924 2480 1977 diversis
2501 1924 2728 1989 artibus,

1722 2000 1930 2053 favente
1941 2004 2174 2067 Nerone,
2189 2002 2522 2076 locupletati,
2538 2016 2593 2055 et
2605 2016 2732 2074 post

1721 2094 1949 2133 mortem
1972 2083 2114 2153 regie
2138 2080 2287 2134 elati.

1793 2177 1846 2229 7.
1891 2160 2286 2234 Quadringentis.
2332 2160 2570 2231 Intelligo
2605 2154 2727 2214 cum

1721 2235 1973 2289 Oudend.
2001 2239 2267 2306 Sestertio,
2294 2257 2402 2290 non
2431 2240 2726 2307 Sestertios,

1723 2320 1816 2391 qui
1861 2320 2016 2371 nimis
2064 2322 2305 2391 exiguam
2352 2340 2450 2391 pro
2498 2322 2726 2375 Neronis

1720 2403 2728 2474 profusioneefficerentsummam.Sunt

1722 2491 1932 2549 tamen,
1963 2482 2057 2554 qui
2092 2481 2273 2552 legant
2305 2482 2642 2556 Quadri-venis
2673 2498 2726 2536 et

1725 2561 2104 2635 Quadraqenis,
2124 2561 2365 2616 sollemni
2385 2581 2724 2618 numerorum

1721 2640 2128 2714 depravatione,
2161 2642 2214 2695 h.
2253 2643 2289 2694 l.
2319 2642 2595 2710 faciliore,
2629 2643 2724 2696 ubi

1719 2739 1934 2773 summm
1944 2720 2259 2792 magnitudo
2272 2721 2584 2774 offendebat
2599 2741 2728 2794 pau-

1715 2817 1805 2869 pet
1815 2818 1870 2850 es
1887 2797 2144 2850 librarios.
2159 2797 2403 2850 Ceterum
2415 2800 2728 2870 conferpar-

1717 2878 2002 2930 cimoniam
2013 2880 2254 2951 augusti,
2270 2897 2316 2929 e.
2331 2895 2360 2947 7
2372 2895 2390 2928 ι
2403 2917 2414 2928 .
2427 2880 2692 2931 Punctum
2705 2903 2728 2943 ,-

1715 2956 1918 3010 Gallice
1955 2957 2005 3010 Ie
2033 2976 2182 3031 coup.
2213 2960 2294 3009 Ita
2329 2977 2454 3023 nos,
2489 2981 2512 3005 ι
2533 2973 2724 3012 mettre

1723 3059 1746 3084 ιι
1767 3052 2021 3109 quaranta
2051 3057 2122 3089 ou
2150 3039 2436 3108 cinquante
2462 3035 2598 3089 louis
2630 3056 2722 3090 sur

1723 3138 1744 3162 ι
1770 3134 1872 3170 nne
1896 3129 2059 3168 carte.
2083 3141 2106 3166 ι

1789 3196 1839 3248 8.
1878 3196 2110 3250 Piscatus
2145 3207 2216 3249 est
2245 3207 2348 3248 rete
2373 3205 2554 3248 aurato
2570 3236 2588 3263 ,
2617 3208 2720 3250 etc.

1716 3275 1871 3327 Oros.
1898 3275 2026 3341 VII,
2053 3292 2104 3345 7,
2131 3298 2152 3322 α
2172 3275 2408 3326 Luxuriae
2432 3289 2538 3326 tam
2565 3277 2726 3328 effre-

1718 3367 1854 3406 natae
1883 3355 2017 3420 fuit,
2047 3369 2104 3406 ut
2135 3354 2333 3406 retibus
2357 3356 2532 3407 aureis
2555 3359 2727 3426 pisca·

1718 3448 1883 3496 retur,
1913 3451 2026 3508 quae
2058 3436 2342 3508 purpureis
2377 3435 2596 3486 funibus
2627 3454 2724 3487 ex-

1716 3514 2078 3568 trahebantur.
2103 3537 2124 3560 n
2156 3515 2237 3566 Cf.
2267 3516 2488 3586 Eutrop.
2513 3518 2631 3580 VII,
2659 3533 2720 3584 9,

1717 3597 1808 3666 qui
1849 3591 2064 3647 blatteas
2097 3595 2248 3646 funes
2291 3593 2450 3659 dicit,
2485 3593 2630 3666 quod
2667 3607 2722 3646 et

1714 3674 1888 3743 ipsum
1923 3685 2002 3725 est
2031 3689 2335 3744 purpureos.
2361 3673 2468 3740 Qui
2497 3691 2604 3723 non
2633 3691 2722 3724 ce-

1717 3765 1910 3826 perunt
1947 3750 2234 3805 ablativum
2263 3765 2392 3818 rete,
2433 3771 2589 3825 quem
2627 3751 2724 3804 de-

1713 3833 1888 3884 fendit
1923 3831 2198 3898 Oudend.,
2237 3835 2561 3905 scripserunt
2589 3832 2716 3895 reti,

1715 3913 1794 3964 vel
1825 3925 1980 3978 veste,
2013 3927 2071 3964 ut
2101 3914 2347 3979 Merum„
2379 3911 2524 3964 unde
2551 3913 2722 3980 conji-

1715 3995 1788 4044 cit
1811 3991 2094 4044 Salmasius
2117 4005 2257 4046 reste.

1785 4089 1836 4140 9.
1871 4072 2156 4142 Nunquam
2183 4071 2358 4122 minus
2376 4066 2525 4120 mille
2548 4085 2718 4120 carru-

1714 4151 1810 4218 cis,
1833 4163 1934 4201 etc.
1955 4149 2218 4220 Lamprid.
2236 4147 2453 4218 Elassah.
2471 4149 2556 4214 31,
2585 4173 2606 4194 κ
2624 4151 2720 4200 Im-
