3050 5004
632 456 722 524 60
1287 476 1302 485 ·
1381 456 1458 521 C.
1507 453 1978 521 SUETONII

631 581 808 650 dinis
827 633 845 664 ,
901 596 980 649 ut
1027 596 1400 649 maturaret
1417 634 1435 665 ,
1487 580 1837 651 orantibus
1856 634 1875 665 ,
1929 604 2135 676 quam
2190 583 2484 648 maxima
2530 606 2697 650 voce
2716 635 2739 663 ,

641 725 667 753 α
688 696 974 761 Veniam
993 683 1066 775 ,ὦ
1095 694 1351 788 inquit,
1389 724 1416 753 α
1436 696 1705 761 veniam
1724 746 1743 777 ,
1776 708 1845 760 et
1864 692 1979 761 hic
2004 716 2271 759 mecum
2293 746 2311 775 ,
2334 724 2363 755 a
2413 692 2741 786 capulum

633 802 834 895 gladii
855 802 1098 871 erebro
1123 802 1520 887 verberanS,
1547 826 1686 896 quo
1714 804 1978 872 cinctus
2001 817 2173 871 erat..
2196 802 2423 869 Edixit
2442 819 2510 870 et
2527 856 2544 884 ,
2583 834 2610 863 a
2634 828 2744 869 re-

631 916 930 998 verti-se,
965 912 1086 983 sed
1116 916 1196 981 iis
1229 929 1528 996 tantum,
1558 916 1676 1007 qui
1709 928 2052 1007 optarent,
2094 914 2390 1007 equestri
2417 912 2633 980 ordini
2668 929 2745 981 et

633 1024 924 1119 populo:
963 1049 1124 1093 nam
1161 1048 1236 1092 se
1271 1048 1494 1119 neque
1536 1027 1753 1092 civem
1790 1046 2015 1119 neque
2050 1024 2431 1116 Principem
2464 1027 2742 1093 Senatui

632 1134 924 1228 amplius
947 1134 1114 1203 fore.
1140 1166 1176 1195 a>
1199 1137 1431 1202 Vetuit
1461 1136 1663 1202 etiam
1681 1185 1700 1216 ,
1734 1157 2153 1229 quemquam
2184 1136 2579 1202 Senatorum
2608 1134 2742 1201 sibi

632 1268 1024 1313 occurrere:
1057 1260 1264 1340 atque
1287 1246 1536 1312 omisso
1552 1296 1570 1326 ‚
1602 1243 1711 1311 vel
1738 1242 1945 1311 dilato
1972 1242 2317 1337 triumpho
2331 1297 2350 1328 ,
2374 1267 2587 1313 ovans
2608 1250 2744 1312 Ur-

630 1352 791 1422 bem
819 1353 1030 1424 natali
1059 1378 1184 1423 suo
1210 1358 1555 1448 ingressus
1584 1370 1707 1423 est.
1736 1359 2059 1450 Intraque
2087 1369 2406 1449 quartum
2430 1378 2745 1425 mensem

631 1468 862 1559 periit¹
883 1520 902 1547 ‚
926 1470 1224 1561 ingentia
1245 1466 1545 1536 facinora
1572 1491 1779 1536 ausus
1796 1520 1815 1551 ,
1850 1483 1918 1534 et
1942 1464 2289 1561 aliquanto
2311 1464 2567 1560 majora
2590 1490 2743 1533 mo-

629 1574 824 1645 lienS.
875 1576 1220 1673 Siquidem
1273 1596 1729 1673 proposuerat
1778 1581 2056 1647 Antium
2074 1632 2093 1663 ,
2154 1574 2398 1645 deinde
2450 1576 2745 1645 Alexan-

632 1683 884 1769 driam,
931 1690 1405 1779 commigrare,
1447 1690 1809 1757 interemto
1847 1690 2039 1780 prius
2084 1690 2437 1783 utriusque
2485 1685 2745 1756 ordinis

633 1794 1036 1869 electissimo
1065 1821 1360 1893 quoque.
1385 1796 1586 1884 Quod
1616 1822 1703 1865 ne
1732 1800 1841 1871 cui
1867 1796 2150 1867 dubium
2178 1795 2518 1880 videatur,
2538 1800 2607 1865 in
2632 1819 2743 1864 se-

633 1909 835 1975 cretis
859 1904 1005 2001 ejus
1029 1910 1280 2000 reperti
1311 1922 1474 1975 sunt
1496 1907 1635 1977 duo
1666 1906 1946 1991 libelli²‚
1980 1904 2249 1975 diverso
2280 1905 2477 1976 titulo
2494 1934 2516 1975 ι
2547 1905 2746 1973 alteri

633 2020 1042 2103 GLADIUS,
1063 2018 1258 2087 alteri
1283 2022 1553 2088 PUGIO
1574 2019 1775 2087 index
1800 2035 1965 2090 erat.
1990 2016 2207 2087 Ambo
2230 2020 2509 2091 nomina
2531 2033 2599 2085 et
2620 2042 2747 2085 no-

635 2143 738 2195 tas
773 2130 1209 2201 continebant
1237 2134 1442 2199 morti
1476 2129 1991 2201 destinatorum.
2026 2134 2310 2202 Inventa
2346 2145 2414 2197 et
2448 2154 2603 2198 arca
2636 2131 2747 2197 in-

637 2236 836 2329 gens-³
850 2292 868 2321 ‚
889 2242 1234 2307 variorum
1249 2265 1671 2310 venenorum
1688 2240 1896 2334 plena
1913 2267 1928 2307 :
1956 2240 2205 2335 quibus
2223 2263 2384 2307 mox
2400 2264 2443 2306 a
2459 2236 2746 2308 Claudio

636 2347 964 2418 demersis
979 2403 1006 2433 ,
1021 2352 1266 2423 infecta
1293 2355 1511 2421 maria
1535 2352 1925 2436 traduntur,
1960 2375 2102 2419 non
2126 2353 2272 2419 sine
2298 2353 2587 2445 piscium
2608 2350 2750 2419 exi-

637 2463 765 2542 tio,
787 2484 962 2558 quos
989 2478 1260 2536 enectos
1286 2480 1488 2534 aestus
1511 2466 1587 2535 in
1606 2466 1924 2558 proxima
1939 2462 2145 2540 litora
2168 2459 2384 2556 ejecit.

705 2650 886 2702 XLIX.
911 2667 956 2703 ι.
975 2652 1230 2727 Intraque
1246 2664 1490 2728 quartum
1505 2672 1648 2706 men·

634 2743 739 2778 sem
775 2729 948 2798 periit.
991 2733 1172 2800 Quum
1209 2731 1404 2785 natalis
1439 2737 1553 2804 ejus
1590 2735 1645 2784 in

1732 2652 1837 2705 hoe
1864 2653 1986 2705 loeo
2014 2663 2201 2704 nostro
2228 2649 2498 2741 reposuit,
2523 2649 2747 2700 inverso

1730 2729 2117 2783 vocabulorum
2162 2715 2383 2794 ordine,
2427 2725 2644 2779 nomina
2688 2735 2751 2777 et

635 2803 772 2876 prid.
787 2805 906 2859 Kal.
922 2809 1066 2881 Sept.
1084 2809 1332 2862 inciderit
1349 2810 1500 2881 (vide
1521 2830 1642 2882 cap.

637 2885 730 2954 8),
749 2903 894 2938 mers
911 2887 976 2942 in.
987 2889 1062 2939 IX
1079 2888 1206 2944 Kal
1217 2888 1473 2944 Februar.
1494 2888 1643 2959 (vide

637 2980 757 3034 cap.
779 2964 904 3037 58),
922 2985 1046 3018 vera
1063 2969 1332 3022 censenda
1345 2967 1643 3022 emendatio

636 3045 890 3098 Perizonii
907 3059 962 3096 et
979 3046 1162 3119 Ryckii
1176 3049 1247 3102 ad
1259 3051 1428 3102 Tacit.
1445 3049 1641 3102 Annsl.

637 3120 761 3187 ΧΠ,
785 3123 882 3188 58,
913 3125 1209 3198 «Intraque
1231 3128 1474 3202 quintum
1497 3147 1643 3180 men-

638 3216 767 3252 sem.
789 3202 1157 3258 ..probarunt
1185 3225 1304 3258 eam
1337 3209 1545 3261 Ernest.
1588 3220 1644 3260 et

637 3277 986 3354 Oudendorp.

711 3375 766 3414 2.
780 3361 848 3416 In
863 3364 1065 3416 secretis
1081 3367 1198 3436 qius
1205 3367 1523 3438 repet-cisum
1539 3367 1643 3422 duo

641 3437 834 3506 libelli,
862 3454 963 3495 ete.
991 3441 1076 3495 Ad
1098 3444 1317 3497 verbum
1339 3446 1496 3499 Oros.
1519 3449 1643 3514 Vll,

640 3519 704 3574 5.
735 3521 898 3574 «Duo
922 3519 1126 3578 libent·
1111 3543 1174 3578 m
1191 3527 1403 3582 seeretis
1428 3529 1544 3596 ejus
1566 3545 1645 3578 re-

638 3599 780 3669 perti
803 3612 954 3668 sunt,
992 3619 1220 3672 quorum
1261 3605 1410 3658 alteri
1439 3607 1640 3680 payle,

641 3678 796 3732 alteri
827 3680 1035 3753 gladius
1071 3702 1173 3754 pro
1220 3687 1375 3756 signo
1411 3685 1641 3737 nominis

640 3760 924 3830 ascriptum
961 3776 1108 3824 eran
1141 3760 1298 3815 ambo
1333 3761 1645 3816 lectissimo-

641 3855 758 3887 rum
773 3840 1006 3893 virorum
1026 3843 1304 3913 utriusque
1323 3842 1523 3896 ordinis
1542 3842 1645 3914 (se-

641 3919 836 3970 natorii
854 3931 909 3988 et
931 3921 1218 3992 equestris)
1239 3924 1456 3975 nomina
1475 3935 1529 3974 et
1552 3942 1645 3974 no-

643 4010 724 4046 tas
765 3999 1114 4052 continebam
1149 4003 1310 4052 morti
1345 4001 1643 4054 destinato-

643 4093 780 4126 rum.
801 4099 824 4122 ι·
853 4079 1008 4130 Conf.
1032 4082 1161 4148 Dio,
1188 4082 1336 4148 LIX,
1367 4082 1450 4133 26.
1481 4082 1643 4134 Recte

567 4205 572 4212 .
646 4165 822 4206 autem
869 4157 1048 4210 Orosii
1100 4160 1342 4232 exemplo
1393 4160 1641 4214 Oudend.

1734 2821 1913 2879 nom,
1939 2808 2089 2881 quod
2121 2807 2371 2881 probavit
2393 2804 2653 2871 wolfius,
2680 2802 2743 2856 in

1730 2903 1932 2942 textum
1972 2891 2211 2961 recipere
2245 2884 2459 2940 oblitus.
2495 2885 2645 2936 Prius
2681 2883 2745 2935 in

1730 2967 1925 3026 libonis
1943 2968 2046 3026 illis
2064 2965 2329 3026 exaranda
2346 2975 2501 3018 erant
2521 2963 2745 3014 nomina

1731 3052 1890 3102 morti
1902 3049 2306 3114 destinatorum,
2322 3059 2377 3102 et
2390 3039 2745 3114 adjungenda

1732 3141 1893 3195 nette,
1928 3147 2021 3183 seu
2048 3125 2297 3181 notandae
2319 3141 2492 3177 causo
2518 3122 2745 3187 mortis,

1729 3213 1982 3280 erimina,
2019 3209 2211 3282 quibus
2247 3215 2571 3278 peterentur.
2608 3202 2745 3254 Ern-

1730 3308 1931 3360 genera
1948 3289 2329 3361 suppliciorum
2346 3282 2607 3354 intelligit,
2620 3299 2745 3352 quie

1732 3369 1900 3440 magis
1936 3387 1967 3420 e
2001 3369 2223 3439 vestigio
2255 3363 2551 3418 decrevisse
2579 3360 2743 3414 Caius

1731 3447 1955 3500 videtur.

1805 3527 1855 3580 3.
1893 3528 2118 3580 Inventa
2148 3538 2203 3580 et
2234 3543 2365 3582 ma,
2390 3525 2608 3595 ingens,
2628 3532 2742 3583 ete.

1732 3608 1889 3660 Oros.
1908 3605 1944 3659 l.
1966 3626 2013 3659 c.
2046 3607 2311 3657 «Inventa
2332 3613 2413 3655 est
2436 3613 2492 3652 et
2514 3617 2639 3650 aree
2660 3599 2747 3652 in-

1732 3705 1861 3756 gens
1884 3686 2142 3737 variorum
2168 3698 2494 3738 venenorum
2520 3677 2747 3753 (pocula

1734 3765 2003 3817 continens
2014 3801 2043 3828 2
2054 3782 2168 3836 quae
2182 3782 2212 3815 e
2223 3761 2401 3833 glossa
2420 3757 2606 3811 addita
2621 3775 2749 3810 cen-

1738 3855 1817 3896 set
1856 3841 2143 3910 Oudend„
2190 3854 2251 3894 nt
2293 3837 2439 3912 apud
2480 3833 2747 3890 Nostrum

1729 3921 1953 3993 plena),
1992 3920 2183 3992 quibus
2218 3939 2339 3972 mox
2373 3907 2597 3971 Claudio
2630 3915 2745 3968 Cae-

1732 4020 1851 4054 sare
1864 4001 2087 4071 jubente
2110 4001 2389 4067 demersis,
2411 3999 2610 4050 infecta
2628 4014 2746 4048 ma-

1730 4083 1811 4132 ria
1847 4079 2128 4133 traduntur
2156 4098 2265 4133 non
2292 4081 2403 4132 sine
2430 4093 2625 4146 magno
2650 4075 2740 4145 pi-

1732 4162 1901 4213 scium
1937 4162 2131 4228 exitio,
2174 4178 2309 4231 quos
2352 4170 2601 4236 enecntos
2640 4173 2743 4225 per
