3050 5004
619 475 748 541 216

1363 480 1436 542 C.
1487 479 1955 546 SUETONH

969 606 1264 681 Νεόνυμφν
1281 608 1452 685 Νέρων
1475 603 1611 665 ἰδίαν
1630 609 1786 686 purifi
1806 610 2097 667 &imum
2108 602 2156 664 ⁵.

813 750 966 828 Quis
987 764 1210 831 negat,
1232 752 1437 814 AEneae
1459 744 1688 837 magna
1710 755 1788 817 de
1810 756 1998 839 stirpe
2020 726 2363 817 Neronem?

889 850 1144 911 Sustulit
1165 850 1266 911 hic
1287 864 1579 930 matrem,
1603 849 1888 916 sustulit⁶
1908 854 2013 916 ille
2034 868 2294 938 patrem.

813 1002 980 1062 Dum
1003 1001 1200 1063 tendit
1223 1001 1527 1066 citharam
1553 1018 1780 1082 noster,
1803 1005 1954 1065 dum
1980 1014 2251 1068 cornua7
2278 1004 2572 1082 Parthus,

893 1100 1111 1163 Noster
1134 1104 1250 1163 erit
1273 1103 1453 1164 Paean
1470 1149 1488 1180 ,
1511 1102 1619 1163 ille
1640 1107 2014 1187 ἱκαπηβιλίτης.

813 1250 1012 1309 Roma
1033 1249 1258 1311 domus
1281 1248 1449 1311 fiet⁸z
1475 1252 1653 1313 Veios
1676 1252 1967 1334 migrate,
1990 1252 2292 1330 Quirites,

893 1346 951 1407 Si
975 1367 1108 1407 non
1131 1361 1191 1409 et
1212 1348 1398 1409 Veios
1421 1360 1685 1431 occupat
1707 1348 1822 1410 ista
1843 1348 2087 1410 domus.

613 1496 742 1567 Sed
787 1522 1008 1594 neque
1043 1515 1352 1568 auctores
1393 1502 1739 1596 requisiit:
1780 1518 1853 1569 et
1876 1498 2209 1596 quosdam
2248 1522 2371 1593 per
2410 1498 2708 1568 indicem

611 1606 868 1677 delatos
883 1608 970 1677 ad
983 1612 1304 1678 Senatum
1317 1663 1334 1694 ,
1349 1610 1524 1679 affici
1546 1615 1851 1705 graviore
1866 1635 2066 1703 poena
2074 1610 2444 1703 prohibuit.
2464 1615 2711 1678 Trans-

617 1734 891 1787 euntem
923 1718 1222 1787 Isidorus
1243 1722 1537 1813 Cynicus
1570 1723 1641 1788 in
1667 1719 1943 1814 publico
1970 1720 2153 1789 clara
2174 1744 2340 1788 voce
2371 1722 2709 1812 corripue-

615 1847 751 1914 rat,
785 1861 812 1889 a
837 1828 1020 1925 quod
1047 1830 1317 1923 Nauplii
1351 1830 1531 1899 mala
1551 1831 1724 1900 bene
1750 1833 2135 1915 cantitaret,
2166 1854 2287 1899 sua
2318 1830 2499 1899 bona
2530 1829 2709 1897 male

616 1938 1026 2031 disponeret.
1047 1970 1074 2002 n
1127 1944 1212 2007 Et
1245 1945 1490 2024 DatuS,
1528 1940 1988 2011 Atellanarum
2026 1940 2295 2025 histrio,
2332 1944 2403 2009 in
2448 1942 2708 2009 cantico

615 2048 940 2145 quodam,
974 2066 1166 2143 sylam
1195 2068 1382 2146 πάτερ,
1414 2066 1611 2143 §quive
1638 2074 1823 2146 μῆτερ,
1864 2056 1955 2120 ita
1985 2051 2591 2133 demonstraverat,
2632 2069 2713 2118 ut

614 2160 958 2229 bibentem
995 2170 1496 2257 natantemque⁸
1523 2162 1803 2246 faceret,
1851 2164 2105 2230 exitum
2154 2161 2409 2230 scilicet
2448 2160 2710 2229 Claudii

614 2272 1141 2366 Agrippinaeque
1166 2272 1583 2365 significans:
1610 2288 1680 2340 et
1699 2276 1771 2339 in
1792 2275 2155 2341 novissima
2178 2271 2507 2356 clausula,

1097 2433 1292 2494 Orcus
1315 2433 1494 2495 vobis
1519 2434 1688 2496 ducit
1710 2435 1957 2520 pedesss,

687 2665 736 2716 5.
760 2664 914 2734 Nipoev
920 2701 1016 2718 .....
1041 2665 1325 2721 drino-mn.
1347 2668 1486 2720 Male
1507 2667 1617 2720 dis-

610 2747 844 2816 jungunt
877 2746 1120 2798 nonnulli
1164 2745 1275 2800 duo
1311 2765 1495 2800 versus
1528 2765 1621 2800 eo-

617 2821 905 2891 baerentes,
944 2826 1065 2894 qui,
1109 2823 1168 2876 id
1210 2826 1310 2878 sibi
1345 2829 1619 2898 proprium

617 2919 724 2972 prae
753 2899 868 2954 aliis
900 2900 1185 2954 matricidis
1224 2900 1423 2954 babere
1451 2905 1623 2954 Nero-

619 2997 768 3044 nem,
790 2977 1005 3047 dieunt,
1037 2979 1182 3051 quod
1203 2978 1439 3047 πὸυυμφον
1465 2983 1623 3034 etiam

623 3071 843 3110 matrem
866 3057 921 3110 h.
953 3077 1000 3110 e.
1029 3077 1214 3111 reeens
1237 3073 1458 3132 nuptam
1482 3062 1622 3112 oeci·

621 3138 786 3205 derit,
826 3157 934 3209 quo
971 3139 1188 3192 incestus
1225 3138 1322 3209 (de
1359 3158 1467 3210 quo
1503 3137 1624 3191 vide

619 3237 738 3290 cap.
757 3220 853 3291 28)
867 3218 1002 3271 salse
1017 3218 1360 3290 significatur.
1375 3220 1624 3271 Ceterum

618 3297 828 3350 mallem
872 3295 1166 3363 Νιὸυυμφος,
1208 3310 1267 3349 ut
1312 3311 1625 3352 amoveatur

569 3395 582 3407 ·
619 3376 817 3449 duplex
859 3377 1130 3450 epitheton
1145 3417 1162 3445 ,
1203 3391 1254 3431 et
1269 3416 1286 3445 ,
1328 3377 1476 3450 quod
1513 3397 1624 3430 me·

619 3469 759 3508 trum
785 3455 1044 3527 postulat,
1069 3471 1121 3510 et
1143 3477 1356 3511 suasere
1369 3459 1478 3528 jam
1492 3456 1624 3510 Dor·

619 3533 728 3587 vill.
751 3535 855 3607 (cf.
876 3534 1121 3590 Addend.
1139 3536 1456 3607 Burmann.)
1471 3576 1488 3604 ,
1511 3537 1621 3589 Ou-

621 3615 912 3687 dendorp„
949 3617 1218 3670 Ernestius
1235 3655 1252 3684 ,
1281 3629 1483 3670 mutato
1506 3635 1623 3668 ver-

622 3693 816 3764 borum
831 3694 1016 3746 ordine
1027 3694 1318 3761 ,Νιὸννμφος
1327 3694 1449 3748 ἰδίαν
1461 3693 1618 3762 ματέρ’

623 3771 890 3828 εἰη-ἔκτεινεν
907 3772 1080 3842 Ne‘pm.
1099 3774 1278 3826 Codex
1295 3773 1512 3826 Salmas.
1534 3771 1627 3824 dat

622 3849 892 3918 Νιὸψιρον,
931 3850 1077 3922 quod
1113 3851 1360 3922 probavit
1390 3849 1624 3902 Turneb-

625 3929 841 3984 Advers.
879 3933 1066 3997 XXIV,
1103 3931 1167 3997 6,
1205 3946 1258 3984 et
1283 3931 1504 3996 XXVII,
1545 3929 1625 3983 18.

627 4010 902 4082 Reliquam
925 4012 1226 4063 varietatem
1239 4049 1257 4078 ,
1275 4024 1333 4063 ut
1353 4010 1546 4064 assolet
1559 4049 1579 4076 ,
1598 4027 1629 4062 e

627 4091 896 4160 corruptis
909 4090 1105 4143 Graecis
1125 4101 1294 4142 ortam
1307 4128 1322 4155 ‚
1341 4088 1462 4142 vide
1481 4087 1625 4159 apud

627 4169 910 4223 Burmann.
965 4167 1201 4241 Apollini
1247 4167 1429 4242 Pythio
1481 4168 1625 4221 huuc

1706 2685 1915 2721 versum
1957 2667 2191 2720 tribuere
2232 2665 2441 2719 videtur
2472 2663 2713 2716 Pseudo-

1707 2748 1999 2819 Lucianus‚
2018 2749 2215 2798 Neron.
2238 2763 2355 2817 cap.
2385 2761 2463 2797 ιο.
2485 2745 2565 2798 Cf.
2590 2747 2715 2797 Rei-

1708 2845 1839 2878 mar.
1864 2825 1935 2878 ad
1955 2823 2152 2896 Xipbil.
2176 2825 2322 2889 Lxl,
2346 2823 2427 2876 16.

1780 2905 1832 2958 6.
1870 2903 2145 2958 Sustulit...
2181 2903 2411 2958 sustulit.
2448 2903 2619 2954 Lusus
2658 2902 2713 2952 in

1710 2983 1875 3036 verbo
1901 2982 2098 3036 tollere.

1783 3079 1832 3132 7.
1854 3064 2087 3122 Cornua,-
2105 3079 2316 3126 arcum,
2330 3073 2390 3111 ut
2402 3077 2558 3130 soepe.
2572 3057 2713 3109 Dum

1710 3139 1973 3211 Apollinis
1996 3139 2181 3190 habitu
2196 3175 2213 3204 ,
2238 3151 2295 3189 ut
2314 3137 2453 3188 mitis
2475 3148 2529 3188 et
2552 3135 2715 3206 placi-

1712 3217 1812 3270 dus
1824 3257 1840 3285 ,
1856 3215 2109 3270 citharam
2126 3219 2267 3268 Nero
2282 3215 2478 3287 pulsat,
2492 3212 2715 3266 Parthus

1714 3315 1927 3367 quoque
1960 3293 2258 3364 Apollinem
2288 3311 2481 3364 agens,
2510 3291 2601 3344 sed
2632 3307 2715 3344 sa·

1710 3377 1852 3448 gittis
1879 3372 2297 3438 formidabilem,
2328 3373 2603 3444 imperium
2632 3369 2714 3422 la·

1715 3457 1887 3508 cessit.

1780 3538 1831 3589 8.
1868 3536 2035 3586 Roma
2060 3534 2243 3587 domus
2250 3529 2357 3604 fiet
2366 3571 2386 3598 ,
2416 3544 2517 3584 ete.
2542 3531 2709 3583 Joeus

1710 3618 1764 3667 in
1790 3614 2007 3666 domum
2032 3613 2278 3664 Auream.

1778 3711 1831 3764 9.
1868 3693 2026 3747 Omns
2040 3692 2179 3745 vobis
2193 3691 2339 3744 ducit
2348 3689 2518 3762 pedes.
2535 3691 2713 3741 Meam

1714 3773 1855 3824 facio
1894 3786 2015 3842 post
2046 3769 2175 3822 alios
2206 3771 2369 3840 Lipsii
2402 3769 2719 3838 interpreta-

1713 3851 1941 3915 tionem,
1970 3847 2161 3900 «Pluto
2198 3865 2291 3898 vos
2318 3863 2415 3917 per
2446 3843 2613 3915 pedes
2648 3843 2715 3894 ad

1716 3929 1903 3980 Manes
1926 3925 2085 3979 trahit
2100 3965 2117 3993 ,
2133 3951 2155 3975 ι
2186 3927 2265 3978 uti
2285 3923 2547 3976 Cerberus
2570 3921 2717 3992 apud

1716 4009 1933 4060 Lucian.
1968 4005 2105 4059 Dial.
2134 4005 2293 4056 Μαι-ι.
2316 4003 2460 4066 xxi,
2480 3999 2621 4069 ⁸476
2646 3999 2716 4052 ’ὅτι

1715 4086 2034 4152 &sepimenta
2074 4081 2215 4136 aaut&
2250 4079 2403 4135 sauir
2438 4081 2511 4147 «τᾷ
2550 4081 2715 4146 κακίᾳ

1715 4164 2006 4218 amineo«.
2049 4164 2132 4216 τοῦ
2170 4159 2331 4218 roscit.
2376 4163 2433 4212 ln
2484 4161 2717 4212 carmine
