3050 5004
625 474 757 563 376
1379 478 1451 541 c.
1505 476 1976 543 sUETONn

620 600 804 681 dari3
835 631 862 661 υ
906 603 963 669 si
996 599 1158 697 quid
1192 616 1522 693 praeterea
1553 599 2054 684 desiderarent,
2087 603 2492 693 promittens
2525 626 2598 671 se
2628 608 2738 671 tri-

618 712 985 780 buturum:
1016 728 1087 779 et
1114 711 1473 779 confestim
1506 711 1786 807 quidem
1813 710 1902 778 ad
1928 710 2206 781 alterius
2235 728 2556 798 matrem,
2585 737 2738 809 quae

616 823 860 915 procul
900 821 1170 905 aberat,
1216 846 1528 891 cursores
1577 844 1734 890 suos
1783 824 2000 905 misit,
2050 823 2167 916 qui
2213 823 2428 891 anxiae
2471 822 2736 891 salvum

618 933 838 1003 filium
884 936 1307 1003 nunciarent.
1363 937 1678 1002 Ceterum
1729 936 1914 1028 ipsos
1963 956 2104 1000 non
2153 931 2377 1001 solum
2429 932 2738 1003 familiari

617 1066 827 1113 coenae
850 1042 1191 1129 adhibuit,
1222 1044 1343 1112 sed
1368 1058 1437 1111 et
1464 1046 1846 1139 insequenti
1870 1042 1979 1113 die
2007 1042 2460 1136 gladiatorum
2484 1062 2738 1137 specta-

620 1156 776 1225 culo
822 1158 998 1224 circa
1044 1180 1117 1225 se
1164 1181 1249 1225 ex
1300 1155 1636 1224 industria
1681 1154 2055 1235 collocatis,
2101 1153 2326 1223 oblata
2367 1156 2493 1223 sibi
2537 1156 2737 1225 ferra-

616 1285 847 1337 menta
867 1268 895 1316 3
929 1270 1381 1362 pugnantium
1404 1265 1822 1362 inspicienda
1851 1270 2173 1359 porrexit.
2212 1269 2472 1335 Dicitur
2499 1270 2698 1337 etiam
2717 1320 2734 1351 ,

618 1382 889 1472 cognita
910 1384 1268 1475 utriusque
1294 1384 1603 1474 genitura
1621 1433 1639 1464 ,
1687 1381 2090 1447 «imminere
2123 1378 2457 1448 ambobus
2480 1383 2738 1474 pericu-

527 1572 533 1581 ·
616 1490 849 1575 lum,'»
881 1492 1291 1561 affirmasse:
1330 1523 1357 1553 α
1380 1515 1620 1560 verum
1635 1490 2166 1587 quandoque,et
2179 1491 2263 1559 ab
2277 1488 2482 1559 ali042
2509 1524 2537 1553 n
2565 1495 2740 1561 sicut

618 1604 861 1671 evenit.
888 1609 1193 1671 Fratrem
1208 1602 1259 1684 ⁵,
1280 1602 1586 1670 insidiari
1611 1600 1740 1669 sihi
1764 1625 1906 1668 non
1929 1600 2382 1683 desinentem,
2407 1598 2526 1669 sed
2545 1624 2738 1695 paene

618 1738 703 1781 ex
738 1713 1049 1806 professo
1086 1712 1564 1782 sollicitantem
1601 1716 1969 1796 exercitus,
2003 1712 2442 1789 meditantem
2473 1712 2735 1805 fugam,

618 1847 747 1892 nec
778 1822 1115 1905 occidere,
1152 1848 1379 1919 neque
1418 1848 1778 1917 seponere,
1817 1847 1898 1891 ac
1927 1847 2016 1891 ne
2053 1825 2125 1890 in
2161 1825 2423 1891 minore
2460 1822 2738 1918 quidem

618 1935 881 2006 honore
920 1935 1173 2005 habere
1214 1939 1572 2004 sustinuit:
1617 1934 1772 2021 sed,
1817 1953 1896 2005 ut
1939 1960 1980 2003 a
2021 1937 2244 2028 primo
2284 1938 2552 2029 imperii
2597 1936 2738 2019 die,

621 2062 1008 2115 consortem
1033 2070 1634 2141 successoremque
1658 2050 1890 2116 testari
1914 2049 2404 2141 perseveravit3
2429 2070 2740 2115 nonnun-

520 2218 525 2224 ,
627 2182 838 2253 quam
883 2173 1144 2226 secreto
1178 2158 1496 2251 precibus
1540 2174 1610 2226 et
1648 2158 1942 2228 lacrimis
1990 2184 2224 2243 orans,
2280 2189 2308 2220 κ
2337 2174 2414 2226 ut
2463 2158 2738 2229 tandem

624 2283 865 2337 mutuo
890 2294 1049 2363 erga
1070 2293 1145 2339 se
1170 2272 1397 2338 animo
1422 2267 1628 2338 vellet
1649 2294 1817 2340 esse.
1843 2304 1870 2333 n

716 2384 797 2447 X.
853 2384 1039 2451 Inter
1070 2379 1218 2449 haec
1240 2400 1457 2449 morte
1480 2399 1872 2474 praeventus
1905 2399 2009 2450 est
2033 2392 2077 2465 ¹,
2104 2379 2358 2475 majore
2380 2378 2740 2465 hominum

622 2488 909 2576 damn0,
938 2516 1145 2587 quam
1176 2517 1323 2561 suo.
1359 2492 1768 2586 Spectaculis
1793 2491 2119 2561 absolutis
2137 2544 2154 2574 ,
2188 2494 2258 2558 in
2282 2514 2578 2584 quorum
2606 2488 2740 2556 fine

692 2679 745 2731 3.
785 2679 1147 2732 Ferramenta.
1171 2682 1439 2734 Dicuntur
1460 2679 1638 2751 ferra-

623 2768 803 2810 menta
828 2757 897 2811 de
933 2759 1125 2831 gladiis
1164 2777 1227 2812 ac
1256 2762 1381 2814 sicis
1410 2780 1441 2812 a
1470 2762 1636 2813 Cicer.

620 2836 777 2889 Catil.
807 2841 903 2906 111,
933 2841 994 2904 5,
1024 2855 1077 2892 et
1104 2838 1300 2892 diserte
1328 2839 1506 2892 Aurel.
1540 2841 1636 2890 Vi-

620 2927 757 2979 ctor,
794 2915 831 2968 l.
869 2935 916 2968 c.
952 2917 1020 2970 de
1050 2919 1431 2973 mirmillonum
1458 2918 1638 2990 gladio

621 2995 857 3066 exponit.
876 2998 1191 3068 Recepimus
1206 2999 1369 3068 igitur
1382 2997 1439 3050 h.
1461 2996 1495 3050 l.
1515 3017 1639 3050 cum

618 3070 977 3145 Oudendorp.
1001 3087 1054 3126 et
1072 3077 1275 3127 Ernest.
1292 3115 1310 3143 ,
1334 3095 1471 3148 quos
1487 3077 1608 3128 vide
1622 3115 1640 3144 ,

621 3152 837 3223 optimis
875 3152 1041 3211 libris.
1062 3154 1443 3206 annuentibus.
1479 3153 1638 3226 Vulg.

619 3245 931 3286 ornamenta
948 3271 963 3298 ‚
994 3253 1109 3306 quae
1136 3233 1447 3305 simpliciter
1470 3234 1536 3286 de
1560 3253 1640 3286 ar-

619 3311 717 3363 mis
748 3310 1041 3382 ιὶμυντιρίοις
1073 3312 1296 3384 intelligi
1322 3331 1511 3386 posse,
1545 3315 1642 3364 viri

620 3389 767 3444 docti
786 3394 1041 3464 exemplis
1058 3392 1183 3446 ideo
1199 3394 1374 3446 citatis
1391 3412 1501 3445 non
1519 3412 1641 3464 pro-

620 3471 839 3524 barunt.
862 3475 943 3525 De
965 3472 1129 3527 verbo
1152 3474 1295 3526 enim
1317 3491 1532 3537 ornare,
1560 3493 1640 3522 xo-

624 3551 783 3620 σμιῖι,
806 3555 1073 3628 armisque
1093 3555 1444 3624 σκεπαστηρίοις
1464 3573 1530 3608 eo
1550 3573 1643 3606 no-

622 3635 765 3685 mine
796 3635 1057 3706 insignitis
1097 3653 1257 3688 nemo
1296 3633 1648 3686 dubitaverit..

620 3711 865 3766 Ceterum
874 3733 941 3766 vo
948 3713 1141 3767 cabulu
1148 3734 1197 3766 m
1198 3715 1529 3787 ferramenta
1537 3712 1638 3765 hoc

624 3811 785 3846 sensu
826 3813 938 3847 non
981 3796 1057 3848 ita
1094 3807 1367 3868 promtum
1411 3794 1639 3846 librariis

625 3872 791 3925 fuisse
814 3872 1041 3939 videtur,
1071 3887 1131 3926 ut
1162 3894 1266 3947 pro
1292 3873 1467 3944 glossa
1495 3875 1639 3926 inse-

624 3965 847 4004 ruerint.
1500 4011 1505 4016 ⁵

692 4031 743 4097 4.
776 4031 969 4084 Verum
991 4032 1335 4105 quandoque,
1354 4042 1407 4084 et
1422 4032 1486 4083 ab
1504 4030 1632 4083 alio.

620 4109 777 4181 Vulg.
819 4123 1091 4164 venturum
1121 4110 1471 4184 quandoque;
1500 4110 1634 4164 cml.

619 4186 771 4255 alter,
788 4200 1057 4242 venturum
1074 4209 1305 4264 quoque,
1326 4189 1414 4242 sed
1426 4189 1489 4240 ab
1504 4188 1629 4244 alio.

1728 2681 1938 2732 Ernest.
1969 2681 2134 2732 suasit
2167 2689 2546 2750 venturumque
2571 2695 2740 2750 quan-

1729 2762 1912 2834 doque.
1934 2761 2168 2816 Omnino
2190 2762 2233 2811 si
2251 2771 2418 2812 staret
2439 2768 2739 2820 venturum,

1727 2839 2009 2911 legendum
2035 2854 2173 2894 esset
2190 2841 2309 2905 sed,
2341 2839 2422 2892 vel
2445 2850 2502 2892 at
2526 2837 2590 2888 ab
2612 2836 2740 2889 alio.

1729 2920 1834 2973 sed
1860 2923 1984 2990 jure
2020 2919 2365 2992 praetulerunt
2399 2915 2649 2971 Oudend.
2691 2927 2743 2968 et

1727 3000 1958 3053 wolfius
1989 3017 2193 3068 verum,
2223 2996 2370 3070 quod
2401 2994 2630 3050 Casani».
2661 3014 2741 3046 re-

1729 3083 1990 3134 stituerat.
2005 3081 2176 3132 Causa
2189 3076 2502 3150 corruptelae
2513 3078 2566 3128 in
2579 3094 2740 3147 quan-

1729 3160 1920 3233 doque,
1943 3159 1999 3211 h.
2021 3178 2068 3212 e.
2090 3156 2408 3230 aliquando,
2429 3155 2567 3208 male
2587 3152 2742 3208 intel-

1730 3237 1871 3292 lecto
1896 3240 2062 3292 fuisse
2085 3237 2315 3306 videtur,
2339 3251 2392 3290 et
2413 3239 2742 3309 insequente

1731 3319 1920 3372 evenit.

1801 3397 1850 3452 5.
1903 3399 2162 3462 Fratrem,
2211 3408 2312 3449 etc.
2359 3397 2738 3448 Domitianum.

1730 3478 1811 3531 Cf.
1841 3477 2023 3529 Aurel.
2051 3479 2256 3541 Victor,
2285 3475 2426 3548 Epit.
2459 3491 2538 3527 10.

1799 3557 1865 3608 X.
1899 3573 1917 3608 1
1931 3595 1942 3606 .
1965 3557 2114 3608 Inter
2135 3555 2244 3608 hoec
2261 3566 2428 3608 morte
2449 3564 2744 3627 preventus

1729 3648 1816 3690 est.
1843 3635 2001 3688 conf.
2035 3633 2236 3706 Xiphil.
2263 3635 2453 3700 LXVI,
2479 3633 2565 3686 26.
2591 3633 2738 3685 Alter

1729 3715 1929 3777 Victor,
1959 3714 2087 3765 Caes.
2129 3729 2193 3765 10
2231 3725 2285 3764 et
2327 3727 2407 3777 ιι,
2447 3729 2676 3776 veneno,
2709 3729 2740 3762 a

1729 3795 2036 3846 Domitiano
2057 3807 2308 3865 accept03
2331 3792 2482 3858 alter,
2496 3793 2638 3864 Epit.
2662 3808 2744 3858 19,

1717 3873 1863 3944 febri
1899 3873 2165 3925 interiisse
2192 3874 2372 3925 Titum
2401 3869 2548 3923 dicit.
2580 3870 2740 3922 Conf.

1727 3953 2018 4005 Domitian.
2061 3970 2180 4024 cap.
2235 3968 2284 4004 α.
2327 3949 2512 4004 Plures
2553 3952 2740 4004 mortis

1727 4052 1912 4087 causas
1925 4072 1942 4100 ,
1975 4051 2006 4085 a
2036 4032 2253 4087 diversi·
2293 4031 2602 4085 auctoribus
2635 4049 2740 4083 tne-

1727 4123 1987 4174 moratas,
2005 4124 2250 4164 recenset
2267 4111 2541 4163 Reimarus
2561 4108 2631 4162 ad
2646 4109 2740 4160 Xi-

1724 4190 1912 4262 philin.
1941 4190 2044 4242 loc..
2071 4191 2162 4243 cit.
