3050 5004
663 517 787 580 DE
835 515 1278 582 1LLns‘rR.
1328 515 1707 581 GRAMM.
1755 518 2062 583 mssa.
2280 521 2410 602 435

313 663 479 710 suus
494 693 513 726 ,
532 641 741 710 alium
764 645 1295 711 Grammaticum
1318 640 1703 728 adhiberet3
1730 645 2006 738 quando
2027 669 2166 716 non
2193 659 2208 686 ¹
2225 665 2420 742 putat

312 760 369 824 is
386 809 403 838 ,
440 777 601 824 cum
630 753 1017 824 adversario
1049 754 1132 824 de
1162 752 1321 848 jure
1352 755 1479 824 sibi
1493 809 1510 840 ,
1546 753 1664 824 sed
1699 755 1786 824 de
1817 755 2194 828 soloecismo
2208 811 2226 844 ,
2259 785 2419 830 con·

310 868 712 936 troversiam
740 866 1062 934 simu-am.
1087 896 1114 928 n
1147 869 1273 936 Hic
1294 865 1476 934 idem
1495 919 1512 950 ,
1541 887 1758 961 quum
1779 889 1864 935 ex
1892 871 2194 939 oratione
2221 875 2282 938 T
2283 871 2422 941 ibe-

312 981 493 1046 rium
509 975 1057 1072 reprehendisset
1071 1031 1088 1059 ‚
1110 977 1495 1046 affirmante
1514 980 1732 1046 Atteio
1750 982 2076 1072 Gapitone
2089 1033 2106 1064 ,
2142 1012 2170 1042 α
2193 997 2260 1050 et
2274 1005 2424 1052 esse

312 1086 481 1157 illud
505 1092 825 1157 Latinum
839 1142 855 1173 ‚
878 1103 981 1172 et,
1004 1091 1061 1158 si
1082 1113 1223 1157 non
1248 1104 1427 1157 esset
1438 1107 1463 1174 ,·
1482 1089 1792 1157 futurum
1815 1108 1994 1160 certe
2007 1088 2150 1185 jam
2168 1093 2358 1162 inde:
2385 1125 2416 1158 ιο

320 1229 349 1259 ι
370 1201 703 1268 Mentitur
720 1251 737 1282 ,
762 1231 791 1262 s
818 1201 1070 1295 inquit,
1104 1229 1133 1262 α
1154 1203 1410 1293 Capito.
1438 1205 1549 1268 Tu
1573 1203 1755 1268 enim
1771 1254 1789 1284 ,
1808 1206 2062 1285 Coesar‚
2089 1205 2424 1274 civitatem

308 1310 473 1380 dam
500 1329 694 1405 potes
729 1312 1121 1382 hominibus
1140 1365 1157 1396 ,
1190 1312 1405 1380 verbo
1436 1335 1580 1380 non
1609 1329 1824 1407 potes.
1851 1345 1878 1376 n
1925 1316 2229 1408 Pugilem
2257 1317 2424 1386 olitn

310 1422 519 1490 fuisse
532 1475 549 1507 ,
586 1425 851 1490 Asinius
874 1422 1111 1492 Gallus
1138 1423 1271 1491 hoc
1298 1426 1371 1491 in
1398 1445 1557 1492 eum
1587 1427 2071 1517 epigrammate
2093 1426 2420 1498 ostendit:

471 1583 596 1662 Qui
622 1599 811 1668 caput
832 1583 911 1644 ad
939 1583 1163 1646 laevam
1188 1583 1477 1661 didicit2‚
1502 1584 1870 1667 glossemata
1896 1587 2083 1648 nobis

551 1683 877 1768 Praecipit:
909 1703 977 1744 os
1005 1681 1285 1761 nullum,
1314 1682 1411 1746 vel
1435 1683 1646 1768 potius
1669 1683 1930 1770 pugilis!

403 1856 649 1920 xxm.
672 1856 987 1921 Rammius
1012 1856 1347 1922 Patmos
1362 1903 1381 1936 ,
1404 1855 1800 1922 Vicentinus
1819 1905 1838 1936 ‚
1863 1853 2166 1941 mulieris
2185 1881 2426 1940 verna,

308 1964 533 2056 primo
550 2011 572 2046 ‚
598 1977 679 2030 ut
702 1961 934 2030 ferunt
953 2013 970 2044 ,
999 1964 1371 2031 textrinum
1388 2015 1407 2046 ‚
1436 1961 1684 2032 deinde
1710 1963 1996 2033 herilem
2023 1958 2240 2038 filium
2261 1969 2428 2039 dum

306 2077 671 2144 comitatur
687 2076 761 2142 in
786 2073 1087 2159 scholas,
1112 2073 1345 2143 literas
1370 2071 1644 2144 didicit:
1671 2091 1908 2169 postea
1931 2083 2427 2164 manumissus,

306 2187 541 2256 docuit
562 2191 831 2255 Romaex
856 2211 938 2255 ac
961 2188 1339 2281 principem
1360 2186 1592 2256 locum
1620 2190 1796 2256 inter
1816 2191 2308 2260 Grammaticos
2333 2211 2428 2261 te-

307 2299 487 2383 nuit,
517 2321 934 2394 quamquam
956 2299 1229 2368 infamis
1256 2297 1575 2366 omnibus
1602 2301 1778 2366 vitiis
1793 2350 1811 2383 ,
1836 2298 2200 2396 palamque
2223 2317 2292 2370 et
2311 2306 2426 2371 Ti-

306 2407 497 2477 berio
511 2459 530 2492 ,
560 2424 629 2476 et
653 2431 815 2476 mox
840 2405 1121 2475 Claudio
1136 2459 1153 2490 ,
1183 2405 1709 2500 praedicantibus
1727 2460 1746 2491 ,
1776 2410 2030 2476 nemini
2061 2412 2290 2479 minus
2318 2414 2422 2482 in-

306 2522 728 2615 stitutionem
757 2544 1131 2613 puerorum
1160 2520 1270 2589 vel
1294 2518 1630 2614 juvenum
1657 2517 2260 2592 committendam:
2301 2524 2422 2593 sed

300 2632 617 2727 capiebat
649 2633 961 2701 homines
996 2654 1212 2726 quum
1246 2636 1578 2703 memoria
1612 2656 1844 2700 rerum
1858 2686 1878 2715 ‚
1917 2649 2069 2701 tum
2095 2622 2421 2705 ‘facilitate

218 2738 229 2744 ’
306 2747 674 2813 sermonis:
706 2768 834 2812 nec
854 2768 999 2813 non
1028 2760 1345 2837 poemata
1372 2743 1658 2815 faciebat
1680 2768 1764 2811 ex
1789 2760 2116 2837 tempore.
2142 2749 2422 2841 Scripsit

302 2870 379 2923 et
398 2858 601 2924 variis
616 2906 635 2939 ,
664 2879 791 2925 nec
816 2852 1209 2947 vulgaribus
1232 2857 1485 2923 metris.
1520 2857 1916 2949 Arrogantia
1943 2856 2072 2923 fuit
2092 2872 2276 2927 tanta
2292 2912 2309 2943 ,
2339 2875 2419 2928 ut

306 2971 621 3035 Marcum
641 2970 1297 3061 Varronem‘porcum
1320 2962 1727 3059 appellaret3
1753 2988 1988 3035 secum
2009 2984 2080 3036 et
2099 2984 2292 3038 natas
2306 3024 2324 3054 ,
2349 2987 2419 3039 et

304 3080 671 3145 morituras
690 3075 947 3161 literas,
964 3073 1279 3169 jactaret3
1299 3098 1552 3145 nomen
1575 3078 1869 3147 suumin
1890 3076 2216 3147 Bucolicis
2231 3096 2250 3129 ¹
2274 3104 2415 3151 non

306 3207 563 3257 temere
594 3191 924 3283 positum,
962 3187 1081 3256 sed
1112 3190 1554 3281 praesagiente
1585 3187 1862 3282 Virgilio
1883 3240 1902 3271 ,
1935 3188 2080 3261 fore
2110 3190 2415 3286 quando-

306 3324 445 3395 que
484 3303 789 3369 omnium
822 3315 1177 3393 poetarum
1210 3320 1293 3367 ac
1327 3314 1719 3393 poematum
1754 3299 2206 3371 Palaemonem
2235 3298 2414 3394 judi·-

305 3434 480 3479 cem.
518 3408 952 3479 Gloriabatur
990 3413 1189 3478 etiam
1206 3462 1225 3495 ‚
1259 3408 1558 3479 latrones
1593 3408 1940 3505 quondam
1969 3410 2098 3479 sibi
2133 3427 2411 3504 propter

306 3523 601 3589 nominis
636 3520 1093 3591 celebritatem
1138 3523 1451 3613 parsisse.
1496 3522 1814 3588 Luxuriae
1851 3522 1946 3587 ita
1979 3519 2288 3607 indulsit,
2333 3538 2410 3591 ut

380 3758 545 3812 xxn.
569 3774 589 3811 1
602 3798 615 3811 .
638 3742 863 3830 Quaado
884 3774 991 3809 non
1006 3764 1189 3830 putat,
1210 3768 1313 3810 etc-
1402 3758 1493 3810 cui
1529 3756 1828 3828 opponitur
1867 3754 2133 3825 Prae-ipit.
2175 3754 2408 3810 wolfius

302 3840 582 3891 Transitus
600 3838 689 3891 'ab
722 3838 961 3891 oratione
999 3834 1217 3910 obliqua
1245 3836 1315 3889 ad
1403 3849 1582 3889 tamen
1607 3838 1820 3907 prafert
1839 3834 1998 3887 deicit
2019 3833 2102 3885 vel
2121 3836 2266 3887 reicit
2281 3835 2406 3913 (pro

304 3933 509 3972 rectam
536 3920 648 3972 fere
674 3920 909 3971 Graecus.
1400 3916 1616 3989 dq‘t'cit,
1653 3914 1866 3988 rejicit).
1910 3916 1978 3967 Os
2010 3912 2225 3967 nullum
2266 3916 2408 3969 idem

384 4013 431 4049 2.
474 3998 581 4068 Qui
612 3996 868 4071 caputad
900 3994 1085 4049 loevam
1112 3993 1310 4047 didicit.
1400 3996 1782 4067 interpretatur
1795 3992 2117 4061 indisertum,
2132 3992 2283 4066 quod
2298 3994 2410 4047 uni·

302 4080 631 4148 Pmceptum
651 4078 812 4129 fuisse
834 4074 1042 4127 videtur
1058 4072 1315 4145 gladiato·
1403 4092 1465 4127 ee
1487 4093 1687 4127 verum.
1953 4136 1960 4141 Ι
2391 4128 2395 4135 ‚

304 4158 446 4209 rium
479 4165 637 4229 caput
670 4156 743 4207 ad
776 4154 994 4219 loevam,
1033 4150 1178 4225 quod
1215 4170 1315 4205 uos
1471 4153 1662 4206 xxm.
1716 4170 1759 4204 1.
1793 4152 1860 4204 In
1890 4148 2148 4205 Bucolicis
2163 4173 2185 4213 ;
2209 4150 2408 4225 Ecloga

303 4240 639 4309 ignoramus,
670 4234 812 4291 unde
847 4232 1065 4290 verbum
1101 4232 1313 4301 didicis,
1402 4233 1574 4285 tertia.

2015 4322 2124 4385 28.
