3050 5004
647 502 732 570 92
1400 492 1470 554 o.
1527 488 1992 557 sUETomi

640 630 915 677 omnem
938 616 1363 681 occasionem
1386 611 1825 695 celebratam,
1849 600 2246 681 comoediam
2271 635 2547 707 quoque
2571 612 2747 680 Grae·

644 741 793 785 cam
822 722 1263 815 Neapolitano
1290 726 1659 791 certamine
1685 723 1987 804 docuit7,
2015 748 2093 791 ac
2117 721 2201 790 de
2225 726 2556 790 sententia
2571 719 2750 813 judi—

644 850 801 895 cum
838 832 1244 900 coronavitss.
1283 837 1381 901 Ne
1414 839 1724 901 Marcum
1755 830 2033 926 quidem
2067 833 2434 899 Antonium
2464 830 2750 899 inhono-

646 953 869 1008 ratum
900 966 979 1010 ac
1014 944 1161 1011 sine
1195 960 1381 1036 grata
1412 945 1756 1011 mentione
1788 944 2187 1025 transmisit,
2225 956 2506 1011 testatus
2538 929 2752 1037 quon-

648 1046 805 1115 dam
824 1074 949 1143 per
962 1052 1259 1121 edictum
1274 1106 1292 1137 ,
1319 1084 1345 1113 α
1362 1058 1584 1122 Tanto
1603 1055 1976 1145 impensius
1991 1068 2218 1146 petere
2231 1076 2340 1136 se,
2362 1069 2441 1120 ut
2452 1051 2752 1120 natalem

652 1164 861 1252 patris
894 1168 1097 1233 Drusi
1122 1164 1576 1248 celebrarent,
1607 1163 1794 1259 quod
1825 1163 2008 1232 idem
2035 1180 2212 1231 esset
2237 1180 2307 1232 et
2337 1166 2444 1231 avi
2479 1165 2583 1231 sui
2613 1168 2751 1229 An-

652 1272 839 1337 tonii.
866 1304 893 1332 n
934 1275 1209 1344 Tiberio
1248 1300 1707 1344 marmoreum
1747 1298 1982 1343 arcum
2011 1273 2205 1369 juxta
2235 1275 2552 1367 Pompeii
2569 1272 2756 1340 thea-

654 1396 901 1464 trum9,
925 1382 1271 1453 decretum
1291 1385 1568 1484 quidem
1590 1384 1753 1454 olim
1774 1410 1816 1452 a
1833 1378 2075 1455 Senatu
2091 1436 2110 1464 ‚
2132 1406 2372 1452 verum
2393 1386 2718 1450 omissum
2735 1435 2754 1461 ,

651 1495 931 1584 peregit.
956 1498 1095 1562 Caii
1119 1520 1391 1590 quoque
1414 1499 1538 1563 etsi
1562 1514 1712 1564 acta
1733 1498 1958 1563 omnia
1989 1492 2288 1578 rescidit,
2318 1492 2500 1561 diem
2521 1508 2754 1559 tamen

652 1603 866 1681 necis,
916 1608 1223 1697 quamvis
1269 1605 1622 1675 exordium
1669 1608 2089 1700 principatus
2131 1606 2276 1685 sui,
2323 1604 2536 1671 vetuit
2575 1605 2756 1671 inter

652 1708 856 1780 festos
889 1713 1123 1783 referri
1138 1731 1212 1783 ¹⁰.

652 1952 878 2023 Wolfio,
911 1976 1011 2027 pro
1047 1958 1113 2011 ab
1146 1960 1299 2025 avia,
1338 1959 1445 2012 hoc
1484 1974 1596 2026 est,
1625 1978 1655 2011 a
1749 1972 1982 2011 mentum
2011 1956 2202 2009 fabula,-
2224 1955 2472 2008 debuisse
2501 1971 2612 2007 esse
2644 1954 2756 2005 fra-

650 2032 827 2097 Livia,
866 2052 1029 2106 quam
1063 2037 1311 2109 Augusta!
1347 2056 1544 2091 nomeu
1579 2057 1656 2091 re·

651 2112 855 2181 cepisse
881 2113 1093 2184 plurimi
1122 2118 1441 2188 scriptorum
1467 2116 1572 2169 loci
1606 2131 1656 2169 et

652 2192 801 2240 numi
853 2205 1131 2246 testantur.
1184 2195 1424 2247 Antoniae
1478 2210 1656 2248 autem

654 2266 899 2321 eumdem
920 2286 1105 2342 preter
1130 2272 1261 2327 alios
1285 2273 1548 2326 honorem
1565 2274 1656 2326 de·

650 2360 857 2399 cretum
887 2366 920 2401 a
949 2351 1216 2425 Caligula,
1252 2356 1552 2407 notavimus
1591 2354 1658 2407 ad

653 2426 819 2499 Calig.
850 2448 971 2501 cap.
1004 2432 1085 2485 15.

730 2544 778 2596 7.
816 2526 906 2579 Ad
916 2528 1105 2599 fratris
1124 2531 1446 2582 memoriam.
1465 2569 1475 2579 .
1494 2569 1505 2579 .
1522 2569 1534 2580 .
1561 2529 1656 2582 do·

652 2606 775 2658 cuit.
793 2608 965 2659 Vitam
982 2628 1263 2681 moresque
1282 2608 1508 2672 Claudii,
1524 2627 1658 2682 quos

654 2684 880 2756 Neapoli
920 2688 1177 2756 ostendit,
1216 2687 1467 2741 describit
1500 2689 1658 2740 etiam

652 2763 755 2815 Dio
772 2803 788 2830 ,
816 2765 935 2832 LX,
958 2767 1018 2833 6,
1057 2771 1289 2840 quamvis
1314 2785 1423 2819 non
1456 2786 1674 2825 memo—¹

656 2845 780 2894 ratis
804 2841 1129 2914 honoribus,
1158 2848 1460 2900 Germanici
1486 2847 1660 2900 fmtris

656 2927 923 2976 memoriae
972 2926 1202 2980 tributis.
1250 2927 1329 2978 De
1379 2928 1661 2980 certamine

654 3003 1013 3075 Neapolitano
1038 3007 1159 3060 vide
1193 3006 1262 3059 ad
1297 3009 1518 3078 August.
1556 3009 1658 3077 98;

654 3081 897 3136 Strabon.
915 3086 981 3152 V,
1003 3087 1064 3154 4,
1088 3105 1147 3158 75
1169 3098 1223 3139 et
1242 3104 1375 3158 quos
1396 3085 1527 3139 alios
1548 3086 1660 3139 lau-

656 3158 748 3211 dat
767 3162 971 3216 Fabric.
996 3165 1063 3218 ad
1081 3166 1241 3218 Dion.
1264 3164 1297 3216 l.
1314 3183 1359 3216 c.
1382 3165 1628 3218 Ceterum
1641 3205 1657 3231 ‚

658 3239 831 3293 docuit
879 3243 1214 3316 interpretari
1264 3263 1373 3296 non
1429 3242 1618 3297 dubito
1644 3284 1661 3311 ,

662 3341 685 3364 ιι
705 3319 868 3373 edidit
896 3322 1015 3392 ipse
1048 3343 1146 3376 suo
1178 3321 1297 3376 stilo
1314 3361 1330 3388 ,
1365 3322 1605 3395 discique
1631 3343 1662 3376 a

655 3400 877 3452 scenicis
886 3403 1045 3472 jussit
1058 3402 1080 3474 (
1091 3401 1364 3474 quomodo
1380 3421 1477 3456 nos
1490 3441 1507 3470 ,
1516 3403 1663 3474 faire

654 3482 962 3552 apprendre,
966 3483 1111 3554 faire
1118 3485 1315 3556 rlplter
1322 3502 1426 3536 une
1430 3482 1616 3556 piece),
1633 3507 1656 3530 ι

658 3575 765 3628 quo
798 3577 961 3612 sensu
982 3559 1085 3612 hoe
1109 3561 1329 3613 verbum
1355 3562 1663 3632 frequenta-

661 3649 785 3689 tur:
820 3637 937 3691 vide
969 3642 1212 3692 Tot-rent.
1251 3643 1473 3693 Poeticae
1520 3642 1662 3692 enim

658 3735 876 3787 operam
888 3715 1098 3770 dedisse
1108 3717 1410 3784 Claudium,
1423 3720 1662 3789 quamvis

660 3808 831 3848 taceat
864 3798 1149 3850 Suetonius
1169 3836 1187 3865 ,
1225 3795 1514 3850 ostendunt
1545 3795 1662 3868 plu·

658 3892 713 3924 ra
752 3874 871 3926 loca
912 3871 1123 3928 Senecae
1170 3873 1396 3946 Apocol.
1438 3877 1662 3926 maxime

662 3971 840 4005 versus
866 3955 919 4006 in
949 3957 1182 4008 carmine
1208 3954 1451 4028 epicedio
1468 3990 1484 4017 ,

954 4043 1116 4100 Vosque
1134 4051 1264 4100 poeta:

950 4105 1101 4161 Lugete
1120 4107 1230 4149 novi.

660 4173 819 4241 Quod
846 4189 1021 4230 autem
1045 4181 1249 4232 Ernest.
1280 4177 1488 4248 objicit,
1514 4198 1664 4250 argu-

1745 2053 1881 2092 trem
1899 2038 2268 2093 Germanicum
2283 2076 2300 2103 ,
2322 2038 2476 2107 eique
2495 2053 2604 2087 non
2623 2052 2757 2086 con-

1746 2121 1924 2171 venire
1943 2118 2258 2171 comoediam
2273 2156 2290 2182 ,
2315 2114 2370 2167 id
2389 2133 2491 2187 ego
2509 2132 2620 2166 non
2641 2132 2755 2165 mo—

1749 2217 1856 2251 ror.
1887 2196 2120 2250 Solenne
2143 2211 2260 2249 erat
2287 2208 2556 2247 certamen
2585 2194 2756 2244 musi-

1747 2296 1868 2330 cum
1888 2316 1905 2342 ,
1947 2279 2102 2347 eique
2137 2288 2197 2329 ut
2237 2273 2400 2326 homo
2441 2274 2656 2326 Graecus
2697 2290 2758 2323 se

1745 2354 2099 2427 interjiciebat
2126 2352 2412 2420 Claudius,
2439 2354 2512 2403 ita
2539 2365 2718 2403 tamen
2739 2389 2759 2417 ,

1747 2451 1807 2488 ut
1829 2433 1982 2487 ludos
2007 2437 2151 2506 ipsos
2175 2434 2353 2484 fratris
2375 2432 2642 2482 memoriae
2662 2428 2761 2481 de-

1747 2516 1977 2582 dicaret,
1994 2531 2092 2586 per
2105 2529 2314 2566 omnem
2335 2511 2654 2562 occasionem
2675 2527 2759 2560 ce-

1751 2597 1958 2650 lebratoe
1967 2635 1986 2662 ,
2007 2613 2071 2648 ex
2086 2612 2196 2665 quo
2211 2606 2326 2644 erat
2339 2591 2516 2663 aliqua
2533 2589 2760 2662 indigno

1751 2680 2080 2746 imperatore
2133 2672 2407 2725 certamini
2461 2673 2756 2724 excusatio.

1749 2754 1854 2807 Alii
1872 2752 2214 2826 praetulerunt
2228 2747 2471 2803 Beroaldi
2489 2752 2762 2821 conjectu-

1749 2851 1861 2886 ram
1879 2833 2045 2899 dedit,
2059 2834 2114 2883 in
2134 2830 2313 2902 plures
2334 2829 2592 2882 editiones
2611 2847 2762 2881 rece-

1746 2925 1914 2984 ptam.
1945 2910 2172 2962 Mullero
2195 2909 2372 2960 docuit
2398 2907 2576 2978 glossa
2605 2905 2762 2959 vide-

1747 2991 1942 3057 batur,
1981 3008 2044 3041 ac
2079 3007 2204 3041 vere
2241 2986 2415 3040 abfuit
2449 3004 2480 3038 a
2517 2984 2717 3038 Codice
2746 3026 2765 3052 ,

1749 3075 1903 3144 cujus
1940 3068 2156 3123 collatio
2193 3081 2272 3120 est
2313 3065 2380 3118 ad
2421 3083 2585 3137 marg.
2631 3065 2760 3119 edit.

1753 3150 1919 3201 Plant.

1824 3230 1873 3282 8.
1915 3228 2073 3280 Am...
2099 3227 2384 3279 coronavit.
2417 3225 2540 3277 Non
2565 3223 2764 3276 subau-

1753 3307 2006 3361 diendum
2029 3305 2110 3358 vel
2131 3304 2433 3358 addendum
2452 3323 2529 3371 se,
2555 3301 2646 3356 sed
2672 3323 2763 3356 co—

1751 3388 2024 3452 moediam,
2051 3383 2108 3436 h.
2129 3383 2176 3436 el
2201 3383 2398 3436 fabula
2419 3401 2452 3434 a
2475 3402 2532 3435 se
2553 3385 2764 3453 scriptae

1750 3483 2006 3518 coronam
2035 3462 2356 3533 adjudicavit
2373 3500 2390 3526 ,
2417 3462 2480 3513 de
2506 3461 2765 3514 sententia

1753 3559 1926 3598 tamen
1929 3544 2196 3617 judicum.
2223 3545 2302 3593 lta
2319 3542 2462 3594 Nero
2481 3541 2632 3611 (cap.
2660 3539 2762 3610 24)

1752 3626 1996 3678 victorem
2019 3641 2071 3674 se
2091 3622 2198 3693 ipse
2216 3621 2617 3695 pronunciabat.
2645 3619 2766 3671 Un-

1751 3703 1819 3757 de
1847 3716 2082 3773 gestasse
2117 3699 2330 3752 videtur
2363 3699 2620 3752 Claudius
2655 3697 2766 3750 στί-

1753 3801 1895 3848 φιτον
1917 3781 2144 3850 χρυσοῦν,
2171 3798 2334 3852 quum
2357 3779 2658 3850 praesideret
2679 3779 2762 3831 lu-

1753 3864 1862 3930 dis,
1887 3875 1950 3914 ut
1973 3861 2154 3934 prodit
2181 3863 2313 3925 Dio,
2342 3860 2376 3912 l.
2405 3879 2452 3912 c.

1823 3962 1877 4012 9.
1899 3945 2061 3996 Juxta
2083 3941 2324 4012 Pompeii
2343 3940 2626 4000 theatrum,·
2649 3942 2765 3993 sine

1757 4021 1924 4074 dubio
1948 4021 2020 4072 ob
2049 4023 2431 4074 restitutionem
2460 4019 2619 4088 hujus
2650 4019 2767 4072 the-

1757 4105 1854 4154 atri
1885 4115 2208 4172 susceptam.
2239 4099 2374 4151 Vide
2396 4099 2573 4150 Tiber.
2601 4100 2688 4169 47.

1837 4199 1913 4232 to.
1957 4180 2071 4232 vain·
2093 4199 2354 4252 quoque...
2383 4178 2579 4248 referri.
2605 4180 2765 4231 Confi
