3050 5004
1065 459 1564 530 Excnnsns
1613 463 1690 525 v.
2054 537 2060 542 ,
2271 478 2391 554 43.

950 650 1616 823 Excnns'ns'
1665 729 1750 823 v

713 978 852 1048 AD
899 981 1578 1071 CALIGULAM‚
1633 985 1802 1057 CAP'.
1864 1013 1976 1060 20.

1272 1255 1429 1270 ῌ

286 1430 540 1523 Amnon
563 1465 728 1522 ludos.
758 1470 819 1521 Iu
839 1468 1049 1540 judicio
1077 1469 1239 1543 hujus
1265 1473 1372 1526 loci
1399 1471 1640 1547 inprimis
1665 1474 1956 1532 tenendum
1979 1497 2096 1538 esse
2121 1485 2230 1541 boc
2259 1489 2398 1544 arbi*

286 1561 393 1599 σοι·
409 1570 424 1601 =
452 1569 477 1595 ιι
494 1546 702 1612 Ludos,
728 1567 951 1621 peregre
974 1569 1006 1603 a
1029 1550 1269 1622 Caligula
1298 1552 1470 1608 editos
1485 1595 1503 1623 ,
1533 1558 1698 1610 fuisse
1723 1563 2034 1632 peregrinos
2050 1602 2068 1630 ,
2093 1567 2151 1618 in
2175 1569 2288 1622 istis
2312 1571 2396 1623 lo-

283 1630 361 1680 cis
379 1666 397 1694 ,
418 1627 511 1680 ubi
536 1627 663 1680 editi
682 1631 786 1680 sint
800 1667 817 1695 ,
842 1631 1085 1684 usitatos.
1106 1653 1130 1678 ι
1158 1631 1365 1686 Indicio
1392 1650 1516 1687 sunt
1539 1635 1655 1689 ludi
1675 1637 1924 1709 Lugduni
1946 1642 2089 1696 editi.
2119 1645 2258 1718 Ergo
2282 1650 2394 1705 ludi

280 1691 553 1779 Syracusis
577 1705 705 1759 editi
723 1708 877 1760 fuere
898 1707 1012 1761 ludi
1034 1709 1230 1774 Graeci,
1258 1714 1396 1765 inter
1419 1715 1626 1769 Siculos
1643 1755 1660 1782 ,
1700 1719 1946 1790 inprimis
1973 1722 2243 1795 Syracusis
2258 1767 2276 1795 ,
2309 1749 2394 1782 so-

280 1786 469 1840 lennes
506 1803 557 1840 et
588 1787 784 1838 usitati.
822 1789 947 1856 Quo
981 1793 1272 1844 constituto
1305 1793 1656 1865 repudiantur
1687 1801 1862 1869 primo
1897 1799 2082 1856 hastict‘
2113 1819 2169 1858 et
2191 1809 2391 1879 Attici,

281 1885 399 1940 quae
436 1881 517 1920 est
542 1865 833 1926 multorum
867 1866 1025 1920 codd.
1058 1883 1110 1922 et
1137 1870 1489 1940 edd.·lectio‚
1518 1879 1812 1948 praesertim
1844 1899 2004 1952 quum
2033 1901 2103 1936 ne
2142 1887 2393 1959 explicari

280 1943 530 2018 quidem,
556 1944 742 2017 quales
766 1946 996 2013 fuerint,
1024 1951 1220 2019 possit3
1242 1949 1437 2004 deinde
1460 1953 1692 2023 Actiaci,
1723 1959 1816 2029 qui
1840 1959 2128 2029 placebant
2151 1966 2390 2021 Torren-

276 2026 385 2093 tio,
410 2026 698 2096 praesertim
723 2043 887 2096 quum
911 2043 1174 2098 repugnet
1200 2033 1359 2083 etiam
1378 2031 1466 2085 hic
1488 2033 1640 2087 locus
1664 2036 1782 2105 alii,
1805 2057 1926 2111 cap.
1956 2040 2039 2092 23.
2061 2045 2192 2098 Noti
2212 2061 2391 2102 autem
2501 2103 2504 2106 ,

277 2118 467 2157 contra
500 2117 625 2158 sunt
659 2107 799 2158 inter
820 2105 1031 2159 Graecos
1067 2105 1177 2160 ludi
1202 2112 1351 2164 astict‘
1376 2126 1429 2165 et
1458 2113 1726 2184 iselastici‚
1754 2118 1837 2170 vel
1868 2113 2093 2174 selastici
2108 2143 2125 2172 .·
2161 2143 2390 2196 quarum

274 2184 571 2238 lectionum
600 2181 766 2236 altera
796 2197 875 2237 est
901 2185 1061 2257 codd.
1090 2188 1473 2243 nonnullorum
1492 2215 1506 2244 ε
1538 2194 1704 2248 altera
1731 2197 1888 2250 facile
1915 2205 2186 2274 corrumpi
2212 2210 2390 2277 potuit

272 2266 333 2317 in
364 2265 514 2318 astict‘
540 2263 619 2318 vel
656 2263 870 2330 hostici,
902 2280 1121 2340 propter
1152 2272 1579 2324 terminationem
1603 2277 1754 2326 vocis
1785 2278 2185 2348 antecedentis,
2213 2287 2387 2355 prima

274 2344 481 2420 syllaba
500 2345 794 2398 excidente.
816 2346 868 2398 Si
886 2347 1069 2401 asticos
1090 2349 1412 2420 probemus,
1436 2372 1560 2406 cum
1584 2373 1778 2427 magno
1803 2357 2070 2430 Scaligero
2098 2375 2150 2414 et
2169 2371 2387 2437 sequaci

272 2426 628 2491 Casaubono,
659 2438 815 2478 erunt
838 2423 955 2478 ludi
980 2428 1177 2494 Grmci,
1212 2431 1371 2482 moris
1401 2431 1771 2501 Atheniensis,
1805 2453 1866 2489 ex
1895 2456 1959 2490 eo
1987 2457 2208 2512 genere,
2237 2445 2386 2516 quod

268 2507 329 2557 in
350 2505 496 2558 Urbe
520 2505 795 2576 agebatur,
824 2506 973 2577 quod
994 2507 1196 2559 dictum
1222 2521 1301 2562 est
1324 2509 1555 2581 inoffi,
1581 2516 1720 2583 sive,
1741 2528 1802 2567 ut
1825 2516 2130 2589 Stephanus
2155 2525 2384 2595 mavult,

270 2585 470 2642 aaron&
506 2585 683 2658 (unde
720 2587 954 2640 concidit
991 2605 1359 2661 argumentum
1397 2594 1586 2647 Grae‘vii
1618 2609 1807 2650 contra
1839 2598 2193 2671 scaligerum,
2233 2608 2382 2678 quod

269 2671 533 2740 scriptum
560 2670 630 2721 sit
658 2669 871 2733 asticos,
894 2688 1005 2721 non
1030 2672 1297 2743 astycos),
1326 2686 1385 2725 nt
1415 2675 1867 2748 distinguerentur
1882 2680 1950 2732 ab
1981 2682 2044 2734 iis
2061 2720 2080 2749 ,
2107 2687 2200 2756 qui
2233 2702 2380 2742 extra

267 2748 473 2804 Urbem
501 2746 909 2801 celebrarentur.
939 2752 1025 2804 Sic
1062 2750 1273 2806 Baccho
1307 2754 1652 2809 celebrabant
1686 2758 1844 2813 ludos
1879 2762 1936 2812 in
1961 2761 2108 2815 Urbe
2141 2778 2195 2817 et
2231 2782 2380 2821 extra

264 2828 501 2880 Urbem:
531 2826 607 2879 illi
630 2826 843 2894 ἀστικοὶ,
869 2827 925 2880 hi
948 2821 1234 2897 &vinnula
1260 2830 1388 2885 dicti
1414 2854 1428 2885 ε
1454 2834 1575 2887 vide
1598 2836 1980 2890 Casaubonum
2002 2838 2074 2892 ad
2099 2843 2292 2899 Athen.
2319 2867 2375 2920 p.

267 2908 395 2963 388.
423 2909 621 2967 Verum
644 2909 699 2959 in
725 2907 827 2959 hac
858 2907 1086 2963 lectione
1114 2910 1241 2963 mibi
1268 2926 1427 2965 restat
1452 2912 1557 2967 boc
1577 2916 1800 2969 dubium
1817 2958 1835 2986 ,
1865 2920 2013 2990 quod
2033 2923 2104 2975 ita
2130 2939 2224 2978 aut
2249 2928 2375 2981 nul-

264 2989 383 3042 lum
406 3000 609 3042 certum
632 3006 802 3059 genus
830 2987 941 3041 ludi
966 2990 1232 3044 indicatur
1256 3012 1289 3045 a
1318 2994 1607 3064 Suetonio,
1638 2996 1786 3068 quod
1820 3012 1996 3053 tamen
2026 3016 2078 3055 et
2111 3004 2375 3079 voluisse,

263 3082 323 3121 et
346 3066 597 3120 debuisse
620 3069 799 3120 facere
821 3066 1060 3121 videtur:
1088 3084 1211 3123 sunt
1232 3073 1373 3123 enim
1390 3110 1407 3139 ,
1430 3073 1535 3127 late
1558 3088 1735 3128 sumto
1756 3076 1918 3129 verbo
1933 3116 1950 3145 ,
1975 3083 2152 3133 omnia
2171 3102 2374 3154 genera

260 3144 489 3213 imni,
526 3166 640 3219 quae
674 3150 733 3199 in
753 3148 898 3201 Urbe
926 3162 1184 3220 aguntur:
1219 3165 1314 3205 aut
1345 3152 1459 3205 sola
1492 3156 1742 3229 Dionysia
1771 3155 1862 3210 illa
1893 3156 2098 3212 urbana
2127 3164 2204 3214 sic
2229 3164 2373 3221 dicta

259 3228 611 3299 intelligenda
636 3241 777 3280 sunt.
802 3230 879 3281 Ea
898 3246 967 3281 an
991 3228 1079 3281 hic
1100 3230 1279 3283 locum
1300 3230 1564 3303 babeant,
1586 3233 1736 3306 quod
1755 3235 1963 3288 videtur
1985 3237 2119 3291 velle
2139 3240 2372 3315 Scaliger
2459 3282 2464 3291 ·

260 3324 320 3363 et
356 3312 471 3381 ejus
514 3326 804 3380 sequaces,
842 3311 1167 3382 omninoque
1204 3325 1281 3364 est
1318 3312 1692 3383 probandum,
1735 3314 1936 3369 adscita
1975 3317 2068 3371 illa
2101 3319 2368 3395 lectione,

256 3406 549 3465 possumus
570 3386 750 3440 videre
765 3424 782 3453 ,
805 3387 1139 3459 indagando,
1165 3408 1273 3461 quo
1297 3394 1424 3443 anni
1448 3408 1689 3465 tempore
1712 3394 1900 3461 Caius,
1928 3395 2198 3469 Syracusis
2217 3420 2368 3457 com-

257 3482 505 3523 moratus
524 3506 543 3533 ,
579 3466 737 3519 ludos
764 3464 885 3518 illos
923 3466 1166 3521 ediderit.
1198 3470 1367 3523 Docet
1395 3486 1574 3525 autem
1611 3472 1896 3527 Suetonius
1921 3478 2070 3549 ipse,
2103 3497 2224 3553 cap.
2259 3484 2327 3551 24
2347 3523 2366 3553 ,

256 3552 451 3603 Caium
472 3566 503 3601 a
522 3559 695 3599 morte
716 3544 961 3599 Drusillae
975 3585 993 3614 ,
1016 3550 1213 3601 sororis
1228 3586 1245 3615 ,
1268 3551 1600 3620 impatientia
1622 3551 1822 3606 doloris
1837 3591 1854 3619 ,
1881 3554 2025 3607 Urbe
2046 3560 2334 3631 profugum
2348 3600 2367 3629 ‚

256 3631 546 3703 Syracusas
573 3628 821 3698 petiisse,
850 3644 1023 3697 neque
1052 3626 1143 3679 diu
1170 3626 1248 3679 ibi
1274 3642 1544 3681 moratum
1571 3648 1702 3683 esse.
1733 3634 1808 3685 Ea
1836 3650 1980 3686 mors
2005 3638 2176 3690 evenit
2201 3642 2266 3693 A.
2289 3643 2364 3694 .U.

251 3708 539 3775 DCCXOE‚
574 3719 727 3780 parte
754 3708 882 3759 anni
907 3706 1124 3774 ultima,
1160 3721 1217 3759 ut
1246 3726 1275 3759 e
1306 3712 1614 3763 narratione
1643 3725 1884 3763 actorum
1911 3716 2027 3784 ejus
2063 3718 2190 3769 anni
2219 3720 2365 3793 apud

252 3792 487 3842 Dionem
521 3786 763 3856 colligas.
788 3787 953 3859 Atqui
979 3788 1238 3859 Dionysia
1272 3791 1505 3860 majora,
1539 3808 1654 3862 quoe
1685 3792 1846 3843 astice
1879 3790 2022 3844 dicta
2044 3809 2199 3862 sunt,
2226 3802 2364 3853 veris

251 3870 413 3921 initio
439 3865 705 3919 celebrata
732 3868 894 3919 fuisse
918 3879 1145 3919 constat.
1166 3868 1366 3921 Contra
1396 3868 1507 3921 ludi
1518 3870 1777 3939 ,iselastici
1800 3885 2028 3943 potuere
2049 3874 2284 3931 incidere
2305 3882 2363 3933 in

254 3964 637 4021 quamcunque
661 3948 787 3999 anni
810 3958 1209 4018 tempestatem:
1236 3960 1317 4013 et,
1346 3966 1511 4019 quum
1535 3968 1660 4003 casu
1692 3962 1806 4001 tum
1830 3948 2135 4007 celebrandi
2159 3972 2361 4026 essent,

254 4028 564 4082 advenienti
598 4028 911 4098 Imperatori
943 4026 1162 4079 honoris
1196 4044 1386 4080 caussa
1417 4027 1642 4096 deferri,
1675 4044 1734 4081 ut
1759 4031 1822 4083 iis
1853 4047 2112 4103 preesset.
2152 4036 2211 4088 ld
2247 4038 2362 4091 fleri

251 4106 473 4161 solitum
488 4144 505 4172 ,
531 4118 590 4157 ut
612 4105 949 4177 principibus
969 4103 1075 4158 boc
1100 4104 1417 4171 deferretur,
1440 4107 1638 4161 docent
1657 4109 1898 4181 exempla
1923 4110 2070 4182 apud
2090 4115 2361 4170 Petavium

252 4188 324 4240 ad
348 4186 546 4241 Julian.
570 4186 671 4257 Ep.
692 4186 910 4253 XXXV,
928 4204 957 4237 e
980 4185 1175 4257 quibus
1196 4185 1329 4241 locis
1352 4190 1507 4241 etiam
1531 4188 1602 4244 (le
1619 4203 1862 4259 tempore
1890 4190 2138 4245 ludorum
2160 4213 2360 4267 cogno·

444 4280 539 4344 II.
1983 4282 2021 4345 3
2039 4306 2060 4346 ι
