3050 5004
1040 490 1047 495 '
1073 482 1587 550 CLAUDIUS.
2254 487 2377 567 143

277 616 606 707 coepitque
627 635 670 679 a
700 632 868 705 pace
901 607 1118 692 civili3
1157 632 1370 703 quum
1406 610 1687 675 sentiret
1704 659 1720 689 ‚
1754 630 1978 703 neque
2001 606 2209 677 libere
2224 660 2243 692 ,
2276 633 2385 677 ne·

275 749 404 819 que
428 748 590 791 vere
609 716 648 805 ,’
667 722 796 790 sibi
831 721 917 789 de
947 719 1414 815 superioribus
1451 716 1762 787 tradendi
1798 736 2197 812 potestatem
2234 720 2385 789 reli·

275 850 446 901 ctam
465 886 484 915 ‚
513 846 870 926 correptus
901 853 1082 924 saepe
1106 845 1176 897 et
1197 854 1238 897 a
1257 844 1476 897 matre
1504 845 1575 896 et
1599 828 1684 897 ab
1718 831 1886 897 avia.
1916 831 2164 897 Prioris
2188 848 2385 899 mate-

275 945 390 1011 riae
417 940 557 1010 duo
577 939 932 1009 volumina
947 992 964 1022 ‚
993 942 1386 1033 posterioris
1411 962 1631 1007 unum
1664 955 1733 1007 et
1758 938 2204 1034 quadraginta
2234 940 2385 1009 reli-

273 1055 437 1148 quit.
471 1053 870 1145 Composuit
893 1066 962 1119 et
1000 1080 1028 1111 ι
1051 1055 1150 1118 De
1179 1052 1316 1117 vita
1353 1073 1476 1117 sna
1497 1080 1527 1111 u
1564 1064 1717 1117 octo
1747 1049 2093 1119 volumina
2117 1103 2134 1134 ,
2170 1055 2383 1145 magis

273 1167 500 1258 inepte
515 1218 534 1247 ,
563 1188 772 1259 quam
793 1161 1206 1253 ineleganter
1219 1161 1282 1229 ⁵:
1313 1162 1476 1229 item
1508 1191 1537 1222 ιι
1558 1164 1895 1229 Ciceronis
1918 1153 2383 1233 defensionem

273 1276 602 1345 adversus
621 1275 832 1343 Asinii
853 1273 1027 1341 Galli
1045 1272 1256 1341 libros
1271 1324 1288 1355 ‚
1313 1302 1340 1335 ιι
1371 1274 1533 1341 satis
1558 1270 1915 1341 eruditam.
1939 1278 2161 1343 Novas
2180 1279 2383 1343 etiam

273 1401 701 1456 commentus
729 1402 835 1455 est
866 1384 1092 1454 literas
1128 1402 1264 1453 tres
1280 1381 1341 1467 ⁶,
1379 1408 1460 1452 ac
1485 1407 1773 1453 numero
1806 1400 2115 1453 veterum
2131 1438 2150 1469 ‚
2192 1391 2385 1482 quasi

277 1502 565 1567 maxime
605 1500 1021 1567 necessarias
1041 1548 1058 1579 ‚
1097 1494 1394 1564 addidit:
1433 1494 1518 1563 de
1556 1482 1843 1590 quarum
1878 1498 2138 1566 ratione
2173 1521 2385 1593 quum

277 1612 580 1703 privatus
601 1605 828 1675 adhuc
848 1607 1172 1675 volumen
1196 1604 1516 1675 edidisset
1534 1656 1551 1687 ,
1576 1628 1734 1673 mox
1761 1608 2082 1699 Princeps
2104 1630 2243 1675 non
2266 1606 2387 1675 dif-

278 1720 540 1789 ficulter
561 1719 853 1787 obtinuit
870 1770 886 1801 ‚
915 1734 993 1786 ut
1015 1720 1086 1785 in
1111 1742 1244 1785 usu
1275 1741 1548 1813 quoque
1573 1720 1957 1812 promiscuo
1980 1733 2227 1785 essent.
2260 1723 2387 1787 Ex-

279 1846 408 1897 stat
443 1829 596 1897 talis
629 1831 961 1924 scriptura
983 1830 1052 1895 in
1087 1826 1430 1923 plerisque
1455 1826 1649 1896 libris
1667 1879 1686 1911 ‚
1724 1832 1889 1897 actis
1911 1825 2169 1897 diurnis
2188 1880 2209 1911 ‚
2238 1831 2387 1898 titu-

281 1940 499 2035 lisque
527 1964 838 2033 operum.

371 2056 578 2120 XLII.
611 2056 752 2121 Nec
773 2054 1036 2121 minore
1053 2076 1223 2121 cura
1248 2055 1482 2120 Graeca
1505 2048 1725 2119 studia
1752 2067 2023 2121 secutus
2046 2066 2181 2134 est,
2205 2076 2390 2121 amo-

281 2186 424 2229 rem
465 2166 1060 2259 praestantiamque
1098 2162 1346 2255 linguae
1391 2166 1741 2231 occasione
1784 2165 1971 2231 omni
2014 2163 2382 2257 professus.

283 2272 564 2343 Cuidam
609 2274 898 2344 barbaro
922 2327 941 2357 ‚
987 2279 1220 2343 Graece
1261 2292 1329 2344 et
1372 2280 1609 2345 Latine
1659 2274 2013 2345 disserenti
2037 2329 2056 2360 ,
2112 2308 2139 2338 α
2162 2283 2393 2365 Quum

285 2401 566 2480 utroque
585 2436 604 2467 ‚
629 2416 658 2447 υ
707 2388 926 2479 inquit
943 2436 960 2467 ,
1009 2416 1037 2445 α
1061 2409 1372 2454 sermone
1399 2404 1635 2455 nostro
1664 2390 1753 2455 sis
1779 2404 2053 2479 paratus
2074 2398 2117 2455 ¹.
2146 2418 2173 2449 a
2208 2393 2293 2456 Et
2316 2392 2388 2457 in

285 2494 822 2565 commendanda
847 2496 1152 2566 Patribus
1178 2500 1575 2591 conscriptis
1607 2497 1854 2566 Achaia
1874 2549 1891 2579 ‚
1932 2529 1959 2560 α
1982 2514 2239 2590 gratam
2264 2499 2391 2567 sibi

285 2611 702 2700 provinciam
718 2660 735 2689 ,
762 2640 787 2669 υ
815 2611 912 2676 ait
928 2661 944 2692 ‚
976 2639 1002 2669 α
1026 2611 1490 2678 communium
1511 2607 1889 2678 studiorum
1907 2612 2330 2678 commercio.
2353 2642 2382 2672 κ

287 2726 378 2787 Ac
407 2743 587 2813 saepe
624 2722 696 2787 in
725 2723 974 2790 Senatu
1004 2719 1238 2812 legatis
1275 2737 1605 2815 perpetua
1636 2722 1936 2788 oratione
1956 2728 1979 2757 ²
2017 2721 2386 2814 respondit.

359 2922 410 2976 5.
433 2925 610 2997 Magis
627 2926 826 2998 inepte,
850 2944 1008 2999 quam
1029 2925 1298 2999 ineleqan-
1383 2925 1474 2998 pla
1497 2926 1616 2978 fixo.
1638 2949 1662 2974 ιο
1685 2927 1764 2980 Cf.
1792 2928 2105 2999 interpretes
2130 2927 2199 2980 ad
2214 2927 2394 2982 locum

291 3013 380 3054 ter.
404 3004 589 3076 Inepte
611 3004 680 3057 ad
709 3018 1074 3076 argumentum
1091 3043 1108 3072 ‚
1137 3005 1296 3058 int-les
1385 3017 1554 3057 nostr.
1594 3020 1645 3058 et
1662 3043 1679 3068 ‚
1723 3023 1881 3076 quem
1915 3003 2143 3060 VVolfius
2180 3009 2393 3074 citavit,

286 3093 475 3154 qnater
512 3082 582 3134 ad
625 3087 922 3140 orationem
961 3085 1070 3139 sive
1117 3083 1296 3138 stilum
1382 3085 1595 3157 Taylor.
1612 3084 1677 3136 ad
1696 3085 1883 3137 Marm.
1904 3084 2145 3138 sandvic.
2166 3105 2288 3158 pag.
2306 3087 2393 3158 47.

292 3171 513 3229 spectat.
1385 3163 1575 3215 Postea
1598 3165 1753 3215 unice
1774 3181 1899 3216 vera
1918 3161 2129 3215 videtur
2146 3163 2398 3218 emenda-

359 3237 411 3290 6.
430 3241 667 3293 Novas...
688 3251 1009 3295 commentus
1030 3251 1104 3294 est
1127 3239 1302 3295 literas
1389 3241 1464 3292 tio
1491 3241 1622 3294 actis
1648 3241 1875 3306 diurnis,
1909 3258 2067 3312 quam
2097 3243 2396 3314 recepimus

295 3327 404 3370 bes,
425 3317 560 3371 Vide
581 3319 727 3390 Lips.
754 3333 807 3372 et
829 3319 958 3373 alios
983 3321 1300 3390 interpretes
1387 3337 1488 3391 pro
1516 3339 1580 3372 ac
1606 3321 1823 3373 diurnis.
1852 3319 1983 3373 Orta
2013 3320 2154 3391 vulg.
2190 3341 2253 3374 ex
2278 3322 2397 3374 lite-

295 3395 362 3447 ιὰ
386 3398 560 3450 Tacit.
583 3397 778 3450 Annsl.
804 3400 908 3466 XI,
937 3399 1034 3466 14,
1063 3421 1086 3446 ι
1107 3404 1184 3453 Ac
1205 3417 1302 3450 no·
1389 3398 1460 3450 ris
1486 3407 1587 3448 act.

293 3492 380 3528 vas
407 3474 682 3529 literarum
717 3478 918 3530 formas
951 3476 1156 3530 addidit
1183 3476 1302 3530 vul-
1458 3477 1616 3527 XLII.
1676 3492 1720 3526 1.
1777 3474 2016 3528 Paratus.
2062 3477 2275 3548 Optime
2322 3479 2399 3530 ita

291 3557 566 3628 geritque,
587 3571 892 3628 comporto,
909 3559 1146 3612 Graecam
1171 3577 1304 3629 quo-
1391 3554 1607 3605 Memm.
1620 3551 1830 3622 aliique.
1843 3552 1998 3623 Vulg.
2010 3555 2235 3626 peritus,
2252 3555 2401 3628 quod

295 3654 394 3707 que
411 3635 740 3688 literaturam
763 3657 872 3689 non
893 3637 1049 3690 simul
1072 3651 1300 3709 coeptam
1391 3635 1659 3686 incassum
1698 3629 1935 3682 defendit
1973 3633 2261 3686 Burmann.
2306 3637 2397 3688 Vis

295 3715 938 3788 absolutamque...Nobis
951 3736 1166 3790 quoque
1175 3735 1306 3790 pan·
1391 3728 1570 3767 autem
1586 3715 1857 3766 sententiae
1873 3713 2017 3765 estin
2037 3726 2233 3780 nostro,
2253 3716 2400 3788 qnod

297 3813 366 3846 ee
399 3799 636 3868 primum
673 3798 852 3860 fuere3
891 3797 1084 3851 deinde
1111 3796 1301 3850 addita
1391 3793 1647 3848 Claudius
1681 3795 1920 3848 Graecum
1962 3812 2261 3848 sermonem
2298 3816 2399 3850 suo

296 3889 432 3926 sunt.
461 3876 588 3944 Quo
626 3874 868 3946 exemplo
906 3875 1158 3930 Claudius
1196 3891 1300 3929 tres
1389 3876 1672 3948 patrioque
1686 3885 2155 3946 comparat‚oeque
2171 3888 2400 3930 nostrum

295 3954 468 4010 literas
497 3957 723 4028 adjecit,
757 3975 875 4029 quae
905 3959 1054 4024 usui,
1082 3958 1303 4029 imperi·
1393 3955 1596 4008 dicens.
1631 3955 1851 4007 Temere
1893 3954 2155 4006 omittitur
2191 3974 2222 4008 a
2262 3975 2400 4008 non-

297 4047 438 4087 tante
466 4054 569 4103 eo,
605 4047 732 4106 post
770 4034 1091 4104 obliteratae,
1125 4035 1303 4107 adspi-
1392 4033 1574 4087 nullis.

299 4115 509 4167 ciuntur
547 4117 706 4167 etiam
737 4131 880 4166 nune
911 4116 968 4168 in
993 4134 1096 4168 oere
1121 4113 1302 4187 publi·
1467 4129 1515 4164 2.
1541 4112 1801 4184 Perpetua
1820 4111 2082 4174 oratiam,-
2106 4110 2286 4165 Graeca
2304 4116 2403 4167 sci·

301 4191 480 4246 candia
504 4191 796 4265 plebiscitis
823 4211 920 4265 per
945 4193 1063 4246 fora
1091 4211 1156 4246 ac
1174 4206 1306 4244 tem·
1394 4191 1546 4258 licet,
1574 4209 1737 4262 quum
1760 4209 1827 4243 ne
1849 4189 2042 4244 Gra-cis
2068 4191 2281 4262 quidem
2297 4195 2401 4246 nisi
