3050 5004
1052 467 1606 536 VITELLIUS.
2243 470 2376 538 303

278 595 629 668 cumbens.
664 593 1023 664 Claudium
1036 647 1055 678 ,
1091 593 1418 662 uxoribus
1452 594 1850 690 libertisque
1877 592 2224 664 addictum
2237 647 2257 679 ‚
2293 618 2384 668 ne

276 735 413 805 qua
450 732 592 778 non
628 725 775 776 arte
808 705 1303 790 demereretur,
1342 729 1467 799 pro
1504 709 1800 776 maximo
1827 731 2114 776 munere
2137 733 2180 774 a
2201 713 2384 780 Mes·

274 819 495 889 salina
514 817 569 868 ¹⁸
604 819 827 912 petiit,
864 832 943 884 ut
974 816 1099 884 sibi
1132 815 1339 909 pedes
1366 815 1704 908 proeberet
1729 815 2194 887 excalciandos
2223 845 2238 886 ε
2270 819 2385 888 de·

275 947 707 1025 tractumque
738 924 1087 996 socculum
1126 927 1441 995 dextrum
1458 978 1475 1008 ,
1514 930 1692 994 inter
1725 942 1954 1018 togam
1985 931 2384 1023 tunioesque

274 1043 565 1133 gestavit
612 1039 913 1119 assidue,
960 1059 1459 1130 nonnunquam
1510 1035 2038 1106 osculabundus.
2089 1042 2384 1106 Narcissi

272 1175 553 1246 quoque
584 1168 652 1217 et
682 1148 999 1217 Pallantis
1024 1151 1355 1240 imagines
1380 1171 1620 1216 aureas
1647 1151 1824 1216 inter
1847 1153 2054 1217 Lares
2071 1165 2126 1212 ¹9
2148 1149 2379 1218 coluit.

274 1258 499 1353 Hujus
528 1277 595 1328 et
623 1258 737 1327 illa
764 1283 894 1327 vox
926 1275 1061 1341 est,
1092 1289 1118 1320 a
1138 1263 1325 1351 Saepe
1354 1258 1593 1341 facias3
1614 1290 1642 1320 n
1673 1281 1889 1354 quum
1911 1259 2250 1330 seculares
2277 1261 2382 1329 lu-

274 1369 401 1440 dos
432 1369 657 1438 edenti
684 1369 967 1438 Claudio
982 1383 1043 1416 ²⁰
1068 1367 1544 1461 gratularetur.

370 1485 493 1548 111.
534 1483 836 1548 Decessit
870 1479 1201 1573 paralysi,
1228 1477 1443 1548 altero
1476 1477 1590 1547 die
1623 1501 1832 1574 quam
1865 1497 2218 1573 correptus
2247 1497 2380 1564 est,

276 1591 547 1662 duobus
588 1593 739 1660 filiis
780 1592 1293 1685 superstitibus,
1330 1615 1505 1686 quos
1547 1615 1630 1660 ex
1669 1590 1939 1659 Sextilia
1958 1601 2012 1676 ⁸,
2049 1591 2386 1686 probatis-

278 1708 451 1774 sima
482 1727 611 1772 nec
642 1702 919 1795 ignobili
950 1703 1235 1786 femina,
1264 1701 1481 1771 editos
1507 1699 1838 1770 Consules
1863 1701 2074 1770 vidit²
2093 1754 2114 1782 ,
2141 1717 2212 1770 et
2238 1703 2389 1798 qui-

276 1813 435 1886 dem
468 1815 707 1886 eodem
734 1814 971 1884 ambos
1000 1831 1281 1910 totoque
1308 1839 1520 1896 anno,
1549 1838 1764 1909 quum
1795 1811 2038 1908 majori
2061 1817 2284 1883 minor
2309 1815 2382 1884 in

276 1949 395 1994 sex
420 1949 691 1994 menses
720 1927 1177 1994 successisset.
1218 1925 1635 1994 Defunctum
1669 1927 1950 1994 Senatus
1980 1923 2256 2018 publico
2281 1925 2385 1992 fu-

278 2037 485 2106 nere³
522 2035 885 2106 honoravit
916 2063 932 2105 ι
963 2039 1125 2104 item
1164 2051 1386 2104 statua
1424 2061 1552 2131 pro
1587 2038 1881 2117 Rostris,
1919 2061 2078 2106 cum
2114 2035 2244 2106 hac
2279 2041 2382 2105 in-

279 2147 675 2240 scriptione,
702 2149 1095 2214 PIETATIS
1116 2149 1435 2216 IMMOBI
1446 2151 1577 2217 LIS
1597 2150 1818 2216 ERGA
1843 2146 2378 2229 hPRINCJPEM.

278 2258 493 2326 Aulus
533 2258 835 2328 Vitellius
872 2263 951 2326 L.
989 2257 1171 2327 filius
1211 2263 1718 2344 IMPERATOR
1755 2278 1955 2329 natus
1998 2277 2102 2329 est
2141 2277 2384 2330 octavo

280 2367 615 2438 Kalendas
656 2367 969 2438 Octobris
990 2423 1011 2455 ,
1056 2369 1205 2454 vel,
1252 2385 1332 2438 ut
1374 2370 1654 2466 quidam
1672 2423 1688 2454 ,
1731 2375 2022 2465 septimo
2068 2371 2230 2441 Idus
2276 2378 2387 2443 Se·-

1448 2595 1496 2630 2.
1527 2575 1768 2631 Consules
1785 2576 1940 2643 vidit,
1961 2591 2064 2629 etc.
2082 2577 2146 2627 Δ.
2171 2578 2233 2628 U.
2256 2577 2376 2631 801.

280 2672 337 2706 re
364 2654 686 2715 inservierit,
715 2652 875 2706 docet
896 2656 1065 2706 Ta‘cit.
1092 2653 1282 2707 Annal.
1372 2654 1530 2709 Conf.
1561 2655 1728 2727 Pighii
1751 2656 1941 2709 Annal.
1973 2669 2103 2708 tom.
2129 2656 2227 2724 111,
2251 2675 2377 2729 pag.

356 2573 437 2627 18.
449 2572 501 2625 A
508 2571 793 2627 Messalina
802 2595 822 2635 ,-
839 2576 927 2627 cui
943 2588 1145 2645 quanto
1162 2594 1287 2647 ope-

278 2734 377 2797 XI,
402 2733 435 2784 3
464 2746 519 2784 et
540 2731 627 2785 3³.
652 2732 855 2784 Tamen
884 2734 1101 2804 nuptias
1123 2732 1289 2785 Clau·

281 2811 355 2865 dii
376 2825 431 2864 et
456 2814 764 2883 Agrippinae
788 2812 929 2865 idem
954 2832 1079 2865 mox
1106 2815 1289 2865 conci·-

278 2889 438 2945 liavit.
463 2893 632 2943 Tacit.
656 2892 784 2958 ΧΠ,
808 2892 859 2945 5.

355 2986 437 3039 ¹9·
469 2970 619 3023 Inter
634 2971 803 3023 Lares.
826 2969 924 3021 Hic
948 2970 1108 3021 etiam
1135 2969 1287 3022 locus

279 3050 597 3101 confirmare
609 3048 819 3101 videtur
830 3051 1193 3118 conjecturam
1208 3050 1288 3102 Li-

276 3130 383 3198 psii
405 3127 475 3179 ad
498 3130 719 3199 August.
746 3147 794 3180 c.
824 3142 875 3197 7,
900 3129 1039 3179 inter
1057 3127 1290 3181 cubiculi

276 3206 445 3257 Lam.
464 3208 523 3257 ln
545 3203 799 3258 cubiculo
818 3218 996 3259 autom
1016 3218 1169 3258 erant
1186 3218 1288 3259 sta·

280 3297 397 3352 tue,
418 3283 617 3355 quibus
634 3286 932 3357 praecipuus
954 3284 1127 3337 cultus
1146 3284 1286 3338 exhi-

277 3361 547 3427 bebatur„

350 3458 435 3519 ²⁴?-
466 3441 735 3496 Seculare:
757 3441 905 3499 ludos
928 3444 1103 3497 edenti
1128 3445 1287 3497 Clau»

277 3524 381 3579 dio.
410 3522 497 3575 Ge.
531 3522 601 3574 ad
630 3522 817 3575 Claud.
852 3539 936 3574 αι.
957 3552 1031 3563 —
1058 3524 1137 3575 De
1170 3524 1285 3575 sor·-

276 3600 419 3656 mula
442 3602 805 3675 Sapcfaci'as,
828 3602 883 3653 in
909 3604 1156 3672 auspiciis
1185 3602 1288 3656 sol—

274 3682 467 3749 lemni,
494 3684 551 3733 in
578 3679 905 3733 secularibus
928 3679 1067 3733 ludis
1092 3680 1286 3733 stultis·

278 3766 421 3816 sime
442 3763 793 3827 adulationis,
816 3760 937 3813 vide
960 3762 1195 3814 Brisson.
1218 3761 1285 3815 de

276 3843 571 3909 Fon-mulis,
588 3842 735 3905 vm,
758 3858 883 3912 pag.
910 3858 1004 3909 7²¹
1018 3880 1030 3893 .

346 3925 435 3977 111.
482 3916 531 3974 1.
566 3920 807 3973 Sextilia.
842 3922 1111 3972 Feminam
1144 3921 1285 3973 anti-

168 4042 177 4049 .
278 4004 371 4073 qui
389 4003 553 4055 moris
570 4000 717 4052 dicit.
736 4000 907 4052 Tacit.
934 4001 1067 4052 Hist.
1094 4002 1171 4065 11,
1196 4000 1283 4066 64.

278 4078 413 4132 Vide
441 4077 721 4145 eumdem,
749 4080 823 4146 11,
850 4080 947 4149 89,
976 4090 1029 4131 et
1055 4080 1160 4147 111,
1186 4079 1285 4150 67,

282 4159 375 4213 ubi
398 4162 518 4231 ejus
540 4172 769 4213 mortem
796 4172 1072 4213 memorat.

1412 2752 1498 2866 ⁷3.
1537 2812 1763 2865 Publica
1785 2810 2000 2881 furter-e.
2036 2809 2172 2864 Vide
2209 2814 2380 2865 Tacit.

1375 2894 1473 2957 111,
1506 2892 1604 2959 48,
1627 2886 1688 2944 'et
1711 2893 1806 2955 VI,
1836 2908 1854 2942 ι
1875 2908 1917 2943 ι.
1949 2890 2032 2945 cf.
2056 2890 2277 2943 Guther.
2311 2891 2380 2944 de

1373 2973 1486 3024 Jur.
1510 2972 1658 3023 Man.
1683 2972 1756 3037 Π,
1787 2988 1832 3037 ι,
1861 2984 1914 3023 et
1941 2968 2287 3025 Kirchmann.
2314 2972 2384 3025 de

1374 3052 1509 3103 Fun.
1524 3052 1678 3103 Rom.
1699 3068 1818 3123 pag.
1839 3066 1906 3103 20
1919 3067 2032 3123 seq.
2051 3050 2177 3102 Mox
2194 3053 2384 3105 vitiose

1374 3134 1429 3183 in
1456 3130 1583 3182 edit.
1604 3130 1773 3182 Wolf.
1799 3131 1932 3182 idem
1959 3148 2059 3201 pro
2085 3130 2226 3182 item.

1445 3210 1498 3277 4.
1539 3209 1774 3261 Pietatis.
1795 3249 1806 3260 .
1829 3248 1840 3260 .
1861 3247 1874 3260 .
1905 3228 2026 3284 erga
2063 3210 2380 3283 Principem.

1374 3287 1584 3340 Scilicet
1622 3299 1908 3357 postquam
1949 3289 2194 3357 majestas
2233 3291 2382 3359 prius

1371 3368 1562 3441 populi
1577 3369 1824 3434 Romani,
1839 3385 1962 3419 mox
1977 3370 2134 3419 etiam
2145 3368 2382 3422 Deorum

1372 3450 1427 3501 in
1442 3448 1711 3519 Principes
1727 3445 1920 3497 collata
1938 3448 2128 3511 fuerat,
2139 3448 2220 3519 pii
2229 3462 2383 3500 erant

1374 3528 1511 3580 servi
1536 3527 1870 3595 Principum,
1893 3524 2073 3597 impii,
2103 3527 2197 3595 qui
2217 3527 2384 3597 maje—

1376 3618 1567 3657 statem
1605 3620 1790 3655 eorum
1826 3602 2010 3655 laesisse
2043 3602 2380 3657 videbantur.

1373 3685 1453 3736 lta
1482 3684 1682 3735 Domit.
1717 3699 1807 3747 10,
1837 3682 1998 3754 impie
2024 3682 2258 3746 locutus;‘
2279 3686 2384 3737 Ta-

1376 3765 1465 3815 cit.
1500 3762 1692 3815 Annal.
1721 3765 1818 3827 vl,
1849 3762 1936 3833 47,
1969 3786 1992 3809 ι·
2013 3762 2380 3821 Albucium...

1375 3842 1616 3894 defertur
1635 3841 1916 3913 impietatis
1933 3842 1988 3892 in
2010 3843 2330 3914 Pn'nct’pem.
2352 3868 2378 3893 ο

1373 3924 1451 3973 Ita
1474 3922 1759 3991 saepissime
1782 3920 1885 3972 Dio
1908 3920 2095 3982 ἀσεβῶ
2109 3960 2127 3983 ,
2158 3920 2383 3983 ciust-lae

1374 3999 1614 4065 Ιγκλιμιι,
1647 3994 1816 4059 αἶσιβός
1845 4020 1893 4051 ero
1923 3999 2066 4053 ποιεῖν
2092 4000 2175 4052 vel
2210 3999 2381 4066 εἰπεῖν,

1376 4091 1429 4130 et
1452 4078 1535 4131 his
1565 4079 1846 4131 contraria.
1875 4078 2029 4130 Conf.
2063 4078 2270 4131 Fabric.
2309 4082 2380 4135 ad

1377 4158 1622 4212 eumdem
1661 4160 1818 4211 Dion.
1845 4159 2004 4226 Lvn,
2036 4176 2096 4230 9,
2125 4174 2177 4212 et
2199 4160 2376 4215 Vales.
