3050 5004
704 497 839 582 436
1024 499 1097 561 C.
1150 495 1417 562 SUET.
1470 495 1594 558 DE
1643 493 1824 558 1121..
1876 492 2254 559 GRAMM.
2306 493 2485 558 LIB.

700 624 947 717 soepius
982 623 1055 690 in
1089 620 1199 689 die
1219 636 1245 666 ²
1284 617 1578 702 lavaret3
1617 641 1744 686 nec
1785 617 2126 686 sufficeret
2159 617 2496 687 sumtibus
2515 671 2534 702 ,
2571 643 2800 714 quam-

698 761 904 834 quam
930 760 1015 804 ex
1034 731 1265 802 schola
1286 730 1724 827 quadragena
1743 755 1970 798 annua
1991 747 2265 824 mperet
2279 783 2298 815 ,
2323 753 2404 798 ac
2425 752 2568 800 non
2587 732 2798 801 multo

697 847 925 912 minus
956 867 1041 912 ex
1072 867 1145 912 re
1180 841 1524 924 familiari,
1565 838 1760 934 cujus
1797 840 2348 933 diligentissimus
2379 857 2558 924 erat,
2589 867 2796 938 quum

696 973 765 1024 et
800 953 1105 1022 officinas
1146 952 1674 1048 promercalium
1711 955 2002 1020 vestium
2048 969 2424 1036 exerceret,
2471 969 2540 1022 et
2576 979 2796 1048 agros,

695 1066 867 1135 adeo
894 1063 1177 1148 coleret,
1208 1080 1290 1130 ut
1313 1065 1554 1144 vitem,
1587 1080 1800 1132 manu
1825 1059 1976 1155 ejus
2007 1065 2416 1146 institutam,
2453 1066 2614 1133 satis
2645 1061 2812 1134 oon-⁴

698 1191 831 1246 stet
866 1191 1163 1244 trecenta
1198 1177 1544 1266 sexaginta
1579 1174 1882 1269 quinque
1915 1197 2076 1242 vasa
2091 1169 2118 1212 ³
2155 1171 2467 1244 edidisse.
2503 1173 2632 1246 Sed
2665 1200 2799 1243 ma-

696 1290 876 1356 xime
898 1284 1229 1380 flagrabat
1242 1283 1636 1355 libidinibus
1653 1286 1724 1352 in
1747 1283 2065 1354 mulieres
2077 1335 2096 1368 ,
2117 1309 2336 1380 usque
2353 1283 2443 1354 ad
2459 1287 2798 1354 infamiam

693 1401 866 1466 oris:
918 1395 1231 1490 dictoque
1270 1419 1411 1464 non
1450 1394 1744 1462 infaceto
1783 1409 2095 1463 notatum
2139 1395 2367 1464 ferunt
2407 1393 2794 1489 cujusdam,

697 1511 851 1604 qui,
876 1531 1089 1604 quum
1111 1509 1184 1574 in
1204 1505 1408 1574 turba
1428 1504 1742 1572 osculum
1767 1505 1894 1573 sibi
1915 1507 2333 1598 ingerentem
2346 1559 2366 1590 ,
2393 1529 2798 1602 quamquam

693 1619 1033 1712 refingiens
1052 1671 1071 1700 ,
1104 1617 1404 1686 devitare
1434 1640 1576 1685 non
1607 1632 1870 1710 posset,
1913 1647 1940 1676 a
1962 1619 2080 1686 Vis
2111 1633 2222 1701 tu,
2251 1649 2278 1680 n
2314 1617 2566 1714 inquit,
2613 1649 2642 1680 a
2663 1643 2798 1686 ma-

694 1731 932 1822 gister,
962 1731 1227 1823 quoties
1262 1728 1696 1795 festinantem
1720 1725 2020 1821 aliquem
2051 1722 2274 1810 videS,
2307 1726 2746 1821 abligurrire?
2765 1760 2790 1788 υ

784 1845 1024 1909 XXIV.
1070 1846 1163 1909 M.
1187 1842 1515 1906 mes
1539 1841 1792 1906 Pnonus
1809 1888 1826 1918 ,
1852 1841 2190 1930 Berytius,
2215 1836 2334 1905 diu
2357 1841 2797 1907 centuriatum

696 1951 889 2043 petiit
906 2001 925 2032 ,
958 1947 1179 2018 donec
1205 1945 1407 2014 taedio
1434 1943 1522 2012 ad
1551 1942 1778 2014 studia
1805 1969 1878 2014 se
1909 1945 2217 2015 contulit.
2249 1950 2536 2039 Legerat
2555 1951 2630 2017 in
2654 1973 2798 2042 pro-

694 2063 917 2129 vincia
938 2059 1271 2156 quosdam
1292 2075 1554 2126 veteres
1577 2055 1845 2127 libellos
1868 2057 2054 2153 apud
2073 2062 2624 2129 Grammatistam
2643 2113 2662 2144 ,
2689 2059 2802 2128 du·

696 2189 889 2241 rante
924 2169 1149 2265 adhuc
1184 2170 1279 2238 ibi
1314 2169 1752 2264 antiquorum
1793 2171 2156 2254 memoria,
2197 2170 2495 2238 necdum
2531 2173 2800 2240 omnino

694 2283 947 2353 abolita
962 2336 980 2367 ‚
1014 2285 1190 2352 sicut
1218 2285 1470 2349 Romae.
1508 2284 1650 2347 Hos
1680 2303 1896 2374 quum
1925 2277 2310 2373 diligentius
2337 2301 2648 2376 repetere
2663 2336 2682 2366 ,
2707 2300 2800 2349 at-

696 2419 831 2491 que
860 2393 1027 2462 alios
1058 2391 1377 2487 deinceps
1410 2413 1821 2484 cognoscere
1853 2406 2132 2484 cuperet
2149 2444 2167 2474 ,
2199 2394 2510 2487 quamvis
2525 2445 2546 2475 ,
2574 2417 2800 2461 omnes

696 2508 1078 2590 contemni,
1110 2508 1461 2599 magisque
1486 2501 1854 2596 opprobrio
1888 2501 2264 2596 legentibus
2280 2557 2301 2586 ,
2337 2528 2550 2598 quam
2581 2501 2800 2598 gloriae

698 2636 767 2685 et
790 2618 1045 2686 fructui
1066 2640 1245 2700 esso,
1274 2612 1840 2683 animadverteret
1856 2666 1876 2697 ,
1899 2612 2340 2683 nihilominus
2367 2618 2446 2683 in
2461 2619 2808 2709 proposito

700 2730 982 2797 mansit:
1012 2725 1362 2820 multaque
1386 2722 1798 2816 exemplaria
1825 2740 2170 2793 contracta
2191 2722 2555 2793 emendare
2568 2777 2587 2808 ,
2611 2750 2692 2794 ac
2713 2725 2804 2793 di-

702 2842 1043 2931 stinguere
1062 2888 1081 2919 ,
1111 2852 1181 2906 et
1199 2852 1529 2904 annotare
1551 2838 1842 2919 curavit,
1873 2834 2000 2903 soli
2025 2834 2212 2918 huic,
2241 2860 2368 2903 nec
2389 2834 2513 2903 ulli
2535 2854 2807 2928 praeter-

705 2972 787 3017 ea
819 2948 1303 3017 Grammatices
1341 2946 1517 3039 parti
1533 2998 1552 3029 ,
1592 2942 1882 3015 deditus.
1917 2946 2046 3013 Hic
2071 2968 2210 3012 non
2237 2962 2380 3013 tam
2409 2941 2800 3037 discipuloS,

708 3083 915 3155 quam
946 3072 1311 3126 sectatores
1341 3056 1636 3152 aliquot,
1669 3056 1930 3125 habuit.
1965 3062 2332 3153 Nunquam
2361 3058 2544 3125 enim
2574 3061 2670 3125 ita
2699 3056 2806 3125 do-

707 3174 847 3240 cuit
860 3222 877 3253 ,
898 3185 977 3237 ut
991 3170 1293 3263 magistri
1314 3190 1678 3259 personam
1700 3169 2082 3237 sustineret.
2113 3174 2344 3237 Unum
2361 3168 2468 3237 vel
2485 3168 2802 3247 alterum,

706 3282 847 3365 vel,
890 3304 1107 3375 quum
1147 3277 1477 3372 plurimos
1498 3330 1515 3363 ,
1564 3294 1700 3347 tres
1743 3294 1864 3349 aut
1903 3294 2226 3376 quatuor,
2269 3278 2804 3373 postmeridianis

708 3395 893 3464 horis
919 3390 1275 3461 admittere
1300 3387 1591 3476 solebat,
1619 3392 2044 3487 cubansque,
2077 3394 2254 3459 inter
2283 3390 2524 3481 longos
2553 3414 2636 3459 ac
2667 3390 2808 3460 vul·

710 3526 901 3599 gares
934 3524 1279 3571 sermones
1295 3554 1317 3585 ,
1346 3500 1569 3597 legere
1609 3500 1922 3596 quaedam
1940 3554 1958 3585 ,
2001 3502 2206 3598 idque
2245 3524 2548 3595 perraro.
2599 3503 2802 3570 Nimis

710 3640 929 3709 pauca
950 3630 1019 3681 et
1040 3616 1279 3707 exigua
1300 3612 1385 3681 de
1410 3611 1820 3709 quibusdam
1841 3614 2118 3681 minutis
2141 3612 2654 3707 quaestiunculis
2677 3609 2800 3679 edi-

710 3728 828 3796 dit.
856 3724 1150 3821 Reliquit
1166 3740 1394 3792 autem
1416 3749 1557 3793 non
1579 3724 1985 3794 mediocrem
2007 3724 2246 3793 silvam
2263 3722 2795 3793 observationum

709 3841 1040 3907 sermonis
1065 3838 1349 3931 antiqui.

776 4016 837 4052 a.
884 4000 956 4052 Ut
974 4000 1161 4073 sepius
1190 4000 1247 4053 t’n
1270 4000 1383 4069 die,
1414 4012 1515 4054 etc.
1546 4000 1630 4052 An
1659 4001 1716 4053 in
1876 4002 1926 4055 3.
1981 4003 2135 4058 Vasa.
2179 4000 2348 4053 Wolf.
2391 4002 2588 4075 probat
2627 4000 2788 4053 Ursini

708 4079 852 4142 dies,
876 4077 997 4131 καθ’
1018 4075 1220 4147 ίμίμνς
1804 4085 2163 4153 conjecturam
2187 4099 2328 4133 uvas.
