3050 5004
674 465 807 532 302

1424 464 1499 530 C.
1551 463 2020 534 SUETONII

672 591 911 683 quium
952 611 1187 668 suum,
1229 573 1604 656 sedetiam
1643 586 1732 656 ad
1768 587 2152 658 veneranda
2197 586 2544 681 legionum
2585 597 2773 686 signa

670 696 945 792 pellexit
962 715 1037 766 ¹².
1078 703 1240 766 Mox
1273 721 1429 766 cum
1462 697 1746 766 Claudio
1786 702 2118 790 Principe,
2157 697 2330 768 duos
2363 703 2642 795 insuper
2673 728 2774 774 or-

671 807 969 877 dinarios
1002 803 1493 890 consulatus¹³,
1529 829 2024 902 censuramque
2061 811 2286 900 gessit.
2331 815 2584 882 Curam
2621 838 2776 908 quo-

672 943 805 1013 que
850 921 1117 1012 imperii
1163 920 1521 1001 sustinuit,
1570 917 1847 989 absente
1891 943 2007 1004 eo,
2053 921 2480 1013 expeditione
2523 927 2772 994 Britan-

670 1028 889 1102 nica¹4
918 1056 931 1096 :
968 1033 1069 1096 vir
1102 1032 1464 1113 innocens,
1499 1045 1568 1096 et
1599 1028 2005 1112 industrius,
2039 1029 2161 1098 sed
2187 1025 2770 1104 amore'libertinae

670 1137 1163 1231 perinfamis¹⁵‚
1217 1135 1413 1231 cujus
1461 1141 1664 1208 etiam
1711 1137 1938 1208 salivis
1983 1139 2188 1210 melle
2232 1147 2646 1228 commixtis,
2685 1170 2770 1214 ne

537 1249 561 1284 '·
669 1246 847 1318 clam
892 1248 1169 1342 quidem
1216 1266 1333 1317 aut
1374 1273 1562 1332 raro,
1597 1248 1719 1318 sed
1749 1249 2052 1345 quotidie
2087 1275 2168 1318 ac
2203 1250 2460 1344 palam,
2497 1256 2768 1323 arterias

669 1373 738 1424 et
780 1357 1007 1426 fauces
1054 1382 1179 1451 pro
1226 1359 1524 1427 remedio
1571 1359 1862 1428 fovebat.
1909 1360 2101 1428 Idem
2135 1364 2290 1430 miri
2321 1365 2396 1430 in
2432 1359 2766 1430 adulando

667 1470 953 1562 ingenii,
983 1473 1243 1562 primus
1273 1474 1343 1538 C.
1372 1473 1708 1540 Caesarem
1729 1471 2015 1540 adorare
2039 1488 2116 1540 ut
2137 1477 2356 1540 Deum
2387 1471 2764 1558 ¹⁶instituit3

668 1603 883 1674 quum
929 1604 1243 1649 reversus
1288 1605 1371 1648 ex
1420 1583 1611 1674 Syria
1655 1606 1796 1650 non
1839 1582 2036 1654 aliter
2079 1582 2266 1652 adire
2311 1607 2516 1652 ausus
2563 1601 2763 1667 esset,

667 1715 877 1786 quam
912 1694 1131 1786 capite
1166 1690 1417 1776 velate,
1452 1694 2120 1789 circumvertensque
2147 1711 2318 1776 se¹7,
2345 1695 2592 1764 deinde
2621 1719 2766 1788 pro-

746 1947 763 1980 ι
778 1947 825 1980 a.
846 1929 1233 1982 Artabanum...
1248 1929 1487 2002 pellexit.
1509 1931 1592 1984 Cf.
1611 1929 1679 1983 ad

666 2005 831 2077 Calig.
860 2008 949 2074 ¹4³
971 2010 1131 2060 Dion.
1158 2007 1303 2076 le,
1334 2026 1429 2078 27,
1459 2012 1552 2080 qui
1569 2009 1676 2062 hoc

665 2086 785 2158 ipso
806 2085 927 2136 loco
942 2088 1027 2138 vix
1046 2086 1293 2157 Caligulae
1314 2089 1564 2138 saevitiam
1582 2085 1678 2140 hu·

667 2165 883 2220 millima
899 2165 1207 2218 adulatione
1218 2165 1487 2219 Vitellium
1498 2185 1678 2222 narrat

666 2247 924 2301 evasisse:
950 2245 1069 2298 vide
1092 2247 1248 2298 infra.

743 2345 762 2380 ι
774 2327 824 2379 3.
852 2325 1007 2380 'Duos
1020 2327 1229 2398 insuper
1244 2328 1534 2380 ordinarios
1551 2347 1676 2380 con-

663 2407 891 2475 salutas,
912 2421 1011 2460 etc.
1030 2407 1255 2459 alterum
1270 2425 1395 2458 ann.
1409 2407 1534 2476 796,
1553 2426 1674 2460 cum

662 2492 989 2562 Imperatore
1000 2487 1224 2541 Claudio
1240 2486 1381 2559 (vide
1392 2489 1550 2542 Dion.
1562 2490 1674 2557 Lx,

672 2586 733 2640 17
754 2584 808 2622 et
832 2585 891 2623 αι
910 2608 926 2636 ,
954 2582 1005 2621 et
1030 2568 1097 2620 ad
1125 2567 1309 2621 Claud.
1347 2566 1462 2638 14),
1487 2580 1540 2619 et
1565 2581 1676 2621 ter-

665 2648 797 2699 tium
813 2666 937 2699 anu.
956 2646 1059 2699 800
1070 2684 1087 2711 ‚
1110 2659 1163 2698 et
1176 2648 1355 2717 ipsum
1374 2664 1497 2697 cum
1514 2646 1674 2699 Clau·-

664 2726 754 2779 dio
775 2728 867 2798 (cf.
880 2729 1037 2779 Dion.
1050 2725 1139 2777 Lx
1152 2764 1168 2792 ,
1184 2726 1289 2797 29).
1306 2756 1379 2766 —
1394 2727 1672 2779 censuram

663 2808 722 2859 1..
758 2806 989 2874 Vitellii,
1026 2806 1094 2859 de
1135 2824 1241 2876 qua
1268 2808 1437 2858 Tacit.
1475 2806 1668 2859 Annal.

662 2887 759 2939 ΧΠ
783 2925 800 2954 .,
844 2886 878 2952 4
892 2924 910 2952 ,
955 2887 1129 2937 numis
1176 2883 1457 2937 illustravit
1500 2887 1668 2937 Pania.

663 2964 800 3017 Tab.
822 2966 903 3017 28.
928 2964 1008 3017 cf.
1032 2962 1315 3033 Spanhem.
1338 2962 1405 3015 de
1423 2965 1671 3017 Praestan-

664 3046 739 3097 tia
768 3057 822 3097 et
844 3046 955 3097 Usu
988 3043 1248 3095 Numism.
1282 3055 1409 3093 tom.
1442 3044 1519 3109 11,
1546 3044 1670 3095 Dis-

664 3139 787 3179 sert.
822 3141 913 3189 12,
936 3142 991 3194 p.
1020 3122 1145 3193 475.
1174 3123 1347 3175 Tacit.
1373 3124 1506 3174 Hist.
1535 3124 1586 3188 1,
1607 3142 1670 3194 9,

669 3228 692 3253 ιι
712 3208 775 3259 A.
808 3203 1079 3269 Vitellius,
1106 3204 1334 3257 Censoris
1372 3203 1427 3256 V
1420 3201 1579 3256 trellis
1607 3222 1670 3256 ac

664 3296 744 3339 ter
766 3282 1000 3339 Consulis
1022 3283 1177 3336 filius.
1202 3308 1224 3331 ιι
1253 3285 1309 3347 1,
1336 3282 1400 3335 52
1419 3320 1436 3349 ,
1466 3306 1487 3329 ιι
1503 3282 1670 3336 Vitel-

661 3365 735 3419 lio
752 3378 847 3418 tres
855 3364 1019 3437 patris
1031 3362 1349 3440 consulatus,
1370 3382 1638 3416 censuram
1649 3402 1670 3431 ‚

662 3444 943 3518 collegium
977 3444 1209 3510 Caesaris,
1237 3444 1511 3514 imponere
1536 3447 1670 3515 jam-

660 3524 869 3596 pridem
888 3525 1225 3594 Imperatoris
1242 3522 1620 3595 dignationem.
1640 3546 1665 3571 ιι

661 3600 923 3655 Eumdem
942 3600 1059 3653 vide
1080 3601 1147 3653 111
1160 3638 1176 3668 ,
1196 3601 1283 3654 66.
1304 3604 1555 3655 Censuroe
1575 3602 1673 3655 ho-

660 3700 765 3734 nor
788 3696 849 3733 ut
882 3682 1099 3732 omnino
1131 3679 1363 3752 reliquos
1395 3682 1667 3753 praecelle-

662 3760 787 3829 bat,
825 3764 899 3813 ita
930 3761 1183 3812 illustrior
1216 3763 1439 3827 exstitit,
1470 3782 1532 3813 ex
1562 3780 1668 3833 quo

662 3841 1015 3911 Imperatores
1045 3838 1145 3891 sibi
1180 3836 1374 3891 addere
1408 3856 1532 3891 eum
1564 3856 1671 3891 coe-

661 3932 867 3991 perant-

740 4016 761 4051 1
771 4000 820 4066 4.
838 3998 1183 4071 Expeditione
1194 3999 1515 4053 Britannica.
1532 3996 1668 4051 Vide

612 4106 621 4119 ·
662 4079 850 4133 Claud.
882 4099 998 4150 cap.
1033 4098 1113 4150 ¹7·

740 4157 823 4209 15.
848 4158 949 4211 Sed
967 4176 1144 4211 amore
1160 4156 1414 4211 libertina.-
1431 4158 1669 4231 perinfa-

1767 1933 1892 1999 mis,
1923 1943 2026 1984 etc.
2055 1931 2198 1986 unde
2223 1950 2278 1986 os
2312 1929 2522 1987 Vitellii
2545 1932 2765 2006 impudi-

1765 2030 1884 2064 cum
1917 2013 2087 2064 Tacit.
2123 2011 2316 2064 Annal-
2349 2011 2456 2079 Xl,
2484 2011 2548 2080 3,
2579 2029 2766 2064 secun-

1765 2089 1895 2142 dum
1920 2091 2175 2162 Lipsinm.

1843 2186 1862 2220 1
1873 2169 1924 2222 6.
1941 2171 2152 2222 Primus
2163 2171 2215 2222 C.
2237 2170 2482 2224 Caesamm
2495 2171 2722 2246 adorare.
2731 2211 2742 2221 .
2750 2209 2761 2220 .

1765 2249 1989 2304 instituit
1997 2272 2018 2311 ,-
2035 2250 2072 2301 i.
2091 2269 2136 2302 e.
2156 2249 2333 2320 coepit.
2351 2249 2484 2316 Quis
2499 2252 2640 2303 enim
2659 2269 2764 2302 non

1764 2327 2005 2401 praeferat
2019 2330 2321 2382 Memmiaui
2333 2331 2548 2382 adorare
2557 2330 2764 2403 vulgato

1763 2409 2006 2462 adorari?
2023 2399 2106 2460 Cf.
2128 2416 2304 2465 Burm.
2326 2409 2495 2462 Graev.
2517 2409 2761 2462 Oudend.

1761 2488 1843 2541 De
1861 2509 1916 2541 re
1937 2490 2105 2541 Tacit.
2125 2487 2318 2541 Annal.
2334 2490 2432 2554 vl,
2450 2490 2544 2557 32,
2573 2511 2595 2536 κ
2615 2488 2766 2543 Unde

1765 2566 2047 2638 (Oriente)
2075 2585 2375 2638 regressus,
2403 2580 2456 2619 et
2483 2568 2765 2621 formidine

1763 2647 1822 2699 C.
1857 2646 2102 2711 Caesaris,
2139 2646 2496 2699 familiaritate
2525 2646 2764 2715 Claudii,

1761 2736 1918 2795 turpe
1939 2726 1992 2777 in
2022 2726 2290 2777 servitium
2317 2738 2574 2793 mutatus,
2595 2746 2764 2779 exem-

1761 2803 1882 2875 plar
1913 2805 2056 2876 apud
2085 2818 2333 2876 posteros
2357 2804 2639 2859 adulatorii
2669 2806 2764 2859 de-

1760 2882 1969 2939 decoris
1985 2883 2242 2947 habetur;
2268 2898 2649 2955 cesseruntque
2666 2886 2765 2955 pri-

1759 2982 1846 3015 ma
1867 2966 2180 3034 postremis,
2205 2976 2256 3015 et
2273 2964 2418 3017 bona
2435 2966 2664 3033 juventae
2685 2983 2762 3017 se-

1760 3055 1945 3095 nectus
1965 3042 2226 3113 flagitiosa
2245 3041 2560 3095 obliteravit.
2577 3066 2602 3091 ιι
2621 3046 2762 3095 Fecit

1759 3122 1843 3189 id,
1865 3137 1924 3176 ut
1941 3125 2058 3175 vitae
2077 3122 2358 3175 discrimen
2379 3124 2661 3194 effugeret.
2681 3124 2759 3175 Cf.

1759 3204 1892 3269 Dio,
1925 3204 2068 3271 LIX,
2109 3220 2208 3271 27,
2243 3203 2336 3272 qui
2365 3216 2418 3254 et
2445 3201 2578 3254 illud
2605 3204 2761 3254 refert

1758 3281 2068 3354 pudendum
2089 3279 2411 3333 adulationis
2433 3278 2726 3351 exemplum
2746 3303 2758 3331 ε

1759 3362 1939 3429 Quum
1954 3360 2224 3412 Vitellium
2244 3373 2656 3431 percontaretur
2673 3362 2762 3413 Ca·

1759 3444 1860 3508 ius,
1899 3442 1990 3513 qui
2021 3460 2144 3493 cum
2179 3440 2326 3492 Luna
2371 3440 2471 3492 sibi
2502 3460 2614 3493 rem
2649 3460 2760 3494 esse

1759 3520 1902 3573 credi
1919 3518 2130 3573 volebat
2141 3554 2158 3582 ,
2177 3518 2444 3571 vidissem
2459 3518 2628 3589 ipsum
2643 3538 2760 3575 eum

1759 3598 1870 3650 Dea
1893 3596 2168 3671 conqredi3
2193 3597 2346 3667 quasi
2373 3599 2658 3663 attonitus,
2677 3598 2763 3650 de-

1757 3679 1872 3731 fixis
1907 3678 2055 3730 humi
2082 3677 2280 3744 oculis,
2314 3696 2446 3731 voce
2475 3679 2665 3749 exigua
2701 3697 2760 3731 ac

1760 3771 2014 3820 tremens,
2054 3755 2222 3822 Solis,
2261 3760 2466 3829 inquit,
2501 3758 2758 3824 Domine,

1759 3840 1900 3891 vobis
1923 3839 2035 3891 Diis
2061 3836 2182 3889 licet
2203 3838 2424 3890 invicem
2451 3835 2642 3891 videre.

1834 3934 1912 3987 17.
1953 3916 2078 3969 Non
2107 3916 2361 3969 alite-r...-
2397 3934 2557 3987 quam
2593 3918 2760 3988 capite

1757 3997 1962 4063 velato,
1994 3996 2492 4069 circumuertensque
2519 4014 2588 4049 se.
2627 3995 2758 4047 Vide

1755 4080 1999 4130 Tot-rent.
2025 4088 2079 4128 et
2097 4076 2344 4127 Pitiscum
2363 4073 2433 4127 ad
2456 4073 2510 4127 h.
2537 4074 2571 4126 l.
2593 4088 2646 4128 et
2670 4075 2759 4147 qui

1757 4175 1788 4209 a
1812 4158 2005 4210 Pitisco
2028 4152 2336 4208 laudantur.
