3050 5004
1028 491 1674 560 DOMITIANUS.
2277 495 2408 584 387

310 609 757 708 deperditam,
796 611 1253 706 repudiavit63
1296 615 1610 708 intraque
1649 614 1855 682 breve
1895 632 2167 710 tempus
2209 621 2419 712 impa-

308 727 481 793 tiens
523 721 819 807 discidii,
862 725 1057 817 quasi
1102 721 1508 814 efflagitante
1549 723 1808 817 populo
1825 776 1843 806 ,
1892 725 2180 794 reduxit.
2226 732 2420 798 Circa

310 835 958 904 administrationem
1000 849 1229 902 autem
1270 835 1535 925 imperii
1579 834 2000 928 aliquamdiu
2041 860 2114 904 se
2154 842 2418 906 varium

306 947 621 1040 praestitit
632 997 649 1030 ,
671 946 1099 1038 mixturaque
1118 941 1433 1037 aequabili
1447 954 1471 994 ⁷
1496 946 1814 1011 vitiorum
1833 960 2037 1039 atque
2057 949 2415 1017 virtutum:

307 1055 529 1124 donec
564 1059 843 1123 virtutes
876 1078 1151 1149 quoque
1188 1057 1258 1120 in
1292 1057 1451 1121 vitia
1484 1053 1794 1123 deflexit:
1837 1072 2168 1150 quantum
2199 1056 2422 1151 conje-

308 1181 492 1234 ctare
528 1164 715 1247 licet,
760 1187 967 1256 super
1005 1165 1257 1254 ingenii
1298 1179 1644 1246 naturam,
1683 1166 1913 1256 inopia
1951 1190 2193 1258 rapax,
2231 1186 2420 1236 metu

310 1299 552 1344 saevus.

404 1389 518 1454 IV.
547 1382 965 1478 Spectacula
994 1382 1263 1453 assidue
1294 1382 1655 1476 magnifica
1686 1400 1756 1452 et
1785 1402 2137 1454 sumtuosa
2174 1387 2419 1472 edidit,

310 1521 450 1565 non
474 1500 544 1564 in
573 1493 1083 1592 Amphitheatro
1106 1495 1347 1576 mod0,
1382 1519 1622 1562 verum
1647 1512 1716 1564 et
1735 1497 1810 1562 in
1839 1499 2076 1564 Circo.
2111 1497 2228 1565 ubi
2253 1524 2424 1591 prae—

311 1624 415 1674 ter
438 1605 799 1674 sollemnes
824 1604 1133 1696 bigarum
1164 1604 1782 1700 quadrigarumque
1807 1630 2048 1674 cursus
2065 1659 2083 1689 ,
2107 1609 2420 1701 praelium

312 1720 509 1785 etiam
531 1714 813 1809 duplex,
842 1731 1154 1810 equestre
1177 1741 1257 1784 ac
1276 1715 1623 1808 pedestre,
1651 1719 2020 1785 commisit¹
2048 1733 2160 1784 :at
2180 1723 2248 1785 in
2274 1727 2424 1787 Am·

312 1827 695 1922 phitheatro
732 1827 968 1895 navale
1005 1853 1299 1922 quoque.
1346 1833 1518 1896 Nam
1565 1832 1955 1897 venationes
1994 1827 2422 1922 gladiatores—

312 1965 447 2034 que
464 1992 483 2022 ,
514 1955 583 2007 et
606 1935 917 2006 noctibus
936 1947 959 1974 ²
986 1937 1073 2005 ad
1097 1936 1519 2032 lychnuchos
1549 1965 1563 2005 ε
1597 1963 1724 2007 nec
1745 1942 2050 2007 virorum
2073 1941 2280 2027 modo
2306 1969 2426 2036 pn.

310 2067 511 2142 gnaS,
558 2047 676 2118 sed
718 2065 787 2116 et
819 2049 1298 2118 feminarum3.
1342 2056 1673 2118 Praeterea
1709 2055 2088 2144 quaestoriis
2127 2059 2424 2148 muneri-

311 2159 487 2229 busti
505 2215 523 2245 ,
550 2184 705 2256 quae
729 2159 892 2228 olim
916 2162 1167 2228 omissa
1190 2177 1653 2249 revocaverat,
1678 2163 1770 2228 ita
1795 2185 2064 2256 semper
2086 2151 2391 2234 interfuit
2411 2217 2428 2249 ,

310 2287 391 2339 ut
410 2269 670 2364 populo
688 2286 1088 2362 potestatem
1108 2270 1361 2338 faceret
1381 2271 1542 2340 bina
1566 2273 1756 2364 paria
1776 2295 1814 2338 e
1834 2297 1959 2340 suo
1977 2272 2142 2342 ludo
2156 2274 2180 2312 ⁵
2202 2294 2428 2367 postu-

310 2382 501 2450 landi
522 2435 539 2466 ,
594 2405 808 2477 eaque
854 2383 1222 2450 novissima
1265 2381 1485 2450 aulico
1532 2399 1863 2475 apparatu
1911 2381 2283 2452 induceret.
2331 2391 2427 2454 Ac

310 2518 435 2587 per
461 2479 663 2561 omne
696 2489 1139 2585 gladiatorum
1176 2491 1640 2585 spectaculum
1676 2507 1834 2559 ante
1865 2491 2074 2585 pedes
2113 2495 2174 2559 ei
2207 2492 2430 2562 stabat

312 2604 642 2699 puerulus
677 2606 1092 2685 coccinatus,
1128 2628 1337 2696 parvo
1372 2620 1903 2697 portentosoque
1935 2606 2152 2695 capite
2167 2604 2226 2688 ⁶,
2265 2627 2424 2673 cum

312 2739 451 2809 quo
481 2713 857 2808 plurimum
885 2712 1345 2797 fabulabatur,
1374 2736 1874 2807 nonnunquam
1903 2715 2102 2781 serio.
2136 2712 2425 2783 Auditus

316 2840 424 2892 est
446 2842 627 2893 certe
644 2878 661 2907 ,
690 2821 857 2891 dum
880 2848 965 2891 ex
988 2848 1069 2891 eo
1094 2826 1337 2918 quaerit
1356 2876 1374 2906 ,
1410 2854 1439 2885 α
1463 2823 1710 2918 ecquid
1733 2826 1968 2901 sciret,
1993 2848 2114 2891 cur
2143 2823 2305 2892 sibi⁷
2331 2830 2428 2893 vi·

382 2988 437 3042 6.
490 2988 817 3059 Repudiavt‘t.
871 2987 1110 3039 Paridem
1167 2990 1326 3040 etiam

313 3066 577 3123 occidisse
605 3069 683 3123 ,ait
719 3066 975 3139 xiphilin.
1009 3065 1135 3123 loco
1164 3086 1325 3140 supra

1488 2988 1541 3041 3.
1578 2988 1682 3041 Sed
1705 2998 1758 3039 et
1775 2988 2126 3059 feminarum.
2165 2988 2423 3060 xiphilin.

1416 3084 1535 3137 cap.
1562 3068 1651 3118 cit.
1683 3066 1764 3117 De
1776 3066 2109 3137 feminarum
2136 3071 2330 3143 pugnis
2352 3073 2429 3121 vi-

314 3150 407 3201 cit.

384 3244 443 3321 7.
478 3228 817 3300 Mt‘xtumque
842 3226 1109 3300 aequabili.
1144 3229 1221 3279 Ita
1244 3226 1327 3277 Li-

312 3309 467 3381 psius
512 3320 566 3359 et
604 3306 852 3360 wolfius.
894 3305 1053 3378 Vulg.
1096 3308 1327 3359 mixtura

311 3404 521 3461 quoque
534 3384 802 3459 oequabt'li.
818 3384 1203 3456 Oudendorpio
1220 3384 1328 3455 pla-

312 3471 427 3521 cuit
450 3467 675 3521 aliorum
704 3469 933 3520 mixtura
963 3484 1125 3537 prope
1147 3484 1327 3537 oequa-

314 3548 441 3615 bili,
470 3549 587 3617 jure
614 3548 952 3618 improbante
976 3546 1198 3599 Wolfio.

388 3628 478 3678 IV.
510 3644 553 3679 ι.
584 3625 835 3679 Proelt'um
860 3626 1076 3678 etiam...
1106 3624 1325 3678 commi-

310 3708 397 3759 sit.
430 3705 515 3758 Cf.
548 3704 750 3776 Xiphil.
782 3704 997 3769 LXVII,
1032 3706 1083 3757 8.
1116 3702 1199 3756 De
1230 3721 1327 3755 na-

312 3786 419 3841 vali
442 3785 627 3859 prelio
657 3788 715 3837 iu
736 3784 1145 3859 Amphitheatro
1162 3823 1179 3851 ‚
1206 3782 1326 3838 vide

310 3867 421 3920 Tit.
443 3884 563 3937 cap.
586 3882 636 3936 7.

388 3960 443 3996 2.
478 3944 553 3997 Et
585 3940 843 4007 noctibus,
872 3954 973 3995 etc.
1006 3941 1089 3994 cf.
1119 3938 1321 4012 Xiphil.

309 4038 437 4096 cap.
452 4022 543 4073 cit.
558 4022 638 4077 De
653 4018 991 4091 lychnuchis,
1010 4017 1206 4091 quibus
1218 4018 1324 4073 hoc

310 4106 479 4159 etiam
500 4101 625 4155 loco
652 4101 871 4172 lychnos
901 4100 1292 4155 substituerunt
1308 4136 1325 4166 ,

308 4182 437 4237 vide
462 4182 533 4237 aa
554 4182 683 4237 aas.
710 4182 796 4248 ³7.

1415 3145 1483 3197 de
1510 3146 1657 3217 Lips.
1689 3143 1758 3197 ad
1784 3145 1953 3197 Tacit.
1978 3145 2170 3197 Annal.
2196 3148 2310 3212 XV,
2335 3147 2423 3199 32.

1486 3225 1540 3293 4.
1584 3224 1876 3295 Quoerton’is
1910 3226 2225 3279 muneribus.
2265 3227 2422 3279 Conf-

1416 3302 1608 3355 Claud.
1639 3320 1760 3374 cap.
1791 3302 1876 3369 24.

1490 3384 1540 3437 5.
1579 3384 1630 3435 E
1653 3400 1748 3437 suo
1779 3381 1931 3443 ludo,·
1957 3381 2302 3451 gladiatorio,
2331 3384 2426 3437 ubi

1416 3462 1832 3516 instituebantur
1855 3459 2197 3531 gladiatores.

1488 3540 1542 3592 6.
1581 3543 1756 3593 Parvo
1791 3550 2195 3613 portentosoque
2237 3544 2420 3616 eapite.

1412 3626 1569 3677 Hunc
1591 3620 1832 3673 ordinem
1851 3640 1880 3673 e
1901 3620 2050 3673 libris
2069 3622 2302 3675 restituit
2319 3623 2425 3676 Ou-

1412 3700 1676 3772 dendorp.
1713 3698 1870 3770 Vulg.
1903 3712 2200 3771 portentoso
2232 3720 2425 3773 parvo·

1413 3800 1531 3854 que.
1550 3780 1826 3833 Ernestius
1847 3775 2040 3832 suadet
2051 3797 2247 3849 pravo,
2271 3794 2326 3831 et
2343 3783 2425 3833 in·

1414 3859 1606 3932 telligit
1628 3868 1875 3923 acutum',
1901 3856 2066 3925 φοξόν.

1484 3956 1535 4011 7.
1559 3939 1666 3991 Cur
1681 3938 1780 3991 siba·
1803 3938 1966 3990 virum
1987 3947 2127 3990 esset.
2145 3938 2223 3989 Ita
2245 3935 2427 4007 legen-

1414 4018 1546 4073 dum
1555 4019 1764 4073 censuit
1777 4015 2015 4069 Turneb.
2027 4014 2246 4068 Advers.
2259 4016 2424 4082 XXII,

1422 4096 1518 4164 16,
1555 4111 1612 4150 et
1649 4109 1892 4149 annuunt
1929 4093 2100 4149 codd.
2138 4094 2272 4146 Vide
2309 4094 2424 4147 Ou-

1416 4176 1680 4247 dendorp.
1704 4174 1860 4246 Vulg.
1888 4196 1910 4220 ιι
1926 4186 1976 4227 et
1993 4173 2122 4246 quid
2135 4172 2233 4225 sibi
2255 4176 2424 4228 visum

2007 4248 2114 4329 25'.
