3050 5004
628 500 758 547 202

1382 479 1452 540 C.
1505 476 1976 543 SUETONII

621 605 918 700 datoque
935 608 1206 696 negotio
1227 603 1613 672 trierarchis
1628 655 1646 686 ,
1664 607 1785 699 qui
1806 604 2237 672 Liburnicae
2252 656 2271 686 ‚
2294 630 2429 700 qua
2446 607 2733 677 advecta

624 732 792 797 erat,
809 716 995 783 velut
1015 716 1294 783 fortuito
1321 736 1659 781 concursu
1682 714 2207 805 confringerent,
2226 720 2561 807 protraxit
2578 742 2735 787 con·

623 826 936 893 vivium⁸.
969 828 1461 919 Repetentique
1483 823 1726 891 Baulos
1742 876 1759 907 ,
1782 826 1851 889 in
1872 822 2099 891 locum
2122 830 2421 917 corrupti
2445 831 2729 919 navigii,

625 939 1093 1007 machinosum
1133 936 1303 1006 illud
1339 937 1585 1005 obtulit
1606 990 1623 1019 ‚
1662 936 1875 1004 hilare
1916 956 2315 1030 prosecutus
2355 966 2369 1004 ε
2414 956 2621 1034 atque
2658 944 2731 1009 in

623 1050 930 1142 digressu
947 1049 1234 1143 papillas
1265 1072 1537 1144 quoque
1556 1046 1983 1115 exosculatus
1998 1100 2017 1131 ,
2040 1048 2381 1143 reliquum
2402 1054 2734 1143 temporis

621 1182 782 1225 cum
814 1184 1062 1252 ‚magna
1098 1159 1545 1253 trepidatione
1580 1156 1881 1247 vigilavit
1899 1209 1917 1239 ‚
1956 1174 2335 1249 coeptorum
2372 1163 2735 1251 opperiens

623 1274 899 1339 exitum.
927 1270 1057 1340 Sed
1085 1287 1163 1339 ut
1185 1271 1454 1338 diversa
1482 1271 1710 1335 omnia
1729 1321 1747 1350 ‚
1776 1266 2143 1363 nandoque
2174 1272 2465 1337 evasisse
2484 1283 2512 1321 ⁹
2542 1294 2695 1339 eam
2716 1324 2735 1353 ,

621 1386 985 1475 comperit,
1023 1386 1222 1477 inops
1257 1380 1555 1464 consilii,
1598 1384 1673 1446 L.
1712 1382 2078 1470 Agerinum
2098 1390 2147 1417 ¹⁰
2186 1380 2505 1449 libertum
2544 1381 2695 1476 ejus
2716 1438 2734 1465 ,

623 1490 882 1560 salvam
921 1509 990 1560 et
1029 1491 1444 1561 incolumem
1471 1512 1631 1558 cum
1672 1488 1917 1580 gaudio
1958 1493 2393 1562 nunciantem
2414 1544 2433 1573 ‚
2466 1490 2735 1585 abjecto

623 1606 798 1674 clam
826 1604 1020 1699 juxta
1046 1609 1341 1701 pugione
1363 1658 1379 1687 ,
1405 1622 1484 1673 ut
1506 1624 1981 1696 percussorem
2010 1602 2134 1669 sibi
2162 1604 2611 1673 subornatum
2630 1630 2733 1673 ar-

623 1800 774 1851 Baias
812 1798 1205 1872 frequentabat.
1247 1798 1379 1851 Illuc
1410 1812 1635 1851 matrem

623 1878 794 1945 elicit,
827 1878 1076 1931 ferendas
1109 1892 1392 1949 parentum
1419 1881 1635 1932 iracun-

623 1955 738 2009 dias
773 1968 828 2007 et
863 1956 1182 2027 placandum
1211 1959 1447 2009 animum
1478 1956 1635 2007 dicti·-

625 2048 774 2099 tans,
809 2054 915 2107 quo
941 2054 1212 2087 rumorem
1240 2034 1635 2087 reconciliatio-

493 2142 500 2149 ·
599 2113 706 2191 'nis
737 2113 1003 2180 efficeret,
1039 2116 1410 2185 acciperetque
1445 2116 1635 2185 Agrip-

624 2196 783 2265 pina,
813 2194 954 2247 facili
978 2197 1296 2249 feminarum
1321 2194 1632 2248 credulitate

622 2273 693 2325 ad
713 2273 926 2343 gaudia.
947 2297 969 2321 n
998 2278 1078 2328 De
1105 2275 1527 2348 Quinquatruum
1556 2276 1631 2327 fe-

624 2362 708 2403 sto
733 2350 853 2403 vide
877 2351 947 2404 ad
969 2354 1192 2424 August.
1222 2370 1308 2421 7¹·

695 2432 750 2483 8.
761 2431 1028 2485 Protraxit
1039 2433 1337 2486 convivium
1347 2454 1367 2494 ;
1385 2451 1462 2485 sc.
1473 2434 1627 2485 Baiis.

621 2509 920 2563 Obscurior
945 2524 1025 2564 est
1051 2513 1284 2564 narratio
1309 2513 1517 2577 Nostri,
1543 2513 1632 2562 cui

617 2589 870 2642 tenebrae
905 2592 1062 2644 etiam
1099 2591 1336 2644 offundit
1370 2589 1629 2662 xiphilin.

619 2667 768 2732 Lxl,
809 2669 886 2720 13.
921 2669 1148 2736 Baulos,
1183 2684 1245 2721 nt
1271 2669 1443 2722 obiter
1478 2684 1633 2720 note-

621 2765 770 2813 mus,
795 2748 851 2800 h.
885 2747 920 2799 l.
951 2749 1168 2801 Graecus
1200 2768 1298 2820 pro
1323 2750 1468 2802 Baiis
1497 2747 1631 2800 dixit

618 2823 769 2896 (quae
792 2825 912 2878 loca
939 2828 1166 2883 confusa
1199 2831 1360 2880 etiam
1388 2825 1631 2880 videntur

619 2903 787 2974 Calig.
834 2905 958 2974 19),
997 2904 1146 2976 quod
1183 2923 1294 2959 non
1333 2905 1632 2958 observavit

622 2985 922 3050 Reimarus,
947 2983 1076 3036 dum
1099 2985 1168 3037 ad
1189 2985 1388 3058 Xiphil.
1415 2989 1470 3038 in
1494 3003 1630 3038 con-

620 3061 872 3116 ciliandis
879 3065 1228 3134 scriptoribus
1243 3077 1502 3120 versatur.
1515 3067 1629 3118 Lux

619 3141 854 3214 petenda
869 3144 1095 3216 aTacito
1109 3183 1126 3209 ‚
1143 3146 1235 3216 qui
1249 3147 1627 3216 Agrippinam,

619 3237 791 3292 quum
813 3222 975 3273 Antio
997 3225 1255 3288 venisset,
1289 3225 1342 3274 in
1377 3223 1531 3276 litore
1558 3221 1627 3274 ab

623 3298 782 3351 obvio
795 3303 1008 3352 Nerone
1023 3315 1296 3373 exceptam
1311 3315 1511 3370 narrat,
1529 3300 1629 3354 du-

622 3391 871 3451 ctamque
899 3380 1107 3434 Baulos.
1139 3380 1221 3434 lbi
1245 3381 1422 3434 oblata
1447 3384 1627 3448 navis,

628 3481 650 3505 ιι
671 3476 733 3510 ac
762 3470 874 3512 tum
910 3459 1132 3513 invitata
1169 3462 1241 3514 ad
1269 3461 1448 3535 epulas
1482 3473 1623 3527 erat,

619 3553 684 3592 ut
719 3540 1042 3594 occultando
1079 3543 1308 3596 facinori
1339 3561 1446 3596 nox
1477 3542 1628 3596 adhi-

622 3620 898 3675 beretur»
930 3621 1031 3675 Sed
1057 3624 1127 3677 ad
1147 3624 1247 3677 has
1273 3625 1524 3678 accedere
1550 3643 1629 3676 re·

623 3703 829 3753 cnsavit·
867 3716 1069 3769 mater,
1119 3704 1267 3776 qnod
1309 3705 1507 3758 docent
1546 3723 1630 3756 se-

624 3782 835 3852 quentia
856 3803 869 3831 2
891 3801 915 3826 ι
935 3781 1069 3833 Satis
1089 3784 1355 3849 constitit,
1371 3783 1629 3834 exstitisse

621 3857 978 3928 proditorem,
1005 3874 1057 3911 et
1077 3861 1454 3932 Agrippinam,
1483 3861 1629 3912 audi·

623 3937 691 3988 tis
705 3937 908 3990 insidiis
919 3976 936 4005 ,
953 3955 1020 3989 an
1039 3939 1279 3992 crederet
1293 3938 1597 4009 ambiguam
1609 3979 1627 4007 ,

622 4019 918 4086 gestamine
947 4015 1086 4070 sellae
1113 4019 1270 4069 Baias
1303 4031 1625 4089 pervectam.

623 4096 704 4148 lbi
715 4096 880 4166 (Baiis
888 4098 1070 4170 igitur)
1079 4096 1500 4150 blandimentum
1509 4098 1630 4151 aub-

622 4173 814 4226 levavit
827 4189 1022 4229 metum
1037 4199 1052 4242 ;
1073 4177 1296 4246 comiter
1309 4191 1529 4248 excepte
1546 4195 1629 4230 su-

1724 1814 1932 1868 perque
1954 1798 2129 1868 ipsum
2154 1794 2432 1850 collocata.
2452 1798 2589 1849 Nam
2612 1798 2737 1869 plu-

1725 1875 1875 1929 ribus
1896 1876 2257 1943 sermonibus,
2277 1877 2439 1930 modo
2458 1880 2733 1931 familiari-

1725 1968 1833 2007 tate
1851 1955 2075 2026 juvenili
2104 1958 2249 2009 Nero
2274 1971 2327 2009 et
2352 1976 2535 2011 rursus
2559 1957 2735 2011 addu-

1724 2048 1868 2100 ctus,
1899 2038 2051 2107 quasi
2076 2037 2211 2087 seria
2240 2038 2598 2103 consociaret,
2626 2050 2735 2091 tra-

1724 2126 1805 2167 cto
1830 2116 1888 2167 ἰη
1912 2113 2127 2187 lonqum
2151 2116 2419 2180 convictu,
2448 2120 2735 2188 prosequi-

1722 2208 1811 2247 tur
1836 2193 2152 2262 abeuntem,
2182 2198 2347 2249 artius
2371 2194 2541 2251 oculis
2566 2212 2620 2249 et
2640 2216 2735 2269 pe·

1722 2274 1859 2324 ctori
1888 2272 2118 2338 haerens,
2144 2276 2252 2326 sive
2276 2273 2539 2345 explenda
2562 2278 2731 2329 simn-

1722 2351 1950 2417 latione,
1968 2370 2065 2405 seu
2083 2353 2327 2423 periturae
2348 2354 2526 2407 matris
2546 2371 2731 2425 supre-

1720 2449 1837 2483 mus
1856 2431 2143 2504 adspectus
2164 2434 2400 2504 quamvis
2420 2434 2595 2485 ferum
2616 2434 2731 2486 ani-

1720 2529 1865 2564 mum
1902 2510 2181 2564 retinebat.
2203 2535 2227 2558 1·
2261 2515 2382 2564 Haec
2424 2516 2603 2566 omnia
2638 2515 2731 2566 xi-

1718 2590 1957 2663 philinus
1992 2611 2091 2662 per
2118 2610 2347 2644 errorem
2376 2591 2445 2644 de
2480 2594 2731 2646 convivio

1718 2673 1896 2724 Baulis
1925 2672 2108 2725 habito
2134 2687 2327 2726 narrat.
2358 2675 2559 2728 Contra
2588 2689 2731 2728 recte

1720 2751 1867 2824 apud
1890 2755 2175 2820 Nostrum,
2199 2754 2569 2827 &petentique
2588 2756 2729 2808 Bau-

1722 2832 1830 2898 los,
1870 2831 1983 2884 scil.
2020 2834 2191 2898 Baiis,
2228 2833 2320 2886 ubi
2358 2835 2728 2907 Quinquatrus

1720 2911 1963 2962 convivio
1976 2910 2133 2962 simul
2146 2911 2563 2965 celebraverunt.
2578 2913 2729 2966 Bian-

1720 2988 1863 3042 ditiis
1902 2991 2015 3044 istis
2056 2991 2335 3062 deceptam
2376 2995 2727 3066 Agrippinum

1718 3070 1924 3124 inducit
1964 3076 2163 3126 naeuus
2178 3111 2197 3138 ,
2235 3074 2475 3126 Britann.
2514 3091 2620 3130 act.
2662 3080 2725 3141 V,

1719 3169 1793 3202 sc.
1810 3153 1842 3204 3
1854 3186 1871 3214 ,
1893 3169 2057 3220 quum
2068 3189 2087 3216 ,
2104 3150 2383 3206 dubitante
2396 3155 2584 3220 Junia,
2601 3173 2725 3205 vera

1720 3247 2069 3322 quecumque
2114 3231 2257 3283 Nero
2310 3231 2377 3284 de
2423 3233 2727 3285 Britannico

1717 3311 2055 3380 promiserit,
2078 3323 2140 3362 ut
2160 3312 2283 3382 ipsa
2302 3329 2615 3382 persuasum
2632 3312 2729 3364 ha·

1716 3387 1838 3455 bet,
1864 3387 2120 3508 εῆὶηιιιειῑ.

1716 3465 1967 3569 Ahhirvous
2046 3482 2241 3524 czvupar
2220 3469 2415 3512 rcombie
2416 3468 2697 3512 ndentes-es

1715 3527 1845 3570 Ilm'a
1932 3541 2012 3569 cuv
1980 3481 2075 3569 ¹:Igle'
2091 3528 2131 3569 la
2144 3528 2203 3570 foi
2216 3527 2301 3571 des
2387 3531 2605 3573 ro!n1esscs

1715 3589 1771 3631 Pu
1772 3543 1929 3644 reqnlsi¹
1926 3587 2087 3631 embra
2070 3605 2251 3632 esst-men
2266 3544 2346 3632 11?
2347 3589 2483 3633 enetd
2461 3593 2571 3634 e'am
2548 3594 2724 3634 arrrfite!

1720 3651 1792 3694 See
1818 3652 1913 3695 bns
1934 3651 1985 3692 da
1962 3667 2037 3694 usn
2061 3667 2137 3695 nos
2162 3653 2307 3696 adienx
2284 3669 2385 3696 xne
2411 3669 2545 3711 poure
2521 3657 2635 3700 aient
2658 3667 2729 3697 mc

1850 3716 2019 3771 κρίκοι,
2038 3724 2116 3757 etc.

1718 3783 1963 3838 Ceterum
1990 3785 2251 3839 Mulier-us
2282 3789 2587 3860 interpungi
2610 3807 2728 3840 ma·-

1721 3862 1851 3932 luit,
1878 3865 2287 3939 confiinyerent.
2310 3867 2577 3922 Premit
2600 3885 2731 3924 con-

1718 3943 1917 3996 vivium
1934 3984 1951 4012 ,
1984 3959 2087 3998 etc.

1788 4039 1839 4092 9.
1861 4025 2159 4096 Nandoque
2175 4027 2410 4092 evasisse,
2429 4038 2531 4078 etc.
2548 4026 2726 4076 Tacit.

1720 4119 1835 4174 cap.
1864 4102 1897 4155 5
1912 4141 1929 4169 ,
1964 4125 1986 4149 κ
2004 4103 2199 4156 Nande
2214 4143 2231 4168 ‚
2266 4103 2461 4156 deinde
2496 4119 2726 4156 occursu

1719 4178 2071 4234 lenunculoru
2080 4201 2127 4234 m
2139 4219 2157 4246 ,
2176 4183 2463 4252 Lucrinum
2476 4183 2531 4233 in
2544 4181 2725 4234 lacum
