3050 5004
1029 492 1698 561 VESPASIANUS,
2284 468 2420 586 3'49

308 639 615 691 retaxare
644 622 994 704 sustinuit,
1022 634 1102 686 ut
1130 616 1313 712 apud
1342 643 1775 687 communem
1801 618 2094 716 aliquem
2125 626 2422 691 amicum

309 757 604 829 querens
620 785 638 815 ,
663 730 945 799 adderet
964 728 1360 800 clausulae4:
1398 761 1426 791 ec
1444 736 1590 823 Ego
1619 726 1841 800 stamen
1868 736 1972 800 vir
1993 733 2206 802 sum⁵.
2229 766 2256 796 n
2290 732 2425 803 Sal-

307 847 499 911 vium
533 840 943 925 Liberalem,
974 842 1045 907 in
1081 839 1472 908 defensione
1510 838 1734 909 divitis
1770 842 1870 907 rei
1896 865 2136 909 ausum
2165 842 2422 926 dicere,

312 984 345 1015 a
364 950 545 1041 Quid
570 950 660 1019 ad
686 956 1020 1020 Caesarem
1036 1003 1052 1033 ,
1084 952 1141 1019 si
1168 950 1598 1043 Hipparchus
1625 955 2008 1020 sestertium
2037 953 2280 1022 millies
2308 954 2422 1021 ha·

308 1065 517 1131 beth
556 1079 625 1130 et
658 1064 803 1155 ipse
842 1059 1161 1129 laudavit.
1202 1064 1621 1129 Demetrium
1655 1061 2054 1155 Cynicum⁶‚
2085 1068 2154 1132 in
2187 1067 2426 1133 itinere

310 1173 589 1241 obvium
618 1172 741 1239 sibi
768 1187 923 1265 post
944 1169 1489 1239 damnationem⁷
1505 1224 1522 1253 ,
1549 1196 1628 1239 ac
1651 1196 1874 1267 neque
1896 1197 2281 1266 assurgere,
2307 1198 2427 1243 ne-

309 1308 445 1379 que
461 1282 754 1350 salutare
772 1306 844 1349 se
860 1281 1253 1375 dignantem
1266 1334 1283 1365 ,
1304 1280 1751 1349 oblatrantem
1769 1285 1971 1351 etiam
1983 1288 2210 1353 nescio
2225 1283 2390 1380 quid
2406 1339 2423 1368 ,

311 1395 473 1460 satis
496 1390 733 1459 habuit
754 1393 991 1458 Canem
1013 1390 1381 1484 appellare.
1921 1392 1926 1398 ’

320 1588 331 1599 ο
408 1508 585 1571 XIV.
636 1504 1073 1571 Offensarum
1093 1504 1732 1597 inimicitiarumque
1747 1505 2024 1571 minime
2040 1528 2301 1575 memor
2319 1530 2428 1575 ex-

310 1630 694 1698 secutorve,
734 1600 980 1681 Vitellii
1018 1612 1228 1681 bostis
1267 1615 1373 1691 sui
1408 1611 1617 1680 filiam
1651 1612 2202 1706 splendidissime.
2224 1619 2428 1684 mari-

312 1730 481 1795 tavit
496 1739 511 1765 ·
532 1780 552 1811 ,
573 1726 965 1821 dotavitque
984 1728 1188 1793 etiam
1208 1740 1277 1792 et
1292 1727 1632 1793 instruxit.
1653 1724 2024 1819 Trepidum
2044 1750 2202 1794 eum
2217 1730 2427 1795 inter-

313 1840 493 1919 dicta
518 1839 676 1908 aula
704 1838 831 1907 sub
860 1843 1161 1921 Nerone,
1196 1854 1780 1934 quaerentemque,
1809 1838 2139 1934 quidnam
2165 1856 2427 1934 ageret,

311 1966 434 2018 aut
456 1973 594 2045 quo
618 1948 834 2018 abiret
848 2002 865 2031 ,
893 1948 1171 2044 quidam
1196 1973 1278 2017 ex
1296 1948 1519 2017 officio
1542 1948 1967 2020 admissionis
1987 1950 2189 2019 simul
2209 1952 2431 2047 expel-

314 2060 465 2129 lens
480 2114 498 2146 ,
524 2092 551 2121 a
568 2060 753 2128 abire
774 2061 1203 2129 Morbouiam
1220 2092 1246 2121 υ
1264 2056 1620 2154 jusserat2.
1647 2067 1726 2128 In
1745 2060 1930 2130 hunc
1942 2080 2179 2157 postea
2192 2061 2430 2158 depre-

388 2300 443 2368 4.
484 2300 773 2365 Clausala-,-
804 2301 917 2355 scil.
956 2300 1326 2375 querelarum,

316 2383 425 2433 nisi
436 2380 806 2452 corrigendum
824 2400 945 2433 cum
960 2381 1176 2434 Dukero
1187 2380 1329 2433 clau-

312 2458 522 2526 sulam,
551 2457 695 2531 quod
728 2458 1086 2532 probaverunt
1120 2461 1325 2514 Erat-st.

316 2554 370 2595 et
394 2540 741 2614 Oudendorp.

394 2623 445 2675 5.
480 2622 597 2694 qu
630 2634 805 2675 tamen
829 2621 912 2673 vir
932 2639 1084 2683 sum3
1113 2638 1223 2672 nou
1252 2619 1331 2672 fe-

318 2702 493 2766 mina,
514 2713 574 2752 ut
588 2701 869 2753 Mucianus
885 2739 901 2765 ,
920 2697 1199 2751 muliebria
1217 2715 1332 2770 pas-

316 2797 431 2832 sus.
460 2780 613 2831 Notae
644 2780 784 2830 enim
822 2791 931 2832 erat
968 2777 1329 2850 impudicitioe.

317 2859 403 2912 Cf.
423 2857 491 2909 ad
505 2859 631 2910 (ἔως.
654 2859 741 2928 49.
764 2858 943 2909 Aurei.
960 2858 1167 2926 Victor,
1184 2859 1327 2930 Epir.

318 2953 383 3007 9,
418 2959 443 2983 e
459 2937 613 2989 Nosti
634 2955 717 2988 me
737 2939 903 2988 virum
928 2953 1060 2988 esse.
1083 2959 1105 2984 n

334 3034 344 3044 ·
395 3015 447 3067 6.
464 3015 791 3068 Demetrium
806 3015 1055 3086 Cynicum
1067 3036 1087 3077 ,-
1103 3014 1332 3086 quicum

317 3092 613 3166 Apollonio
643 3093 866 3144 Romam
896 3105 1109 3144 venerat
1141 3092 1340 3144 Corin-

320 3172 439 3224 tho.
465 3171 599 3224 vide
618 3173 686 3226 de
708 3190 772 3226 eo
792 3173 1016 3246 Reimar.
1044 3171 1113 3224 ad
1133 3171 1331 3244 Xiphil.

318 3251 516 3319 val,
548 3251 628 3304 13.

338 3363 345 3368 -
398 3348 449 3400 7.
468 3332 593 3384 Post
606 3329 1015 3382 damnationem.
1032 3332 1109 3382 Ita
1120 3331 1333 3381 Memm.

321 3423 379 3464 et
408 3410 537 3463 boni
560 3408 733 3462 codd.
765 3427 969 3462 omnes.
994 3409 1077 3462 Al.
1098 3421 1215 3482 post
1241 3409 1337 3462 do-

320 3491 701 3556 minationem,
732 3487 878 3562 quod
898 3491 981 3541 vix
1003 3489 1186 3542 credas
1204 3491 1337 3543 Sue-

320 3572 537 3622 tonium
564 3569 757 3622 dixisse
781 3586 880 3640 pro
904 3580 1024 3641 post
1047 3580 1337 3642 susceptum

323 3650 635 3723 imperium,
662 3662 715 3702 et
743 3650 789 3700 si
816 3648 897 3700 vel
928 3649 1152 3700 maxime
1176 3649 1341 3700 ferret

320 3732 613 3796 Latinitas,
638 3727 768 3780 addi
786 3746 895 3779 non
920 3747 1057 3800 opus
1084 3743 1222 3795 erat,
1244 3727 1339 3780 ubi

324 3810 395 3861 de
428 3810 679 3881 Principe
699 3809 1028 3879 Vespasiano
1052 3809 1340 3859 continuus

288 3885 303 3892 ”
324 3907 524 3940 sermo.
570 3887 897 3938 Damnatum
946 3885 1075 3937 dicit
1120 3885 1339 3938 Sueton.

326 3983 491 4038 quem
506 3965 866 4036 Vespasianus
882 3966 1245 4016 consentiente
1265 3983 1344 4017 se-

325 4057 462 4096 natu
492 4041 817 4113 relegaverat
848 4042 906 4094 in
938 4041 1167 4108 insulas,
1194 4040 1341 4114 quod

326 4123 632 4193 Principem
658 4133 1051 4194 aspernaretur.
1082 4121 1213 4174 Vide
1247 4123 1345 4174 xi·

328 4201 460 4274 phil.
488 4200 526 4252 1.
546 4219 597 4252 c.
623 4201 841 4271 quinon
865 4201 1039 4272 ipsum
1060 4201 1343 4271 Vespasia-

1417 2319 1546 2354 num
1575 2302 1768 2353 Canem
1793 2320 1976 2354 coram
2005 2300 2198 2354 dixisse
2219 2301 2430 2369 scribit,

1419 2381 1511 2434 sed
1542 2383 1766 2453 jussisse
1802 2402 1899 2455 per
1937 2383 2098 2435 alium
2128 2384 2430 2435 convicium

1418 2462 1467 2514 ei
1491 2461 1676 2534 ingeri.
1703 2463 1827 2515 Haec
1850 2477 2026 2515 autem
2053 2480 2218 2534 quum
2248 2461 2318 2514 ad
2341 2462 2430 2515 hi-

1419 2541 1639 2592 storiam
1677 2539 1832 2593 nihili
1867 2542 2007 2608 siut,
2041 2543 2231 2614 saepius
2259 2540 2433 2613 negli-

1417 2621 1608 2690 gimus.

1490 2700 1626 2753 xlv.
1659 2715 1706 2751 t.
1735 2697 2005 2754 Vitellii...
2011 2695 2195 2772 filiam
2210 2697 2434 2772 splendi-

1420 2777 1626 2832 dissime
1657 2777 1952 2842 maritavit,
1988 2791 2086 2829 etc.
2125 2777 2308 2831 Aurel.
2342 2779 2433 2830 Vi-

1420 2872 1558 2926 ctor,
1581 2857 1720 2928 Epit.
1751 2875 1814 2928 9,
1848 2880 1871 2903 a
1891 2859 2060 2928 Hujus
2087 2857 2227 2910 inter
2253 2871 2434 2912 cetera

1419 2935 1564 2988 bona
1581 2935 1714 2987 illud
1732 2933 2004 3006 *singulare
2019 2937 2121 2987 fuit
2135 2939 2435 2990 iuimicitias

1422 3013 1691 3079 oblivisci,
1728 3012 1892 3079 adeo,
1931 3025 1990 3064 ut
2029 3013 2228 3067 Vitellii
2264 3014 2434 3068 hostis

1422 3095 1505 3146 sui
1534 3093 1693 3145 filiam
1722 3092 2140 3165 locupletissime
2167 3093 2435 3162 dotatam,

1424 3169 1854 3244 splendidissimo
1880 3175 2231 3244 conjungeret
2252 3173 2382 3224 viro.
2405 3195 2429 3220 n

1422 3255 1761 3325 Desponsata
1789 3253 1960 3305 fuerat
1987 3271 2017 3304 a
2043 3267 2198 3324 patre
2221 3252 2434 3306 Vitellio

1428 3331 1642 3388 Valerio
1656 3331 1904 3398 Asiatico,
1915 3331 2136 3404 Belgicae
2154 3333 2436 3403 provincie

1425 3409 1653 3480 Legae,
1678 3423 1738 3461 ut
1761 3424 1938 3462 nan-at
1955 3412 2125 3464 Tacit.
2146 3413 2195 3478 1,
2221 3411 2316 3481 59,
2346 3411 2438 3484 qui

1427 3491 1722 3542 Asiaticum
1737 3503 1798 3541 ut
1806 3488 2090 3543 Consulem
2103 3490 2438 3562 designatum

1428 3572 1620 3622 iterum
1640 3581 1897 3620 memorat
1912 3570 2001 3634 lv,
2023 3568 2074 3636 4.
2092 3571 2174 3621 Δη
2189 3568 2314 3622 huic
2335 3587 2441 3620 ma-

1428 3651 1533 3700 rito
1563 3665 1680 3699 eam
1707 3645 1911 3699 dederit
1939 3648 2324 3720 Vespasianus,
2351 3649 2438 3700 in-

1429 3739 1658 3788 certum;
1679 3745 1706 3778 e
1726 3743 1920 3797 genere
1939 3729 2172 3798 equestri
2191 3729 2438 3779 maritum

1429 3808 1594 3859 fuisse
1614 3824 1642 3858 e
1660 3807 1875 3858 Victore
1892 3805 2443 3878 apparete-Dolum}-

1430 3905 1587 3958 que...
1623 3897 1674 3937 et
1709 3884 1969 3937 instruxit.
2006 3884 2145 3937 lllud
2180 3883 2247 3937 ad
2281 3903 2440 3957 pecu·

1429 3965 1601 4027 niam,
1643 3962 1784 4016 dotis
1825 3960 1949 4014 loco
1982 3962 2187 4032 datam,
2222 3963 2328 4016 hoc
2370 3962 2440 4014 ad

1430 4039 1815 4112 supellectilem
1843 4051 1898 4090 et
1926 4039 2326 4094 instrumentum
2349 4040 2444 4094 do·-

1430 4120 1708 4172 mesticum
1736 4119 1982 4189 pertinet.

1505 4217 1556 4252 2.
1581 4198 1737 4250 Abire
1755 4199 2086 4252 Morbouiam
2096 4200 2330 4270 jusserat.
2357 4200 2442 4256 Cf.
