3050 5004
660 473 783 539 DE
834 472 1273 539 [LLUSTR.
1316 472 1704 539 GRAMM.
1755 476 2060 541 maan.
2279 482 2412 565 4²9

306 628 421 673 sos
436 654 455 687 ,
494 602 787 671 alterum
820 600 1155 670 breviario
1189 614 1417 669 rerum
1454 602 1763 669 omnium
1801 606 2258 670 Romanarum
2276 656 2294 687 ‚
2331 627 2416 673 ex

308 716 557 811 quibus
573 769 591 799 ,
612 738 783 811 quas
801 713 1035 797 vellet,
1058 712 1334 807 eligeret
1346 766 1365 797 ‚
1385 716 1732 799 instruxit3
1751 713 2044 782 alterum
2061 720 2418 811 praeceptis

308 824 396 895 de
428 828 692 895 ratione
722 823 1079 893 scribendi.
1114 828 1268 911 Quo
1301 826 1515 917 magis
1547 826 1796 907 miror,
1831 826 2139 893 Asinium
2173 826 2418 895 Pollio·

306 961 469 1005 nem
510 934 917 1015 credidisse,
962 938 1239 1029 antiqua
1287 957 1445 1001 eum
1487 934 1692 1002 verba
1735 948 1804 1000 et
1844 934 2096 1027 figuras
2141 938 2415 1005 solitum

308 1070 459 1116 esse
482 1044 797 1139 colligere
820 1042 1163 1140 Sallustio:
1192 1066 1408 1139 quum
1432 1043 1561 1111 sibi
1585 1045 1752 1111 sciat
1771 1042 1868 1111 nil
1890 1046 2080 1116 aliud
2103 1049 2419 1132 suadere,
2501 1114 2505 1121 .

308 1182 519 1254 quam
542 1173 623 1225 ut
647 1172 813 1226 noto
838 1157 1157 1252 civilique
1185 1172 1253 1224 et
1279 1158 1557 1250 proprio
1587 1180 1899 1225 sermone
1921 1176 2154 1228 utatur
2172 1213 2190 1243 ,
2225 1164 2418 1230 vitet-

306 1294 447 1365 que
472 1271 765 1338 maxime
783 1268 1265 1338 obscuritatem
1288 1265 1614 1351 Sallustii,
1639 1284 1708 1336 et
1725 1267 2078 1339 audaciam
2103 1274 2175 1340 in
2197 1288 2419 1341 trans-

306 1378 696 1451 lationibus.

402 1498 520 1560 XI.
571 1498 900 1561 VALmuus
931 1498 1144 1575 CATO,
1181 1507 1260 1559 ut
1288 1490 1604 1561 nonnulli
1633 1493 2095 1583 tradiderunt,
2137 1498 2421 1564 Burseni

310 1602 673 1698 cujusdam
696 1604 1014 1687 libertus,
1048 1628 1132 1674 ex
1158 1603 1415 1673 Gallia:
1450 1607 1597 1697 ipse
1625 1604 1855 1673 libello
1875 1658 1892 1687 ,
1922 1609 2030 1673 cui
2058 1623 2160 1675 est
2182 1607 2420 1677 titulus

308 1718 718 1809 Indiqnatio‚
740 1720 1115 1810 ingenuum
1137 1740 1210 1785 se
1230 1730 1467 1784 natum
1490 1719 1610 1797 ait,
1635 1733 1701 1784 et
1719 1714 2062 1810 pupillum
2079 1718 2388 1786 relictum
2403 1772 2422 1803 ,

312 1850 533 1923 eoque
567 1828 830 1896 facilius
858 1828 1129 1897 licentia
1150 1826 1409 1897 Sullani
1438 1830 1762 1921 temporis
1795 1844 2076 1896 exutum
2103 1832 2424 1922 patrimo-

310 1939 449 2007 nio.
484 1940 732 2007 Docuit
760 1937 1014 2007 multos
1036 1990 1053 2021 ,
1088 1954 1156 2007 et
1186 1936 1479 2007 nobiles:
1516 1941 1842 2034 visusque
1878 1954 1983 2007 est
2011 1940 2420 2034 peridoneus

310 2067 725 2143 praeceptor,
750 2052 1044 2119 maxime
1065 2050 1155 2119 ad
1180 2052 1516 2145 poeticam
1538 2050 1974 2120 tendentibus
1992 2106 2012 2137 ,
2041 2068 2120 2120 ut
2145 2052 2420 2147 quidem

312 2182 641 2254 apparere
663 2158 773 2228 vel
796 2159 903 2227 his
929 2158 1282 2229 versiculis
1304 2176 1562 2254 potest:

594 2302 750 2364 Cato
775 2304 1261 2380 GrammaticuS,
1290 2304 1515 2365 Latina
1541 2306 1746 2381 Siren,

596 2403 725 2481 Qui
753 2402 923 2463 solus
948 2402 1102 2484 legit
1118 2414 1135 2445 ¹
1152 2448 1169 2479 ,
1200 2424 1270 2463 ac
1296 2402 1449 2463 facit
1472 2416 1702 2487 poetas.

314 2541 594 2633 Scripsit
628 2558 877 2635 praeter
910 2545 1385 2634 grammaticos
1422 2540 1687 2610 libellos
1723 2542 1927 2609 etiam
1956 2560 2298 2635 poemata,
2339 2565 2422 2609 ex

312 2649 563 2745 quibus
585 2652 927 2745 praecipue
950 2647 1327 2745 probantur
1346 2652 1562 2743 Lydia
1585 2665 1655 2720 et
1675 2653 1913 2720 Diana.
1943 2653 2166 2742 Lydioe
2185 2651 2422 2720 Ticida

310 2762 658 2829 meminit:

598 2899 787 2982 Iffdia
814 2899 1140 2962 doctorum
1168 2899 1437 2959 maxima
1462 2921 1611 2960 cura
1639 2899 1816 2959 liber.

314 3033 549 3100 Dianoe
568 3037 783 3103 Cinna
803 3062 817 3101 ε

599 3178 813 3240 secula
842 3191 1201 3263 permaneat
1232 3181 1431 3240 nostri
1459 3182 1666 3240 Diana
1693 3181 1962 3240 Catonis.

315 3315 504 3380 Vixit
540 3312 629 3382 ad
664 3331 1037 3384 extremam
1074 3332 1417 3385 senectam
1438 3367 1455 3400 ‚
1495 3315 1616 3384 sed
1652 3317 1725 3381 in
1761 3337 2030 3382 summa
2065 3315 2387 3406 pauperie
2407 3365 2424 3394 ,

319 3441 391 3494 et
436 3450 632 3518 paene
676 3430 941 3523 inopia,
988 3427 1258 3496 abditus
1310 3426 1579 3495 modico
1623 3427 2014 3518 *gurgustim
2065 3439 2426 3519 postquam

316 3537 707 3607 Tusculana
743 3539 903 3608 villa
945 3535 1391 3608 creditoribus
1426 3551 1722 3605 cesserat
1741 3587 1758 3618 ,
1799 3552 1880 3602 ut
1913 3549 2150 3604 auctor
2179 3550 2289 3600 cst
2324 3535 2428 3598 Bi-

316 3647 636 3718 baculus:

604 3795 665 3853 Si
692 3793 833 3877 quis
862 3794 1026 3856 forte
1056 3797 1178 3856 mei
1205 3793 1464 3856 domum
1492 3791 1778 3865 Catonis,

604 3891 893 3974 Depictas
921 3892 1121 3954 minio
1151 3891 1417 3968 assulas,
1446 3903 1507 3951 et
1533 3888 1675 3950 illos

394 4103 485 4155 XI·
532 4120 577 4154 ι.
618 4104 723 4174 Qui
756 4104 891 4158 solus
924 4103 1079 4180 leqst,
1106 4123 1169 4158 ac
1191 4103 1339 4174 facit
1425 4113 1548 4167 cat,
1579 4099 1956 4172 auditoresque
1975 4095 2300 4150 lectionibus
2329 4096 2439 4146 suis

316 4193 527 4253 poeta„
545 4193 733 4253 poetas
753 4179 1335 4256 interpretatur‚‘expli-
1427 4191 1618 4253 poetas
1645 4181 1794 4232 facit.
