3050 5004
1084 498 1702 567 FRAGMENTA.
2311 509 2446 598 469
2533 464 2542 480 '

346 631 646 699 lanatum
687 642 884 697 metae
920 626 1173 718 figura3
1213 627 1499 719 qalermn
1520 679 1538 709 ,
1581 627 1838 721 pileum
1879 654 1960 698 ex
2001 632 2178 725 pelle
2214 635 2449 704 hostiae

344 762 555 809 caesoe.

906 938 1166 1029 Auctor
1182 940 1618 1033 Etymoloqici
1636 946 1874 1035 maqm'.

450 1114 1037 1236 Αρχολίπαρος
1054 1186 1073 1218 ,
1105 1127 1155 1207 ὁ
1180 1132 1532 1235 λιπαρῶν
1553 1124 1696 1209 ἵνα
1717 1130 1984 1234 ἀρχῆς
2007 1128 2244 1245 τύχῃ,
2279 1134 2333 1213 ὁ
2357 1134 2448 1211 ἐκ

339 1254 492 1334 τοῦ
520 1248 801 1359 ἄρχειν
830 1251 1426 1353 λιπαινόμενος.
1465 1246 1676 1331 οὕτω
1703 1250 2240 1359 Τράγκυλλος
2263 1254 2446 1362 περὶ

343 1379 886 1485 βλασφημιῶν.

462 1716 465 1720 ¹
594 1635 690 1687 nn
740 1614 1255 1688 Gnim‘rxms
1306 1634 1397 1686 ET
1448 1618 1908 1691 anomnns
1962 1636 2171 1691 unm.

344 1810 429 1876 D.
460 1808 923 1899 Hieronymus,
961 1812 1031 1873 in
1052 1810 1420 1901 prcefixtione
1448 1810 1742 1904 Cataloqi
1760 1811 2146 1905 Scriptorum
2165 1814 2446 1881 ecclesia-

1227 1922 1544 1988 sticorum.

433 2108 767 2188 HortariS,
806 2108 1071 2187 Dexter,
1112 2120 1191 2172 ut
1224 2106 1703 2202 Tranquillum
1740 2130 2070 2203 sequens,
2087 2109 2443 2178 Ecclesia-

340 2220 539 2285 sticos
568 2218 927 2309 scriptores
955 2215 1029 2285 in
1055 2213 1365 2285 ordinem
1386 2214 1718 2308 digeram·
1745 2234 1814 2285 et
1837 2217 2020 2312 quod
2047 2217 2202 2287 ille
2184 2244 2255 2286 m
2279 2244 2443 2287 enu-

340 2326 676 2396 merandis
712 2325 1060 2395 literarum
1092 2328 1253 2395 viris
1288 2324 1446 2448 fecit
1476 2324 1884 2409 illustribus,
1920 2350 2049 2419 ego
2086 2330 2158 2393 in
2193 2330 2441 2397 nostris

340 2438 597 2507 faciam.

803 2633 979 2699 Idem
992 2683 1010 2715 ‚
1036 2636 1109 2698 in
1130 2633 1419 2727 Epistola
1438 2631 1530 2699 ad
1547 2631 1966 2698 Desidet-iton.

368 2767 372 2772 -
434 2821 681 2912 Scripsi
718 2817 971 2887 librum
1008 2818 1095 2888 de
1128 2819 1502 2888 illustribus
1530 2819 1692 2888 viris
1726 2817 1814 2888 ab
1848 2817 2188 2912 Apostolis
2223 2769 2443 2915 usque

340 2927 429 2998 ad
454 2945 759 3000 nostram
790 2945 1089 3015 aetatem,
1127 2933 1427 3000 imitatus
1451 2928 1960 3024 Tranquillum,
1994 2933 2444 3027 Graecumque

340 3040 794 3136 Apollonium.

1002 3271 1097 3324 Ex
1150 3269 1371 3324 umus
1424 3268 1771 3323 INCEBTIS.

770 3443 1179 3526 Censorinus,
1204 3445 1280 3510 de
1302 3441 1534 3508 Natali
1551 3444 1707 3523 Die,
1732 3465 1866 3534 cap.
1899 3465 2006 3508 20.

435 3633 709 3694 Annum
747 3645 1121 3698 vertentem
1161 3633 1391 3696 Romae
1426 3629 1726 3695 Licinius
1765 3623 2040 3722 quidem
2081 3629 2342 3709 Macer,
2380 3646 2447 3693 et

340 3754 575 3832 postea
624 3739 1001 3809 Fenestella
1051 3744 1277 3809 statim
1328 3737 1414 3808 ab
1466 3740 1658 3807 initio
1705 3736 2062 3808 duodecim
2110 3739 2446 3806 mensium

340 3850 553 3920 fuisse
576 3856 1024 3946 scripserunt3
1052 3852 1173 3921 sed
1194 3854 1407 3944 magis
1432 3855 1470 3920 J
1474 3851 1639 3920 unio
1661 3849 2054 3922 Gracchano
2069 3903 2088 3935 ‚
2119 3866 2186 3918 et
2207 3847 2444 3917 Fulvio

343 3965 632 4029 Varroni
650 4015 669 4047 ,
720 3980 789 4032 et
832 3965 1149 4034 Suetonio
1202 3962 1489 4060 aliisque
1539 3960 1954 4033 credendum
1972 4013 1991 4045 ,
2049 3964 2168 4056 qui
2211 3958 2446 4028 decem

344 4075 682 4142 mensium
710 4091 1125 4167 putaverunt
1149 4074 1358 4144 fuisse
1378 4126 1395 4157 ,
1434 4089 1514 4143 ut
1540 4063 1704 4142 tunc
1733 4073 2006 4142 Albanis
2043 4087 2188 4140 erat
2205 4123 2224 4154 ,
2263 4069 2446 4140 unde

346 4185 476 4254 orti
506 4188 811 4254 Romani.
