3050 5004
1001 501 1640 569 noMrrlAmus.
2239 505 2380 595 ³93·

276 653 465 698 ream
504 625 709 696 modo
744 627 1123 720 Capitolino
1163 630 1315 698 Jovi
1352 625 1642 695 retulit7.
1682 623 1940 696 Bellum
1982 625 2204 712 civile,
2241 653 2377 697 mo-

274 757 425 809 tum
460 766 503 809 a
532 744 609 806 L.
652 737 1015 823 Antonio⁸,
1054 741 1419 832 superioris
1451 741 1831 808 Germaniae
1863 738 2154 808 Praeside
2175 793 2192 824 ,
2225 763 2380 809 con·

273 851 433 919 fecit
454 850 727 934 absens,
752 848 1069 918 felicitate
1092 853 1265 918 mira
1279 901 1297 932 ‚
1322 873 1535 944 quum
1559 855 1706 943 ipsa
1733 849 2183 918 dimicationis
2205 849 2386 918 hora·

274 957 616 1028 resolutus
657 975 935 1051 repente
974 957 1249 1026 Rhenus
1298 961 1696 1027 transituras
1735 959 1825 1028 ad
1866 962 2236 1027 Antonium
2275 983 2381 1028 co-

273 1074 423 1164 pias
457 1070 903 1140 barbarorum
938 1068 1363 1137 inhibuisset.
1404 1074 1503 1137 De
1541 1093 1676 1163 qua
1713 1071 1994 1138 victoria
2027 1072 2376 1162 praesagiis

274 1186 467 1276 prius
487 1235 504 1266 ,
528 1206 735 1276 quam
756 1184 1022 1250 nunciis
1039 1235 1056 1264 ,
1083 1183 1433 1274 comperit.
1460 1180 1802 1275 Siquidem
1826 1185 1974 1275 ipso
1989 1233 2007 1265 ,
2032 1205 2169 1276 quo
2191 1179 2386 1250 dimi-¹

274 1311 504 1364 catum
535 1311 709 1379 erat,
745 1291 885 1377 die,
920 1309 1214 1362 statuam
1248 1291 1395 1388 ejus
1428 1297 1660 1360 Romae
1692 1295 1973 1385 insignis
2005 1292 2232 1387 aquila
2259 1295 2382 1360 cir-

274 1403 633 1496 cumplexa
663 1407 937 1496 pennis,
972 1403 1317 1496 clangores
1346 1403 1727 1472 laetissimos
1761 1401 2000 1471 edidit:
2036 1401 2378 1498 pauloque

273 1531 467 1609 post,
502 1518 798 1584 occisum
832 1518 1230 1599 Antonium,
1264 1513 1433 1582 adeo
1466 1513 1818 1608 vulgatum
1850 1525 2031 1598 est9‚
2067 1530 2143 1581 ut
2171 1530 2386 1606 caput

274 1649 550 1721 quoque
586 1622 732 1718 ejus
774 1641 1203 1718 apportatum
1238 1622 1486 1693 vidisse
1524 1648 1598 1693 se
1617 1676 1635 1708 ,
1674 1623 1984 1719 plerique
2023 1621 2384 1692 contende:

271 1752 448 1804 rent.

368 1850 519 1914 VII.
546 1831 765 1914 Multa
788 1849 991 1914 etiam
1008 1850 1079 1913 in
1103 1850 1448 1916 communi
1472 1871 1702 1915 rerum
1721 1869 1852 1915 usu
1871 1848 2163 1914 novavit.
2187 1847 2378 1938 Spor-

270 1955 455 2028 tulas
477 1955 784 2050 publicas
808 1956 1085 2026 sustulit
1099 2010 1117 2041 ,
1145 1974 1457 2026 revocata
1482 1974 1824 2028 rectarum
1849 1980 2195 2026 coenarum
2219 1980 2378 2024 con-

273 2069 635 2137 suetudine
654 2085 671 2116 ¹
685 2123 699 2136 .
754 2075 934 2138 Duas
984 2069 1413 2139 Circensibus
1458 2093 1742 2162 gregum
1789 2069 2114 2142 factiones
2157 2071 2378 2136 aurati

271 2181 739 2273 purpureique
772 2182 981 2272 panni
1017 2178 1105 2247 ad
1139 2197 1430 2276 quatuor
1461 2182 1782 2272 pristinas
1814 2175 2073 2248 addidit
2089 2195 2136 2246 ².
2169 2182 2378 2245 Inter-

272 2286 445 2357 dixit
482 2289 923 2360 histrionibus
966 2315 1272 2375 scenam,
1318 2293 1496 2359 intra
1539 2289 1823 2366 domum
1873 2285 2148 2385 quidem
2194 2312 2378 2356 exer-

272 2530 395 2594 riae,·
412 2552 435 2577 ο
461 2542 511 2582 et
529 2548 650 2602 cap.
678 2547 761 2602 17,
786 2531 1023 2585 «Videor
1034 2534 1145 2603 jam
1164 2550 1283 2585 cer-

269 2629 402 2665 nere
431 2629 541 2669 non
568 2609 751 2687 spoliis
774 2612 1167 2684 provinciarum
1184 2650 1203 2678 ‚
1232 2623 1285 2665 et

271 2700 475 2745 extorto
508 2690 657 2743 sociis
680 2708 842 2759 auro,
878 2690 972 2745 sed
999 2691 1283 2745 hostilibus

272 2770 461 2833 armis,
500 2781 889 2841 captorumque
922 2789 1106 2842 regum
1140 2784 1283 2823 cate-

270 2848 355 2898 nis
398 2846 719 2918 triumphum
759 2867 995 2922 qravem.
1014 2872 1037 2897 ι
1078 2851 1281 2901 Tamen

270 2924 361 2977 hic
384 2924 690 2997 triumphus
713 2940 995 2997 poetarum
1018 2926 1281 2980 adulatio-

270 3008 357 3072 ni,
394 3018 456 3057 ut
484 3004 651 3071 solet,
684 3006 891 3078 largam
926 3006 1283 3079 suppeditavit

270 3086 569 3138 materiam.
621 3085 754 3138 Vide
813 3086 1041 3153 Martini.
1097 3088 1278 3159 Epigr.

268 3166 417 3229 vm,
441 3161 539 3224 65;
570 3164 698 3217 Stat.
732 3164 852 3217 silv.
878 3168 933 3232 1,
970 3184 989 3219 1
1021 3178 1074 3217 et
1096 3166 1156 3233 43
1181 3167 1279 3234 ΙΙΙ,

272 3241 337 3305 33
372 3243 465 3308 IV,
505 3260 524 3295 ι
556 3255 609 3295 et
638 3261 685 3295 2.
710 3244 1003 3317 Dictusque
1040 3242 1164 3297 inde
1200 3257 1281 3297 est

268 3321 609 3375 Domitianus
624 3322 849 3375 German
856 3323 963 3375 icus
971 3334 1021 3374 et
1028 3324 1279 3386 Dacicus,-

270 3399 403 3452 Stat.
420 3398 524 3450 loc.
541 3399 633 3451 cit.
646 3400 889 3453 Juvenal.
906 3401 1011 3454 Sat.
1031 3402 1099 3451 vl
1110 3438 1127 3469 ,
1150 3402 1280 3469 205,

268 3476 367 3529 ubi
386 3475 507 3529 vide
528 3478 749 3549 interpr.

346 3572 400 3625 7.
428 3556 741 3608 Lauream...
770 3556 961 3609 retulit.
983 3556 1065 3609 Cf.
1086 3554 1154 3610 ad
1172 3558 1281 3609 Ne-

268 3654 391 3689 ron.
418 3655 536 3709 cap.
570 3638 659 3700 133
688 3637 907 3708 interpr.
935 3638 1005 3690 ad
1022 3636 1150 3691 Plin.
1176 3638 1279 3690 Pas

268 3732 452 3787 negyr.
474 3717 507 3769 8
524 3751 542 3781 ‚
568 3728 620 3767 et
638 3712 709 3768 ad
729 3714 873 3767 bunc
890 3714 993 3767 loc.

344 3794 397 3848 8.
427 3792 715 3846 Bellum...
741 3804 942 3845 motum
970 3811 1002 3842 a
1024 3793 1085 3844 L.
1108 3790 1281 3845 Anto-

268 3874 395 3935 m⁰03
424 3874 486 3924 A.
510 3874 577 3925 U.
604 3871 737 3940 844,
771 3884 831 3924 ut
859 3871 1017 3924 docet
1046 3873 1275 3924 Reimar-

266 3951 341 4005 ad
360 3951 560 4024 xiphil.
580 3952 794 4019 LXVII,
821 3968 840 4003 ι
856 3970 902 4018 1,
924 3964 1037 4004 not.
1056 3952 1147 4005 62.
1166 3950 1280 4004 An-

270 4032 475 4085 tonitam
497 4031 845 4084 Saturninum
866 4033 1078 4104 integro
1101 4032 1277 4083 nomi-

1377 2549 1395 2584 ι
1412 2548 1433 2583 ι
1456 2550 1471 2583 e
1507 2552 1530 2577 ι
1550 2532 1644 2583 His
1669 2534 1786 2602 ejus
1803 2530 2036 2597 saeviffis,
2061 2547 2125 2582 ac
2153 2531 2377 2582 maxime

1367 2612 1564 2682 injuria
1589 2610 1870 2663 verborum
1885 2648 1904 2677 ,
1929 2628 2034 2681 qua
2061 2626 2118 2661 se
2141 2621 2377 2660 scortum

1368 2692 1550 2743 vocari
1565 2689 1801 2756 dolebat,
1817 2706 2074 2741 accensus
2089 2688 2376 2753 Antonius,

1370 2788 1564 2830 curans
1616 2769 1952 2822 Germaniam
2007 2768 2337 2839 superiorem
2357 2804 2376 2833 ,

1368 2851 1649 2921 imperium
1674 2850 1953 2919 corripuit.
1977 2848 2100 2915 Quo
2123 2866 2223 2919 per
2243 2846 2379 2897 Nor-

1367 2928 1572 2981 banum
1589 2930 1825 3001 Appium
1843 2930 1959 2980 acie
1977 2939 2147 2980 strato
2159 2963 2176 2994 ,
2198 2926 2380 2978 Domi-

1370 3009 1546 3060 tianus
1565 3006 1722 3078 longe
1742 3006 1994 3073 deterior,
2019 3006 2075 3057 in
2099 3023 2262 3057 omne
2284 3003 2378 3056 ho·

1368 3089 1572 3138 minum
1601 3104 1797 3158 genus,
1827 3087 1984 3138 etiam
2021 3085 2077 3135 in
2111 3082 2271 3149 suos,
2297 3082 2379 3135 fess·

1367 3184 1547 3218 rarum
1571 3185 1719 3219 more
1741 3164 2105 3236 grassabatur.
2127 3186 2151 3211 ιι
2179 3162 2261 3214 Cf.
2285 3162 2379 3214 xi-

1367 3244 1498 3316 phil.
1516 3263 1636 3317 cap.
1657 3246 1743 3296 cit.
1763 3244 1877 3295 init.
1894 3244 1974 3295 De
1989 3242 2230 3294 Maximo
2243 3242 2378 3295 Nor·-

1369 3324 1503 3378 bano
1538 3323 1659 3376 vide
1687 3324 1844 3375 etiam
1875 3321 2100 3373 Martial.
2139 3322 2244 3387 IX,
2273 3319 2379 3382 853

1368 3402 1439 3453 cf.
1470 3398 1767 3473 Glandorp.
1791 3404 2068 3453 Onomast.
2103 3416 2226 3470 pag.
2259 3413 2376 3467 107,

1370 3495 1424 3534 et
1446 3484 1676 3534 Reimar.
1703 3480 1770 3533 ad
1799 3480 1833 3532 l.
1861 3500 1906 3532 c.

1438 3576 1490 3628 9.
1517 3560 1752 3613 Occisum
1771 3558 2094 3621 Antonium,
2115 3557 2246 3609 adeo
2265 3557 2379 3609 vul-

1361 3650 1551 3711 qatum
1597 3648 1673 3690 est
1689 3676 1706 3702 ‚
1755 3652 1856 3692 etc.
1908 3638 2064 3690 conf.
2109 3634 2375 3689 Plutarch.

1366 3716 1540 3769 AEmil.
1574 3714 1658 3770 25.

1438 3798 1552 3849 VII.
1577 3814 1622 3849 1.
1643 3796 1971 3869 Spar-tulus...
1989 3794 2376 3849 consuetudine.

1366 3876 1415 3927 A
1442 3876 1658 3927 Nerone
1687 3876 1830 3927 enim
1863 3874 2092 3948 publica·
2123 3890 2282 3927 coenoe
2307 3872 2381 3925 ad

1364 3951 1623 4025 sportulas
1681 3953 1896 4005 fuerant
1947 3952 2180 4004 redacte.
2239 3949 2380 4004 Vide

1368 4034 1566 4085 Neron.
1589 4050 1708 4104 cap.
1737 4034 1831 4099 163
1853 4032 1920 4085 cf.
1945 4030 2176 4085 Martial.
2193 4032 2374 4117 βρίθῃ

268 4128 343 4163 ne
374 4108 701 4183 appellatum
731 4110 927 4178 fuisse,
950 4110 1189 4163 videmus
1216 4128 1279 4163 ex
1337 4116 1438 4180 gv,
1462 4113 1544 4181 ιζ.
1661 4142 1671 4159 ι
1878 4137 1886 4146 ·

268 4192 501 4245 Martial.
520 4192 699 4265 Epigr.
718 4194 787 4245 1v
790 4231 807 4262 ,
828 4210 847 4245 1
865 4210 908 4247 ι.
920 4193 1120 4258 Victor,
1136 4192 1275 4264 Epit.

1442 4210 1491 4245 2.
1531 4194 1730 4249 Duas...
1761 4152 1976 4246 addidit.
2003 4193 2084 4245 cf.
2113 4141 2372 4264 {ziphaim
