<?xml version="1.0" encoding="UTF-8"?>
<!DOCTYPE html PUBLIC "-//W3C//DTD XHTML 1.0 Transitional//EN"
    "http://www.w3.org/TR/xhtml1/DTD/xhtml1-transitional.dtd">
<html xmlns="http://www.w3.org/1999/xhtml" xml:lang="en" lang="en">
 <head>
  <title>
</title>
<meta http-equiv="Content-Type" content="text/html;charset=utf-8" />
  <meta name='ocr-system' content='tesseract 3.04.00' />
  <meta name='ocr-capabilities' content='ocr_page ocr_carea ocr_par ocr_line ocrx_word'/>
</head>
<body>
  <div class='ocr_page' id='page_1' title='image "./csuetoniitranqu09suetgoog_0506.png"; bbox 0 0 3050 5004; ppageno 0'>
   <div class='ocr_carea' id='block_1_1' title="bbox 275 464 2379 799">
    <p class='ocr_par' dir='ltr' id='par_1_1' title="bbox 275 464 2379 799">
     <span class='ocr_line' id='line_1_1' title="bbox 692 464 2372 558; baseline 0.007 -28"><span class='ocrx_word' id='word_1_1' title='bbox 692 465 767 530; x_wconf 87' lang='lat' dir='ltr'><strong>C.</strong></span> <span class='ocrx_word' id='word_1_2' title='bbox 819 464 1289 531; x_wconf 83' lang='lat' dir='ltr'><strong>SUETONII</strong></span> <span class='ocrx_word' id='word_1_3' title='bbox 1338 464 1954 535; x_wconf 84' lang='lat' dir='ltr'><strong>FRAGMENTA.</strong></span> <span class='ocrx_word' id='word_1_4' title='bbox 2241 474 2372 558; x_wconf 78' lang='lat'><strong>463</strong></span> 
     </span>
     <span class='ocr_line' id='line_1_2' title="bbox 275 587 2379 693; baseline 0.004 -32"><span class='ocrx_word' id='word_1_5' title='bbox 275 590 491 661; x_wconf 84' lang='lat' dir='ltr'><strong>tribus</strong></span> <span class='ocrx_word' id='word_1_6' title='bbox 514 587 814 660; x_wconf 86' lang='lat' dir='ltr'><strong>Suetonii</strong></span> <span class='ocrx_word' id='word_1_7' title='bbox 836 588 1025 657; x_wconf 85' lang='lat' dir='ltr'><strong>libris</strong></span> <span class='ocrx_word' id='word_1_8' title='bbox 1040 641 1059 673; x_wconf 91' lang='lat'><strong>,</strong></span> <span class='ocrx_word' id='word_1_9' title='bbox 1092 613 1263 689; x_wconf 87' lang='lat' dir='ltr'><strong>quos</strong></span> <span class='ocrx_word' id='word_1_10' title='bbox 1287 588 1400 657; x_wconf 87' lang='lat' dir='ltr'><strong>ille</strong></span> <span class='ocrx_word' id='word_1_11' title='bbox 1424 592 1499 657; x_wconf 78' lang='lat' dir='ltr'><strong>de</strong></span> <span class='ocrx_word' id='word_1_12' title='bbox 1524 592 1808 683; x_wconf 69' lang='lat' dir='ltr'><strong>Reqibus</strong></span> <span class='ocrx_word' id='word_1_13' title='bbox 1835 592 2048 680; x_wconf 85' lang='lat' dir='ltr'><strong>dedit,</strong></span> <span class='ocrx_word' id='word_1_14' title='bbox 2077 600 2149 665; x_wconf 91' lang='lat' dir='ltr'><strong>in</strong></span> <span class='ocrx_word' id='word_1_15' title='bbox 2171 602 2379 693; x_wconf 88' lang='lat' dir='ltr'><strong>epito-</strong></span> 
     </span>
     <span class='ocr_line' id='line_1_3' title="bbox 276 700 2376 799; baseline 0.004 -26"><span class='ocrx_word' id='word_1_16' title='bbox 276 728 435 773; x_wconf 85' lang='lat' dir='ltr'><strong>men</strong></span> <span class='ocrx_word' id='word_1_17' title='bbox 464 704 739 795; x_wconf 79' lang='lat' dir='ltr'><strong>coegisti</strong></span> <span class='ocrx_word' id='word_1_18' title='bbox 764 716 950 771; x_wconf 78' lang='lat' dir='ltr'><strong>tanta</strong></span> <span class='ocrx_word' id='word_1_19' title='bbox 976 700 1305 793; x_wconf 60' lang='lat' dir='ltr'><strong>elegantia</strong></span> <span class='ocrx_word' id='word_1_20' title='bbox 1323 755 1342 787; x_wconf 90' lang='lat'><strong>,</strong></span> <span class='ocrx_word' id='word_1_21' title='bbox 1379 701 1566 773; x_wconf 84' lang='lat' dir='ltr'><strong>solus</strong></span> <span class='ocrx_word' id='word_1_22' title='bbox 1599 720 1676 773; x_wconf 89' lang='lat' dir='ltr'><strong>ut</strong></span> <span class='ocrx_word' id='word_1_23' title='bbox 1697 704 2160 799; x_wconf 61' lang='lat' dir='ltr'><strong>mihiyideare</strong></span> <span class='ocrx_word' id='word_1_24' title='bbox 2195 736 2376 781; x_wconf 87' lang='lat' dir='ltr'><strong>asse-</strong></span> 
     </span>
    </p>
   </div>
   <div class='ocr_carea' id='block_1_2' title="bbox 276 810 2494 909">
    <p class='ocr_par' dir='ltr' id='par_1_2' title="bbox 276 810 2494 909">
     <span class='ocr_line' id='line_1_4' title="bbox 276 810 2494 909; baseline 0.003 -27"><span class='ocrx_word' id='word_1_25' title='bbox 276 828 507 899; x_wconf 87' lang='lat' dir='ltr'><strong>cutus,</strong></span> <span class='ocrx_word' id='word_1_26' title='bbox 550 810 737 909; x_wconf 84' lang='lat' dir='ltr'><strong>quod</strong></span> <span class='ocrx_word' id='word_1_27' title='bbox 786 828 1020 881; x_wconf 84' lang='lat' dir='ltr'><strong>contra</strong></span> <span class='ocrx_word' id='word_1_28' title='bbox 1067 830 1383 881; x_wconf 85' lang='lat' dir='ltr'><strong>naturam</strong></span> <span class='ocrx_word' id='word_1_29' title='bbox 1433 829 1572 897; x_wconf 87' lang='lat' dir='ltr'><strong>est,</strong></span> <span class='ocrx_word' id='word_1_30' title='bbox 1627 814 1920 886; x_wconf 76' lang='lat' dir='ltr'><strong>brevitas</strong></span> <span class='ocrx_word' id='word_1_31' title='bbox 1965 835 2044 887; x_wconf 88' lang='lat' dir='ltr'><strong>ut</strong></span> <span class='ocrx_word' id='word_1_32' title='bbox 2090 821 2378 893; x_wconf 81' lang='lat' dir='ltr'><strong>obscura</strong></span> <span class='ocrx_word' id='word_1_33' title='bbox 2481 873 2494 889; x_wconf 92' lang='lat'>.</span> 
     </span>
    </p>
   </div>
   <div class='ocr_carea' id='block_1_3' title="bbox 274 924 1941 1023">
    <p class='ocr_par' dir='ltr' id='par_1_3' title="bbox 274 924 1941 1023">
     <span class='ocr_line' id='line_1_5' title="bbox 274 924 1941 1023; baseline 0.002 -29"><span class='ocrx_word' id='word_1_34' title='bbox 274 950 411 994; x_wconf 90' lang='lat' dir='ltr'><strong>non</strong></span> <span class='ocrx_word' id='word_1_35' title='bbox 449 940 649 994; x_wconf 90' lang='lat' dir='ltr'><strong>esset.</strong></span> <span class='ocrx_word' id='word_1_36' title='bbox 688 929 772 993; x_wconf 90' lang='lat' dir='ltr'><strong>In</strong></span> <span class='ocrx_word' id='word_1_37' title='bbox 806 924 913 993; x_wconf 90' lang='lat' dir='ltr'><strong>his</strong></span> <span class='ocrx_word' id='word_1_38' title='bbox 952 925 1263 993; x_wconf 82' lang='lat' dir='ltr'><strong>versibus</strong></span> <span class='ocrx_word' id='word_1_39' title='bbox 1296 948 1419 1019; x_wconf 79' lang='lat' dir='ltr'><strong>ego</strong></span> <span class='ocrx_word' id='word_1_40' title='bbox 1454 927 1585 993; x_wconf 86' lang='lat' dir='ltr'><strong>ista</strong></span> <span class='ocrx_word' id='word_1_41' title='bbox 1620 932 1941 1023; x_wconf 75' lang='lat' dir='ltr'><strong>cognovi:</strong></span> 
     </span>
    </p>
   </div>
   <div class='ocr_carea' id='block_1_4' title="bbox 390 1120 2040 1597">
    <p class='ocr_par' dir='ltr' id='par_1_4' title="bbox 390 1120 2040 1597">
     <span class='ocr_line' id='line_1_6' title="bbox 390 1120 1947 1205; baseline 0.003 -22"><span class='ocrx_word' id='word_1_42' title='bbox 390 1124 833 1205; x_wconf 83' lang='lat' dir='ltr'><strong>Europamque</strong></span> <span class='ocrx_word' id='word_1_43' title='bbox 855 1120 1184 1203; x_wconf 81' lang='lat' dir='ltr'><strong>Asiamque</strong></span> <span class='ocrx_word' id='word_1_44' title='bbox 1206 1120 1331 1183; x_wconf 92' lang='lat' dir='ltr'><strong>duo</strong></span> <span class='ocrx_word' id='word_1_45' title='bbox 1352 1120 1451 1182; x_wconf 83' lang='lat' dir='ltr'><strong>vel</strong></span> <span class='ocrx_word' id='word_1_46' title='bbox 1474 1124 1749 1184; x_wconf 86' lang='lat' dir='ltr'><strong>maxima</strong></span> <span class='ocrx_word' id='word_1_47' title='bbox 1771 1137 1947 1187; x_wconf 84' lang='lat' dir='ltr'><strong>terrae</strong></span> 
     </span>
     <span class='ocr_line' id='line_1_7' title="bbox 394 1219 2040 1303; baseline 0.001 -20"><span class='ocrx_word' id='word_1_48' title='bbox 394 1220 704 1299; x_wconf 82' lang='lat' dir='ltr'><strong>Membra,</strong></span> <span class='ocrx_word' id='word_1_49' title='bbox 731 1220 956 1301; x_wconf 81' lang='lat' dir='ltr'><strong>quibus</strong></span> <span class='ocrx_word' id='word_1_50' title='bbox 979 1220 1247 1303; x_wconf 82' lang='lat' dir='ltr'><strong>Libyam</strong></span> <span class='ocrx_word' id='word_1_51' title='bbox 1271 1220 1461 1281; x_wconf 85' lang='lat' dir='ltr'><strong>dubie</strong></span> <span class='ocrx_word' id='word_1_52' title='bbox 1486 1219 1810 1282; x_wconf 84' lang='lat' dir='ltr'><strong>Sallustius</strong></span> <span class='ocrx_word' id='word_1_53' title='bbox 1838 1224 2040 1302; x_wconf 84' lang='lat' dir='ltr'><strong>addit,</strong></span> 
     </span>
     <span class='ocr_line' id='line_1_8' title="bbox 392 1316 1898 1403; baseline 0.001 -24"><span class='ocrx_word' id='word_1_54' title='bbox 392 1320 662 1401; x_wconf 66' lang='lat' dir='ltr'><strong>Europae</strong></span> <span class='ocrx_word' id='word_1_55' title='bbox 690 1316 1073 1400; x_wconf 80' lang='lat' dir='ltr'><strong>adjunctam3</strong></span> <span class='ocrx_word' id='word_1_56' title='bbox 1104 1320 1298 1403; x_wconf 84' lang='lat' dir='ltr'><strong>possit</strong></span> <span class='ocrx_word' id='word_1_57' title='bbox 1320 1338 1520 1399; x_wconf 87' lang='lat' dir='ltr'><strong>quum</strong></span> <span class='ocrx_word' id='word_1_58' title='bbox 1549 1322 1728 1382; x_wconf 84' lang='lat' dir='ltr'><strong>tertia</strong></span> <span class='ocrx_word' id='word_1_59' title='bbox 1757 1320 1898 1383; x_wconf 82' lang='lat' dir='ltr'><strong>dici.</strong></span> 
     </span>
     <span class='ocr_line' id='line_1_9' title="bbox 394 1416 1961 1501; baseline 0.003 -24"><span class='ocrx_word' id='word_1_60' title='bbox 394 1418 703 1499; x_wconf 77' lang='lat' dir='ltr'><strong>Regnatas</strong></span> <span class='ocrx_word' id='word_1_61' title='bbox 727 1416 968 1491; x_wconf 86' lang='lat' dir='ltr'><strong>multis,</strong></span> <span class='ocrx_word' id='word_1_62' title='bbox 996 1436 1153 1497; x_wconf 87' lang='lat' dir='ltr'><strong>quos</strong></span> <span class='ocrx_word' id='word_1_63' title='bbox 1176 1416 1345 1475; x_wconf 90' lang='lat' dir='ltr'><strong>fama</strong></span> <span class='ocrx_word' id='word_1_64' title='bbox 1371 1416 1694 1494; x_wconf 86' lang='lat' dir='ltr'><strong>obliterat,</strong></span> <span class='ocrx_word' id='word_1_65' title='bbox 1719 1431 1781 1479; x_wconf 92' lang='lat' dir='ltr'><strong>et</strong></span> <span class='ocrx_word' id='word_1_66' title='bbox 1804 1440 1961 1501; x_wconf 89' lang='lat' dir='ltr'><strong>quos</strong></span> 
     </span>
     <span class='ocr_line' id='line_1_10' title="bbox 394 1512 1998 1597; baseline 0.001 -22"><span class='ocrx_word' id='word_1_67' title='bbox 394 1513 665 1575; x_wconf 85' lang='lat' dir='ltr'><strong>Barbara</strong></span> <span class='ocrx_word' id='word_1_68' title='bbox 691 1515 987 1575; x_wconf 82' lang='lat' dir='ltr'><strong>Romanae</strong></span> <span class='ocrx_word' id='word_1_69' title='bbox 1016 1534 1143 1574; x_wconf 89' lang='lat' dir='ltr'><strong>non</strong></span> <span class='ocrx_word' id='word_1_70' title='bbox 1171 1512 1429 1573; x_wconf 88' lang='lat' dir='ltr'><strong>tradunt</strong></span> <span class='ocrx_word' id='word_1_71' title='bbox 1456 1515 1720 1575; x_wconf 84' lang='lat' dir='ltr'><strong>nomina</strong></span> <span class='ocrx_word' id='word_1_72' title='bbox 1747 1514 1998 1597; x_wconf 81' lang='lat' dir='ltr'><strong>linguoe.</strong></span> 
     </span>
    </p>
   </div>
   <div class='ocr_carea' id='block_1_5' title="bbox 394 1610 2320 1789">
    <p class='ocr_par' dir='ltr' id='par_1_5' title="bbox 394 1610 2320 1789">
     <span class='ocr_line' id='line_1_11' title="bbox 394 1610 2320 1695; baseline 0.003 -24"><span class='ocrx_word' id='word_1_73' title='bbox 394 1610 753 1688; x_wconf 85' lang='lat' dir='ltr'><strong>Illibanum,</strong></span> <span class='ocrx_word' id='word_1_74' title='bbox 772 1610 1235 1692; x_wconf 87' lang='lat' dir='ltr'><strong>Numidamque</strong></span> <span class='ocrx_word' id='word_1_75' title='bbox 1256 1610 1511 1688; x_wconf 81' lang='lat' dir='ltr'><strong>Avelim,</strong></span> <span class='ocrx_word' id='word_1_76' title='bbox 1533 1610 1956 1695; x_wconf 84' lang='lat' dir='ltr'><strong>Parthumque</strong></span> <span class='ocrx_word' id='word_1_77' title='bbox 1969 1615 2320 1693; x_wconf 86' lang='lat' dir='ltr'><strong>Vononem,</strong></span> 
     </span>
     <span class='ocr_line' id='line_1_12' title="bbox 396 1706 1972 1789; baseline 0.001 -22"><span class='ocrx_word' id='word_1_78' title='bbox 396 1708 477 1767; x_wconf 91' lang='lat' dir='ltr'><strong>Et</strong></span> <span class='ocrx_word' id='word_1_79' title='bbox 502 1710 845 1784; x_wconf 79' lang='lat' dir='ltr'><strong>Caranum,</strong></span> <span class='ocrx_word' id='word_1_80' title='bbox 868 1707 1095 1769; x_wconf 82' lang='lat' dir='ltr'><strong>Pellaea</strong></span> <span class='ocrx_word' id='word_1_81' title='bbox 1116 1706 1286 1767; x_wconf 85' lang='lat' dir='ltr'><strong>dedit</strong></span> <span class='ocrx_word' id='word_1_82' title='bbox 1308 1708 1419 1787; x_wconf 87' lang='lat' dir='ltr'><strong>qui</strong></span> <span class='ocrx_word' id='word_1_83' title='bbox 1442 1708 1703 1767; x_wconf 86' lang='lat' dir='ltr'><strong>nomina</strong></span> <span class='ocrx_word' id='word_1_84' title='bbox 1728 1728 1972 1789; x_wconf 79' lang='lat' dir='ltr'><strong>regum,</strong></span> 
     </span>
    </p>
   </div>
   <div class='ocr_carea' id='block_1_6' title="bbox 396 1804 1982 1983">
    <p class='ocr_par' dir='ltr' id='par_1_6' title="bbox 396 1804 1982 1983">
     <span class='ocr_line' id='line_1_13' title="bbox 399 1804 1982 1889; baseline 0.003 -25"><span class='ocrx_word' id='word_1_85' title='bbox 399 1804 643 1887; x_wconf 88' lang='lat' dir='ltr'><strong>Quique</strong></span> <span class='ocrx_word' id='word_1_86' title='bbox 669 1825 883 1887; x_wconf 83' lang='lat' dir='ltr'><strong>magos</strong></span> <span class='ocrx_word' id='word_1_87' title='bbox 904 1804 1117 1865; x_wconf 86' lang='lat' dir='ltr'><strong>docuit</strong></span> <span class='ocrx_word' id='word_1_88' title='bbox 1145 1806 1433 1887; x_wconf 79' lang='lat' dir='ltr'><strong>mysteria</strong></span> <span class='ocrx_word' id='word_1_89' title='bbox 1461 1824 1624 1865; x_wconf 85' lang='lat' dir='ltr'><strong>vana</strong></span> <span class='ocrx_word' id='word_1_90' title='bbox 1651 1806 1982 1889; x_wconf 75' lang='lat' dir='ltr'><strong>Necepsus,</strong></span> 
     </span>
     <span class='ocr_line' id='line_1_14' title="bbox 396 1900 1894 1983; baseline 0.003 -25"><span class='ocrx_word' id='word_1_91' title='bbox 396 1900 475 1959; x_wconf 89' lang='lat' dir='ltr'><strong>Et</strong></span> <span class='ocrx_word' id='word_1_92' title='bbox 498 1902 603 1982; x_wconf 88' lang='lat' dir='ltr'><strong>qui</strong></span> <span class='ocrx_word' id='word_1_93' title='bbox 630 1902 910 1983; x_wconf 77' lang='lat' dir='ltr'><strong>regnavit</strong></span> <span class='ocrx_word' id='word_1_94' title='bbox 936 1902 1071 1961; x_wconf 88' lang='lat' dir='ltr'><strong>sine</strong></span> <span class='ocrx_word' id='word_1_95' title='bbox 1091 1901 1351 1961; x_wconf 90' lang='lat' dir='ltr'><strong>nomine</strong></span> <span class='ocrx_word' id='word_1_96' title='bbox 1378 1921 1528 1961; x_wconf 83' lang='lat' dir='ltr'><strong>mox</strong></span> <span class='ocrx_word' id='word_1_97' title='bbox 1551 1902 1894 1963; x_wconf 86' lang='lat' dir='ltr'><strong>Sesoostris.</strong></span> 
     </span>
    </p>
   </div>
   <div class='ocr_carea' id='block_1_7' title="bbox 526 2127 2112 2473">
    <p class='ocr_par' dir='ltr' id='par_1_7' title="bbox 526 2127 2112 2473">
     <span class='ocr_line' id='line_1_15' title="bbox 597 2127 2052 2245; baseline 0.002 -4"><span class='ocrx_word' id='word_1_98' title='bbox 597 2127 693 2241; x_wconf 68' lang='lat' dir='ltr'><strong>nn</strong></span> <span class='ocrx_word' id='word_1_99' title='bbox 743 2170 1260 2243; x_wconf 71' lang='lat' dir='ltr'><strong>INs&#39;rrrn‘rloNE</strong></span> <span class='ocrx_word' id='word_1_100' title='bbox 1313 2170 1776 2243; x_wconf 75' lang='lat' dir='ltr'><strong>Ornmomm</strong></span> <span class='ocrx_word' id='word_1_101' title='bbox 1825 2191 2052 2245; x_wconf 66' lang='lat' dir='ltr'><strong>mnan.</strong></span> 
     </span>
     <span class='ocr_line' id='line_1_16' title="bbox 526 2380 2112 2473; baseline 0.003 -27"><span class='ocrx_word' id='word_1_102' title='bbox 526 2382 926 2463; x_wconf 78' lang='lat' dir='ltr'><strong>Priscianus,</strong></span> <span class='ocrx_word' id='word_1_103' title='bbox 970 2380 1083 2447; x_wconf 80' lang='lat' dir='ltr'><strong>lib.</strong></span> <span class='ocrx_word' id='word_1_104' title='bbox 1129 2382 1259 2463; x_wconf 90' lang='lat' dir='ltr'><strong>VI,</strong></span> <span class='ocrx_word' id='word_1_105' title='bbox 1292 2406 1443 2473; x_wconf 77' lang='lat' dir='ltr'><strong>paq.</strong></span> <span class='ocrx_word' id='word_1_106' title='bbox 1486 2382 1620 2473; x_wconf 86' lang='lat'><strong>679</strong></span> <span class='ocrx_word' id='word_1_107' title='bbox 1658 2382 1809 2448; x_wconf 79' lang='lat' dir='ltr'><strong>edit.</strong></span> <span class='ocrx_word' id='word_1_108' title='bbox 1848 2382 2112 2450; x_wconf 75' lang='lat' dir='ltr'><strong>Putsch.</strong></span> 
     </span>
    </p>
   </div>
   <div class='ocr_carea' id='block_1_8' title="bbox 282 2583 2372 2790">
    <p class='ocr_par' dir='ltr' id='par_1_8' title="bbox 282 2583 2372 2790">
     <span class='ocr_line' id='line_1_17' title="bbox 372 2583 2372 2683; baseline 0.004 -32"><span class='ocrx_word' id='word_1_109' title='bbox 372 2583 568 2671; x_wconf 91' lang='lat' dir='ltr'><strong>Quod</strong></span> <span class='ocrx_word' id='word_1_110' title='bbox 595 2603 821 2652; x_wconf 87' lang='lat' dir='ltr'><strong>tamen</strong></span> <span class='ocrx_word' id='word_1_111' title='bbox 851 2585 1246 2677; x_wconf 88' lang='lat' dir='ltr'><strong>comprobat</strong></span> <span class='ocrx_word' id='word_1_112' title='bbox 1273 2587 1474 2652; x_wconf 86' lang='lat' dir='ltr'><strong>etiam</strong></span> <span class='ocrx_word' id='word_1_113' title='bbox 1501 2588 1858 2654; x_wconf 87' lang='lat' dir='ltr'><strong>Suetonius</strong></span> <span class='ocrx_word' id='word_1_114' title='bbox 1877 2639 1898 2670; x_wconf 88' lang='lat'>‚</span> <span class='ocrx_word' id='word_1_115' title='bbox 1924 2584 2226 2658; x_wconf 86' lang='lat' dir='ltr'><strong>diversos</strong></span> <span class='ocrx_word' id='word_1_116' title='bbox 2257 2615 2372 2683; x_wconf 88' lang='lat' dir='ltr'><strong>po-</strong></span> 
     </span>
     <span class='ocr_line' id='line_1_18' title="bbox 282 2692 2183 2790; baseline 0 -28"><span class='ocrx_word' id='word_1_117' title='bbox 282 2717 453 2762; x_wconf 91' lang='lat' dir='ltr'><strong>nens</strong></span> <span class='ocrx_word' id='word_1_118' title='bbox 476 2717 637 2764; x_wconf 87' lang='lat' dir='ltr'><strong>usus</strong></span> <span class='ocrx_word' id='word_1_119' title='bbox 662 2695 735 2760; x_wconf 90' lang='lat' dir='ltr'><strong>in</strong></span> <span class='ocrx_word' id='word_1_120' title='bbox 758 2692 931 2761; x_wconf 89' lang='lat' dir='ltr'><strong>libro</strong></span> <span class='ocrx_word' id='word_1_121' title='bbox 948 2746 967 2779; x_wconf 91' lang='lat'><strong>,</strong></span> <span class='ocrx_word' id='word_1_122' title='bbox 998 2695 1115 2787; x_wconf 91' lang='lat' dir='ltr'><strong>qui</strong></span> <span class='ocrx_word' id='word_1_123' title='bbox 1138 2709 1242 2761; x_wconf 89' lang='lat' dir='ltr'><strong>est</strong></span> <span class='ocrx_word' id='word_1_124' title='bbox 1263 2694 1339 2759; x_wconf 85' lang='lat' dir='ltr'><strong>de</strong></span> <span class='ocrx_word' id='word_1_125' title='bbox 1366 2696 1776 2760; x_wconf 81' lang='lat' dir='ltr'><strong>Institutione</strong></span> <span class='ocrx_word' id='word_1_126' title='bbox 1799 2696 2183 2790; x_wconf 83' lang='lat' dir='ltr'><strong>Officiorwn.</strong></span> 
     </span>
    </p>
   </div>
   <div class='ocr_carea' id='block_1_9' title="bbox 284 2961 2373 3043">
    <p class='ocr_par' dir='ltr' id='par_1_9' title="bbox 284 2961 2373 3043">
     <span class='ocr_line' id='line_1_19' title="bbox 284 2961 2373 3043; baseline 0.002 -15"><span class='ocrx_word' id='word_1_127' title='bbox 284 2961 635 3030; x_wconf 77' lang='lat' dir='ltr'><strong>Chronicon</strong></span> <span class='ocrx_word' id='word_1_128' title='bbox 683 2961 991 3030; x_wconf 70' lang='lat' dir='ltr'><strong>Paschale</strong></span> <span class='ocrx_word' id='word_1_129' title='bbox 1010 3013 1028 3043; x_wconf 90' lang='lat'><strong>,</strong></span> <span class='ocrx_word' id='word_1_130' title='bbox 1082 2965 1418 3029; x_wconf 80' lang='lat' dir='ltr'><strong>Fastorum</strong></span> <span class='ocrx_word' id='word_1_131' title='bbox 1472 2962 1832 3032; x_wconf 72' lang='lat' dir='ltr'><strong>Siculorum</strong></span> <span class='ocrx_word' id='word_1_132' title='bbox 1879 2977 2066 3032; x_wconf 78' lang='lat' dir='ltr'><strong>antea</strong></span> <span class='ocrx_word' id='word_1_133' title='bbox 2122 2971 2373 3034; x_wconf 82' lang='lat' dir='ltr'><strong>nomine</strong></span> 
     </span>
    </p>
   </div>
   <div class='ocr_carea' id='block_1_10' title="bbox 378 3073 2372 3168">
    <p class='ocr_par' dir='ltr' id='par_1_10' title="bbox 378 3073 2372 3168">
     <span class='ocr_line' id='line_1_20' title="bbox 378 3073 2372 3168; baseline 0.004 -32"><span class='ocrx_word' id='word_1_134' title='bbox 378 3073 753 3162; x_wconf 78' lang='lat' dir='ltr'><strong>insiqnitum</strong></span> <span class='ocrx_word' id='word_1_135' title='bbox 772 3124 789 3154; x_wconf 94' lang='lat'><em>‚</em></span> <span class='ocrx_word' id='word_1_136' title='bbox 822 3074 911 3139; x_wconf 84' lang='lat' dir='ltr'><strong>ad</strong></span> <span class='ocrx_word' id='word_1_137' title='bbox 934 3073 1369 3166; x_wconf 80' lang='lat' dir='ltr'><strong>Olympiadem</strong></span> <span class='ocrx_word' id='word_1_138' title='bbox 1400 3073 1622 3141; x_wconf 88' lang='lat' dir='ltr'><em>XVII</em></span> <span class='ocrx_word' id='word_1_139' title='bbox 1647 3077 1824 3168; x_wconf 79' lang='lat' dir='ltr'><strong>(paq.</strong></span> <span class='ocrx_word' id='word_1_140' title='bbox 1870 3102 1892 3141; x_wconf 90' lang='lat'>1</span> <span class='ocrx_word' id='word_1_141' title='bbox 1917 3101 1992 3166; x_wconf 89' lang='lat'><strong>17</strong></span> <span class='ocrx_word' id='word_1_142' title='bbox 2023 3077 2172 3146; x_wconf 77' lang='lat' dir='ltr'><strong>edit.</strong></span> <span class='ocrx_word' id='word_1_143' title='bbox 2205 3079 2372 3144; x_wconf 88' lang='lat' dir='ltr'><strong>Can-</strong></span> 
     </span>
    </p>
   </div>
   <div class='ocr_carea' id='block_1_11' title="bbox 372 3185 637 3274">
    <p class='ocr_par' dir='ltr' id='par_1_11' title="bbox 372 3185 637 3274">
     <span class='ocr_line' id='line_1_21' title="bbox 372 3185 637 3274; baseline 0.004 -27"><span class='ocrx_word' id='word_1_144' title='bbox 372 3185 580 3274; x_wconf 78' lang='lat' dir='ltr'><strong>9ianoe</strong></span> <span class='ocrx_word' id='word_1_145' title='bbox 591 3185 637 3268; x_wconf 87' lang='lat'><strong>).</strong></span> 
     </span>
    </p>
   </div>
   <div class='ocr_carea' id='block_1_12' title="bbox 281 3373 2490 4228">
    <p class='ocr_par' dir='ltr' id='par_1_12' title="bbox 281 3373 2490 4226">
     <span class='ocr_line' id='line_1_22' title="bbox 390 3373 2490 3482; baseline 0.004 -29"><span class='ocrx_word' id='word_1_146' title='bbox 390 3373 649 3465; x_wconf 77' lang='grc' dir='ltr'>Οὗτος</span> <span class='ocrx_word' id='word_1_147' title='bbox 675 3377 1117 3478; x_wconf 76' lang='grc' dir='ltr'>Νουμμὰς,</span> <span class='ocrx_word' id='word_1_148' title='bbox 1152 3376 1202 3457; x_wconf 83' lang='grc' dir='ltr'><em>ὁ</em></span> <span class='ocrx_word' id='word_1_149' title='bbox 1225 3373 1370 3458; x_wconf 78' lang='grc' dir='ltr'><strong>καὶ</strong></span> <span class='ocrx_word' id='word_1_150' title='bbox 1397 3379 1912 3482; x_wconf 72' lang='grc' dir='ltr'>Πομπήλιος,</span> <span class='ocrx_word' id='word_1_151' title='bbox 1943 3377 2371 3482; x_wconf 73' lang='grc' dir='ltr'>δεξάμενος</span> <span class='ocrx_word' id='word_1_152' title='bbox 2485 3423 2490 3428; x_wconf 91' lang='grc'>·</span> 
     </span>
     <span class='ocr_line' id='line_1_23' title="bbox 286 3497 2371 3608; baseline 0.002 -30"><span class='ocrx_word' id='word_1_153' title='bbox 286 3497 843 3604; x_wconf 80' lang='grc' dir='ltr'>πρεσβευτὰς·’</span> <span class='ocrx_word' id='word_1_154' title='bbox 815 3527 903 3578; x_wconf 76' lang='grc' dir='ltr'><strong>εκ</strong></span> <span class='ocrx_word' id='word_1_155' title='bbox 928 3501 1068 3591; x_wconf 77' lang='grc' dir='ltr'><strong>τῆς</strong></span> <span class='ocrx_word' id='word_1_156' title='bbox 1100 3501 1368 3608; x_wconf 77' lang='grc' dir='ltr'>χώρας</span> <span class='ocrx_word' id='word_1_157' title='bbox 1404 3509 1548 3585; x_wconf 78' lang='grc' dir='ltr'><strong>τῶν</strong></span> <span class='ocrx_word' id='word_1_158' title='bbox 1591 3503 2021 3606; x_wconf 78' lang='grc' dir='ltr'>λεγομένων</span> <span class='ocrx_word' id='word_1_159' title='bbox 2065 3513 2371 3583; x_wconf 80' lang='grc' dir='ltr'><strong>Πελασ-</strong></span> 
     </span>
     <span class='ocr_line' id='line_1_24' title="bbox 281 3619 2374 3736; baseline 0.003 -35"><span class='ocrx_word' id='word_1_160' title='bbox 281 3631 469 3724; x_wconf 80' lang='grc' dir='ltr'><strong>γῶν,</strong></span> <span class='ocrx_word' id='word_1_161' title='bbox 517 3619 976 3729; x_wconf 74' lang='grc' dir='ltr'>φορούντων</span> <span class='ocrx_word' id='word_1_162' title='bbox 1008 3627 1502 3728; x_wconf 69' lang='grc' dir='ltr'>χλαμύδας’</span> <span class='ocrx_word' id='word_1_163' title='bbox 1473 3628 1821 3726; x_wconf 79' lang='grc' dir='ltr'>εχούσας</span> <span class='ocrx_word' id='word_1_164' title='bbox 1854 3625 2215 3722; x_wconf 58' lang='lat' dir='ltr'><strong>famia</strong></span> <span class='ocrx_word' id='word_1_165' title='bbox 2182 3631 2374 3736; x_wconf 83' lang='grc' dir='ltr'>ρού-</span> 
     </span>
     <span class='ocr_line' id='line_1_25' title="bbox 287 3737 2372 3856; baseline 0.004 -32"><span class='ocrx_word' id='word_1_166' title='bbox 287 3771 517 3842; x_wconf 83' lang='grc' dir='ltr'>σαια,</span> <span class='ocrx_word' id='word_1_167' title='bbox 555 3749 931 3855; x_wconf 69' lang='grc' dir='ltr'>καθάπερ</span> <span class='ocrx_word' id='word_1_168' title='bbox 969 3746 1049 3827; x_wconf 81' lang='grc' dir='ltr'><strong>οἶ</strong></span> <span class='ocrx_word' id='word_1_169' title='bbox 1090 3749 1255 3832; x_wconf 80' lang='grc' dir='ltr'><strong>ἀπὸ</strong></span> <span class='ocrx_word' id='word_1_170' title='bbox 1283 3752 1422 3842; x_wconf 63' lang='lat' dir='ltr'><strong>viic</strong></span> <span class='ocrx_word' id='word_1_171' title='bbox 1456 3737 1848 3856; x_wconf 79' lang='grc' dir='ltr'>Ισαυρίας</span> <span class='ocrx_word' id='word_1_172' title='bbox 1883 3749 2185 3855; x_wconf 70' lang='grc' dir='ltr'>χώρας,</span> <span class='ocrx_word' id='word_1_173' title='bbox 2228 3752 2372 3833; x_wconf 77' lang='grc' dir='ltr'><strong>καὶ</strong></span> 
     </span>
     <span class='ocr_line' id='line_1_26' title="bbox 281 3869 2368 3998; baseline 0.004 -52"><span class='ocrx_word' id='word_1_174' title='bbox 281 3869 649 3998; x_wconf 69' lang='grc' dir='ltr'>τερφθεὶς</span> <span class='ocrx_word' id='word_1_175' title='bbox 684 3875 835 3950; x_wconf 80' lang='grc' dir='ltr'><strong>τοῦ</strong></span> <span class='ocrx_word' id='word_1_176' title='bbox 873 3871 1445 3980; x_wconf 75' lang='grc' dir='ltr'>σχήμαματος,</span> <span class='ocrx_word' id='word_1_177' title='bbox 1498 3877 1915 3963; x_wconf 78' lang='grc' dir='ltr'><em>ἐπενόησεν</em></span> <span class='ocrx_word' id='word_1_178' title='bbox 1951 3885 2256 3979; x_wconf 78' lang='grc' dir='ltr'>πρῶτος</span> <span class='ocrx_word' id='word_1_179' title='bbox 2289 3877 2368 3954; x_wconf 79' lang='grc' dir='ltr'><strong>ἓν</strong></span> 
     </span>
     <span class='ocr_line' id='line_1_27' title="bbox 290 3975 2368 4106; baseline 0.002 -32"><span class='ocrx_word' id='word_1_180' title='bbox 290 3975 531 4106; x_wconf 76' lang='grc' dir='ltr'>Ρώμῃ</span> <span class='ocrx_word' id='word_1_181' title='bbox 576 3994 1004 4098; x_wconf 65' lang='grc' dir='ltr'><strong>χλαμύδας</strong></span> <span class='ocrx_word' id='word_1_182' title='bbox 1052 4001 1523 4102; x_wconf 69' lang='grc' dir='ltr'>φορεῖσθαι,</span> <span class='ocrx_word' id='word_1_183' title='bbox 1572 3997 1716 4088; x_wconf 79' lang='grc' dir='ltr'><strong>τὰς</strong></span> <span class='ocrx_word' id='word_1_184' title='bbox 1765 3993 1900 4099; x_wconf 78' lang='grc' dir='ltr'><strong>μὲν</strong></span> <span class='ocrx_word' id='word_1_185' title='bbox 1949 3996 2368 4093; x_wconf 77' lang='grc' dir='ltr'>βασιλικὰς</span> 
     </span>
     <span class='ocr_line' id='line_1_28' title="bbox 284 4115 2366 4228; baseline 0.002 -31"><span class='ocrx_word' id='word_1_186' title='bbox 284 4129 753 4226; x_wconf 81' lang='grc' dir='ltr'>πορφυρᾶς,</span> <span class='ocrx_word' id='word_1_187' title='bbox 812 4119 1163 4218; x_wconf 76' lang='grc' dir='ltr'>ἐχούσας</span> <span class='ocrx_word' id='word_1_188' title='bbox 1208 4121 1505 4221; x_wconf 76' lang='grc' dir='ltr'>ταβλία</span> <span class='ocrx_word' id='word_1_189' title='bbox 1549 4119 1847 4228; x_wconf 77' lang='grc' dir='ltr'>χρυσᾶ,</span> <span class='ocrx_word' id='word_1_190' title='bbox 1896 4115 2044 4212; x_wconf 77' lang='grc' dir='ltr'><strong>τὰς</strong></span> <span class='ocrx_word' id='word_1_191' title='bbox 2089 4118 2175 4200; x_wconf 69' lang='grc' dir='ltr'><strong>δὲ</strong></span> <span class='ocrx_word' id='word_1_192' title='bbox 2221 4127 2366 4201; x_wconf 79' lang='grc' dir='ltr'><strong>τῶν</strong></span> 
     </span>
    </p>
   </div>
  </div>
 </body>
</html>
