3050 5004
627 474 654 515 «ι
673 454 755 532 42
1321 492 1329 507 ·
1376 446 1447 511 G.
1497 444 1971 514 SUETONII

619 578 766 673 ejus
795 575 1185 675 quotidiana
1200 626 1219 658 ,
1250 590 1320 644 et
1345 573 1549 669 plane
1580 577 1887 645 omnium
1918 575 2240 645 horarum
2262 593 2331 645 et
2352 596 2727 647 momento·

619 715 772 759 rum
813 705 1034 771 erant,
1087 720 1115 749 α
1137 685 1352 775 Quid?
1395 710 1519 779 ego
1563 686 1683 755 tibi
1727 686 2198 781 Theogonius⁵
2250 688 2523 757 videor?
2544 720 2573 751 υ
2621 707 2721 774 et,

617 818 757 873 λάλιι
775 857 794 891 ,
829 816 916 871 καὶ
945 814 1016 892 μὴ
1049 816 1263 890 θίγγανε
1283 832 1298 846 ·
1339 796 1690 892 multaque
1726 796 1917 881 talia,
1956 800 2157 865 etiam
2193 800 2471 891 privatis
2508 798 2729 868 defor-

617 916 788 998 mia,
819 910 1074 980 nedum
1101 912 1394 1003 Principi
1411 961 1430 992 ‚
1463 933 1685 1005 neque
1715 910 2086 979 infacundo
2104 962 2123 993 ‚
2156 934 2378 1006 neque
2413 912 2720 997 indocto,

617 1028 825 1093 immo
851 1025 1048 1090 etiam
1071 1023 1502 1115 pertinaciter
1523 1020 1915 1090 liberalibus
1936 1022 2172 1091 studiis
2195 1020 2443 1093 dedito.

709 1138 881 1203 XLI.
933 1134 1296 1201 Historiam
1335 1134 1408 1199 in
1448 1129 1899 1199 adolescentia
1919 1183 1936 1214 ,
1980 1130 2288 1201 hortante
2324 1138 2405 1201 T.
2458 1136 2677 1203 ¹Livio
2698 1187 2717 1216 ‚

616 1243 910 1338 Sulpicio
937 1266 1103 1309 vero
1133 1240 1342 1309 Flavo
1369 1244 1570 1309 etiam
1598 1238 1958 1334 adjuvante
1978 1295 1996 1326 ,
2036 1243 2326 1312 scribere
2362 1268 2721 1337 aggressus

616 1372 738 1424 est.
779 1359 865 1421 Et
899 1378 1112 1449 quum
1145 1354 1444 1447 primum
1473 1352 1811 1447 frequenti
1836 1352 2171 1423 auditorio
2205 1358 2682 1425 ²oommisisset
2698 1407 2717 1437 ,

617 1489 794 1558 aegre
821 1463 1106 1559 perlegit
1124 1515 1142 1545 ,
1161 1454 1611 1557 'refrigeratus
1629 1487 1809 1558 saepe
1836 1489 1877 1531 a
1904 1467 2287 1561 semetipso.
2314 1472 2484 1534 Nam
2506 1492 2718 1562 quum

615 1576 806 1643 initio
839 1574 1242 1641 recitationis
1265 1624 1282 1655 ‚
1323 1571 1635 1641 defractis
1661 1573 2123 1667 compluribus
2156 1573 2527 1644 subselliis³
2565 1576 2721 1645 obe-

619 1686 812 1753 sitate
849 1680 953 1776 cuj
961 1682 1202 1751 usdam
1222 1734 1241 1765 ‚
1278 1686 1452 1751 risus
1492 1699 1765 1751 exortus
1801 1702 2014 1769 esset3
2052 1710 2139 1753 ne
2176 1685 2407 1755 sedato
2442 1686 2717 1782 quidem

616 1791 911 1862 tumultu
967 1808 1343 1886 temperare
1387 1797 1645 1886 potuit,
1692 1797 1856 1889 quin
1906 1819 1988 1863 ex
2036 1796 2387 1865 intervallo
2431 1796 2717 1866 subinde

615 1907 768 1973 facti
810 1907 1377 1988 reminisceretur,
1412 1904 1915 2002 cachinnosque
1955 1926 2317 1977 revocaret.
2361 1915 2437 1978 In
2475 1912 2718 2004 princi-

615 2034 780 2111 patu
821 2041 1091 2113 quoque
1132 2033 1203 2084 et
1240 2018 1509 2109 scripsit
1550 2015 1921 2110 plurimum
1940 2072 1959 2101 ‚
2006 2037 2075 2089 et
2113 2020 2379 2091 assidue
2420 2024 2719 2089 recitavit

616 2148 738 2219 per
763 2126 1103 2194 lectorem.
1135 2128 1414 2193 Initium
1434 2141 1663 2195 autem
1691 2132 1934 2197 sumsit
1961 2130 2259 2199 historiae
2282 2146 2439 2225 post
2456 2131 2713 2201 caedem

614 2238 894 2305 Caesaris
923 2237 1302 2305 Dictatoris.
1329 2235 1458 2306 Sed
1487 2236 1595 2305 et4
1630 2242 1891 2308 transiit
1910 2239 1998 2309 ad
2026 2242 2341 2311 inferiora
2368 2258 2675 2336 tempora
2693 2294 2712 2325 ‚

614 2493 722 2534 tate
750 2481 1042 2554 Principis,
1075 2482 1168 2556 qui
1199 2499 1262 2536 ex
1282 2483 1404 2554 jure
1427 2494 1480 2535 et
1507 2501 1622 2537 me-

611 2569 748 2632 rito,
781 2567 1194 2641 ponderatisque
1217 2568 1358 2621 adeo
1395 2571 1621 2624 rationi-

611 2647 714 2700 bus
742 2659 974 2699 statuere
998 2646 1173 2700 debet.
1202 2649 1318 2700 Hoc
1342 2668 1452 2701 non
1478 2652 1621 2724 cepit

612 2728 964 2779 Burmannus.

685 2801 735 2856 5.
776 2805 1124 2879 Theoqonius.
1163 2805 1264 2858 Adi
1299 2807 1472 2858 Burm.
1503 2807 1643 2860 edi--

608 2885 829 2936 tionem.
857 2887 922 2937 Et
951 2886 1068 2955 ipse
1095 2885 1314 2938 stultum
1343 2886 1615 2939 homiuem

609 2962 876 3034 intelligo,
907 2965 1058 3032 cujus
1089 2984 1281 3017 nomen
1311 2967 1364 3017 in
1395 2986 1619 3037 prover·-

607 3041 756 3094 bium
789 3042 1022 3108 abierat,
1056 3041 1200 3114 quod
1231 3063 1373 3096 nuuc
1396 3047 1615 3115 ignora-

609 3139 744 3174 mus.
786 3123 845 3172 In
884 3134 1112 3174 mentem
1145 3122 1273 3190 mihi
1311 3126 1457 3176 venit
1482 3125 1613 3178 levis

608 3205 936 3274 conjectura,
953 3222 1109 3276 quam
1127 3203 1278 3258 nihili
1293 3205 1482 3271 facias;
1499 3215 1616 3260 run-

606 3279 753 3350 minoe
775 3301 877 3356 pro
905 3281 1127 3349 Γιηονιῖς
1155 3303 1248 3336 seu
1273 3284 1490 3352 ruperit,
1524 3289 1613 3340 cui

607 3362 993 3434 responderent
1015 3365 1294 3434 sequentia
1308 3402 1324 3430 .,
1348 3359 1508 3432 λάλει,
1530 3363 1613 3416 αὶ

600 3441 669 3508 μὶ
698 3443 938 3509 δι’-ηας,
967 3442 1022 3494 h.
1047 3461 1094 3494 e.
1121 3445 1329 3496 ratione
1355 3457 1408 3496 et
1433 3443 1610 3496 verbis

605 3541 814 3574 mecum
829 3522 1176 3595 pugnandum
1189 3563 1206 3590 ‚
1219 3543 1329 3576 nou
1347 3523 1613 3592 manibus,

604 3615 665 3655 ut
685 3621 805 3654 cum
826 3601 927 3679 ἧψε
944 3604 1118 3655 Terra²
1137 3603 1274 3655 filiis.
1297 3602 1400 3657 Sed
1423 3617 1613 3675 praeter

602 3683 830 3734 formam
853 3684 998 3734 vocis
1023 3697 1288 3754 repugnat
1309 3685 1466 3735 etiam
1495 3701 1611 3735 me-

604 3760 749 3814 dium
765 3775 832 3828 et,
849 3759 994 3832 quod
1005 3760 1267 3814 diversum
1285 3762 1397 3831 ejus
1408 3759 1611 3814 dictum

603 3841 882 3911 significat.

672 3920 802 3971 XLI.
847 3936 892 3970 1.
922 3919 1182 3973 Hortante
1223 3917 1283 3970 T.
1319 3919 1485 3972 Livio.
1520 3919 1603 3971 ΔΙ.

599 3999 761 4050 Lucio
785 3997 960 4066 Livio,
987 4017 1144 4072 quem
1170 3999 1348 4069 magni
1369 3997 1607 4051 historici

598 4075 761 4130 filium
800 4077 1119 4150 intelligunt.
1161 4078 1239 4130 Ita
1275 4076 1434 4128 hahet
1475 4076 1602 4128 edit.

599 4157 826 4211 Casaub.
853 4177 977 4210 ann.
1015 4159 1101 4213 161
1119 4174 1164 4224 1,
1187 4169 1240 4210 et
1267 4170 1510 4210 notatum
1536 4155 1603 4209 ad

1708 2505 1875 2561 marg.
1920 2486 2045 2541 edit.
2094 2486 2315 2542 Plautio.
2357 2505 2483 2540 ann.
2538 2484 2674 2558 1596
2693 2523 2713 2554 ,

1712 2583 1869 2637 quam
1900 2565 2033 2620 mihi
2060 2566 2412 2620 commodavit
2432 2563 2711 2619 Mullerus.

1707 2646 1844 2699 Vide
1859 2648 2011 2700 Voss.
2035 2647 2103 2699 de
2122 2648 2315 2699 Hister.
2330 2646 2445 2698 Lat.
2466 2647 2577 2698 Nos
2600 2647 2715 2720 qui-

1708 2726 1831 2780 dem
1862 2731 1917 2780 in
1948 2741 2095 2799 patre
2125 2729 2524 2800 acquiescimus.
2558 2729 2714 2780 Cete-

1706 2825 1854 2874 rum,
1880 2806 2084 2859 Claudii
2104 2806 2319 2859 Caesaris
2340 2803 2585 2857 historias
2605 2824 2713 2858 me·

1706 2902 1876 2939 morat
1896 2887 2027 2938 Plin.
2046 2889 2179 2939 nist.
2202 2889 2323 2939 Nat.
2342 2886 2437 2938 xl!
2450 2923 2467 2950 ‚
2496 2902 2555 2954 17
2574 2885 2707 2959 (39).

1704 2995 1779 3006 —
1796 2965 2093 3038 Sulpicium
2114 2965 2327 3018 Flavum
2354 2981 2539 3016 omnes
2558 2965 2710 3036 iguo·

1704 3061 1847 3100 rant.

1778 3142 1826 3178 a.
1848 3125 1921 3176 Et
1937 3142 2096 3196 quum
2116 3123 2405 3196 primum...
2428 3123 2711 3178 commisis-

1700 3213 1801 3264 σείς
1820 3203 1873 3254 h.
1896 3221 1942 3254 e.
1962 3205 2017 3254 in
2041 3203 2269 3254 virorum
2293 3200 2569 3254 doctorum
2593 3220 2707 3256 cer-

1703 3283 1901 3333 tamine
1924 3279 2205 3351 praelegere
2232 3283 2496 3352 coepisset.
2524 3280 2604 3333 cf.
2637 3280 2707 3334 ad

1699 3359 1836 3429 Aug.
1854 3361 1939 3428 89.
1956 3359 2429 3434 Refrigeratautem
2442 3363 2705 3432 seipsum,

1703 3437 1795 3508 qui
1814 3453 1907 3488 sua
1928 3434 2089 3508 culpa
2108 3437 2415 3504 committit,
2435 3453 2496 3490 ut
2502 3437 2707 3511 friqide

1701 3534 1797 3569 seu
1822 3517 2017 3568 minori
2044 3533 2161 3566 cum
2190 3516 2367 3568 studio
2398 3516 2657 3570 audiatur.

1769 3594 1823 3647 3.
1864 3593 2227 3666 Compluribus
2260 3594 2527 3648 subselliis.
2570 3596 2703 3646 Bur·

1697 3693 1878 3727 manu.
1908 3675 2138 3744 conjecit
2160 3675 2489 3748 compaqibus
2516 3673 2703 3728 subsel-

1697 3754 1775 3808 lii.
1816 3753 1917 3806 Sed
1952 3750 2103 3824 plura
2132 3752 2385 3807 subsellia
2415 3755 2703 3823 conjuncta

1698 3851 1811 3887 esse
1830 3845 2115 3906 poterant,
2140 3848 2199 3885 ut
2222 3833 2378 3885 unius
2403 3851 2559 3887 casus
2584 3831 2703 3886 reli·

1698 3934 1803 3989 qua
1830 3913 2076 3966 traheret.

1770 3998 1821 4064 4.
1858 3995 1963 4048 Sed
1977 4005 2053 4060 et,
2078 4007 2178 4046 etc.
2200 3990 2407 4044 Muller.
2434 3990 2601 4045 deleri
2614 3994 2701 4063 ju-

1694 4075 1782 4130 bet
1814 4076 1941 4142 Sed,
1972 4088 2023 4126 et
2048 4087 2201 4126 antea
2231 4073 2487 4124 minorem
2515 4072 2702 4126 distin-

1694 4158 1921 4208 ctionem
1947 4155 2077 4225 poni
2102 4171 2201 4226 pro
2224 4165 2447 4224 puncto.
