<?xml version="1.0" encoding="UTF-8"?>
<!DOCTYPE html PUBLIC "-//W3C//DTD XHTML 1.0 Transitional//EN"
    "http://www.w3.org/TR/xhtml1/DTD/xhtml1-transitional.dtd">
<html xmlns="http://www.w3.org/1999/xhtml" xml:lang="en" lang="en">
 <head>
  <title>
</title>
<meta http-equiv="Content-Type" content="text/html;charset=utf-8" />
  <meta name='ocr-system' content='tesseract 3.04.00' />
  <meta name='ocr-capabilities' content='ocr_page ocr_carea ocr_par ocr_line ocrx_word'/>
</head>
<body>
  <div class='ocr_page' id='page_1' title='image "./csuetoniitranqu09suetgoog_0017.png"; bbox 0 0 3050 5004; ppageno 0'>
   <div class='ocr_carea' id='block_1_1' title="bbox 593 444 1961 547">
    <p class='ocr_par' dir='ltr' id='par_1_1' title="bbox 593 444 1961 547">
     <span class='ocr_line' id='line_1_1' title="bbox 593 444 1961 547; baseline -0.015 -19"><span class='ocrx_word' id='word_1_1' title='bbox 593 468 646 547; x_wconf 67' lang='grc'>,4</span> <span class='ocrx_word' id='word_1_2' title='bbox 1339 452 1435 516; x_wconf 76' lang='lat' dir='ltr'>c.</span> <span class='ocrx_word' id='word_1_3' title='bbox 1487 444 1961 515; x_wconf 77' lang='lat' dir='ltr'>SUEToNu</span> 
     </span>
    </p>
   </div>
   <div class='ocr_carea' id='block_1_2' title="bbox 606 564 2730 1121">
    <p class='ocr_par' dir='ltr' id='par_1_2' title="bbox 606 564 2730 1121">
     <span class='ocr_line' id='line_1_2' title="bbox 607 564 2723 671; baseline -0.013 -11"><span class='ocrx_word' id='word_1_4' title='bbox 607 613 766 660; x_wconf 87' lang='lat' dir='ltr'>mox</span> <span class='ocrx_word' id='word_1_5' title='bbox 796 572 1102 655; x_wconf 74' lang='lat' dir='ltr'>&#39;devicto7</span> <span class='ocrx_word' id='word_1_6' title='bbox 1117 635 1135 666; x_wconf 91' lang='lat'>‚</span> <span class='ocrx_word' id='word_1_7' title='bbox 1165 576 1629 671; x_wconf 88' lang='lat' dir='ltr'>triumphavit.</span> <span class='ocrx_word' id='word_1_8' title='bbox 1658 572 1917 643; x_wconf 89' lang='lat' dir='ltr'>Consul</span> <span class='ocrx_word' id='word_1_9' title='bbox 1943 566 2189 638; x_wconf 87' lang='lat' dir='ltr'>deinde</span> <span class='ocrx_word' id='word_1_10' title='bbox 2216 564 2502 637; x_wconf 81' lang='lat' dir='ltr'>iterum⁸</span> <span class='ocrx_word' id='word_1_11' title='bbox 2540 590 2723 634; x_wconf 90' lang='lat' dir='ltr'>crea-</span> 
     </span>
     <span class='ocr_line' id='line_1_3' title="bbox 607 676 2725 791; baseline -0.014 -18"><span class='ocrx_word' id='word_1_12' title='bbox 607 723 747 786; x_wconf 62' lang='lat' dir='ltr'>tus»,</span> <span class='ocrx_word' id='word_1_13' title='bbox 791 724 872 767; x_wconf 89' lang='lat' dir='ltr'>ac</span> <span class='ocrx_word' id='word_1_14' title='bbox 913 698 1350 791; x_wconf 57' lang='lat' dir='ltr'>prius-‘quam</span> <span class='ocrx_word' id='word_1_15' title='bbox 1390 690 1724 759; x_wconf 88' lang='lat' dir='ltr'><strong>honorem</strong></span> <span class='ocrx_word' id='word_1_16' title='bbox 1764 688 2003 767; x_wconf 85' lang='lat' dir='ltr'>iniret,</span> <span class='ocrx_word' id='word_1_17' title='bbox 2044 680 2133 751; x_wconf 91' lang='lat' dir='ltr'>ad</span> <span class='ocrx_word' id='word_1_18' title='bbox 2156 676 2725 774; x_wconf 69' lang='lat' dir='ltr'>componendum</span> 
     </span>
     <span class='ocr_line' id='line_1_4' title="bbox 606 787 2726 897; baseline -0.013 -14"><span class='ocrx_word' id='word_1_19' title='bbox 606 814 900 884; x_wconf 75' lang='lat' dir='ltr'>Orientis</span> <span class='ocrx_word' id='word_1_20' title='bbox 943 812 1194 877; x_wconf 70' lang='lat' dir='ltr'>&#39;statum</span> <span class='ocrx_word' id='word_1_21' title='bbox 1231 800 1589 896; x_wconf 57' lang='lat' dir='ltr'>eipulsus‚</span> <span class='ocrx_word' id='word_1_22' title='bbox 1630 814 1845 897; x_wconf 86' lang='lat' dir='ltr'>&#39;quum</span> <span class='ocrx_word' id='word_1_23' title='bbox 1874 797 2208 864; x_wconf 76' lang='lat' dir='ltr'>Armeniae</span> <span class='ocrx_word' id='word_1_24' title='bbox 2244 802 2510 885; x_wconf 78' lang='lat' dir='ltr'>regem9</span> <span class='ocrx_word' id='word_1_25' title='bbox 2541 787 2726 868; x_wconf 82' lang='lat' dir='ltr'>d‘evi—</span> 
     </span>
     <span class='ocr_line' id='line_1_5' title="bbox 610 904 2730 1015; baseline -0.013 -19"><span class='ocrx_word' id='word_1_26' title='bbox 610 930 810 995; x_wconf 90' lang='lat' dir='ltr'>cisset</span> <span class='ocrx_word' id='word_1_27' title='bbox 825 978 841 1008; x_wconf 90' lang='lat'>,</span> <span class='ocrx_word' id='word_1_28' title='bbox 865 916 1363 1015; x_wconf 82' lang='lat' dir='ltr'>Cappadociam</span> <span class='ocrx_word' id='word_1_29' title='bbox 1386 918 1458 981; x_wconf 92' lang='lat' dir='ltr'>in</span> <span class='ocrx_word' id='word_1_30' title='bbox 1482 914 1849 1007; x_wconf 86' lang='lat' dir='ltr'>provinciae</span> <span class='ocrx_word' id='word_1_31' title='bbox 1872 909 2165 977; x_wconf 85' lang='lat' dir='ltr'>formam</span> <span class='ocrx_word' id='word_1_32' title='bbox 2186 904 2587 997; x_wconf 80' lang='lat' dir='ltr'><strong>redegisset,</strong></span> <span class='ocrx_word' id='word_1_33' title='bbox 2612 926 2730 969; x_wconf 91' lang='lat' dir='ltr'>an-</span> 
     </span>
     <span class='ocr_line' id='line_1_6' title="bbox 611 1010 2728 1121; baseline -0.013 -16"><span class='ocrx_word' id='word_1_34' title='bbox 611 1061 782 1105; x_wconf 90' lang='lat' dir='ltr'>num</span> <span class='ocrx_word' id='word_1_35' title='bbox 817 1032 1030 1102; x_wconf 81' lang='lat' dir='ltr'>aetatis</span> <span class='ocrx_word' id='word_1_36' title='bbox 1063 1050 1270 1119; x_wconf 81' lang='lat' dir='ltr'>agens</span> <span class='ocrx_word' id='word_1_37' title='bbox 1301 1039 1625 1121; x_wconf 90' lang='lat' dir='ltr'>quartum</span> <span class='ocrx_word' id='word_1_38' title='bbox 1652 1037 1719 1088; x_wconf 91' lang='lat' dir='ltr'>et</span> <span class='ocrx_word' id='word_1_39' title='bbox 1746 1020 2181 1089; x_wconf 88' lang='lat' dir='ltr'>tricesimum·</span> <span class='ocrx_word' id='word_1_40' title='bbox 2200 1010 2728 1083; x_wconf 87' lang='lat' dir='ltr'>diutino-morbo</span> 
     </span>
    </p>
   </div>
   <div class='ocr_carea' id='block_1_3' title="bbox 601 1220 1667 4233">
    <p class='ocr_par' dir='ltr' id='par_1_3' title="bbox 613 1220 1641 2331">
     <span class='ocr_line' id='line_1_7' title="bbox 684 1220 1625 1303; baseline -0.016 -19"><span class='ocrx_word' id='word_1_41' title='bbox 684 1251 735 1303; x_wconf 89' lang='lat'>7.</span> <span class='ocrx_word' id='word_1_42' title='bbox 773 1232 936 1284; x_wconf 78' lang='lat' dir='ltr'>Hoste&#39;</span> <span class='ocrx_word' id='word_1_43' title='bbox 957 1246 1082 1280; x_wconf 80' lang='lat' dir='ltr'>mox</span> <span class='ocrx_word' id='word_1_44' title='bbox 1103 1224 1322 1277; x_wconf 76' lang='lat' dir='ltr'>devicto.</span> <span class='ocrx_word' id='word_1_45' title='bbox 1345 1220 1427 1274; x_wconf 83' lang='lat' dir='ltr'>cf.</span> <span class='ocrx_word' id='word_1_46' title='bbox 1453 1220 1625 1271; x_wconf 86' lang='lat' dir='ltr'>Tacit.</span> 
     </span>
     <span class='ocr_line' id='line_1_8' title="bbox 613 1298 1627 1375; baseline -0.018 -11"><span class='ocrx_word' id='word_1_47' title='bbox 613 1310 802 1364; x_wconf 85' lang='lat' dir='ltr'>Annal.</span> <span class='ocrx_word' id='word_1_48' title='bbox 825 1312 849 1361; x_wconf 88' lang='lat'>1</span> <span class='ocrx_word' id='word_1_49' title='bbox 861 1346 878 1375; x_wconf 87' lang='lat'>,</span> <span class='ocrx_word' id='word_1_50' title='bbox 905 1306 976 1359; x_wconf 87' lang='lat'>50</span> <span class='ocrx_word' id='word_1_51' title='bbox 998 1324 1113 1375; x_wconf 88' lang='lat' dir='ltr'>seq.</span> <span class='ocrx_word' id='word_1_52' title='bbox 1132 1332 1206 1343; x_wconf 90' lang='lat'>—</span> <span class='ocrx_word' id='word_1_53' title='bbox 1226 1298 1627 1373; x_wconf 76' lang='lat' dir='ltr'>Triumphavit3</span> 
     </span>
     <span class='ocr_line' id='line_1_9' title="bbox 614 1376 1625 1458; baseline -0.016 -15"><span class='ocrx_word' id='word_1_54' title='bbox 614 1408 740 1444; x_wconf 85' lang='lat' dir='ltr'>ann.</span> <span class='ocrx_word' id='word_1_55' title='bbox 781 1404 902 1458; x_wconf 87' lang='lat'>770.</span> <span class='ocrx_word' id='word_1_56' title='bbox 947 1384 1118 1437; x_wconf 86' lang='lat' dir='ltr'>Tacit.</span> <span class='ocrx_word' id='word_1_57' title='bbox 1159 1378 1353 1432; x_wconf 85' lang='lat' dir='ltr'>Annal.</span> <span class='ocrx_word' id='word_1_58' title='bbox 1397 1380 1479 1445; x_wconf 88' lang='lat'>11,</span> <span class='ocrx_word' id='word_1_59' title='bbox 1519 1376 1583 1442; x_wconf 86' lang='lat'>41</span> <span class='ocrx_word' id='word_1_60' title='bbox 1611 1396 1625 1427; x_wconf 86' lang='lat'><em>=</em></span> 
     </span>
     <span class='ocr_line' id='line_1_10' title="bbox 620 1454 1628 1530; baseline -0.012 -13"><span class='ocrx_word' id='word_1_61' title='bbox 620 1469 725 1520; x_wconf 72' lang='lat' dir='ltr'>«C.</span> <span class='ocrx_word' id='word_1_62' title='bbox 765 1464 1002 1530; x_wconf 64' lang='lat' dir='ltr'>Caecilio,</span> <span class='ocrx_word' id='word_1_63' title='bbox 1043 1462 1102 1512; x_wconf 89' lang='lat' dir='ltr'>L.</span> <span class='ocrx_word' id='word_1_64' title='bbox 1135 1458 1436 1529; x_wconf 90' lang='lat' dir='ltr'>Pomponio</span> <span class='ocrx_word' id='word_1_65' title='bbox 1473 1454 1628 1507; x_wconf 85' lang='lat' dir='ltr'>Coss.</span> 
     </span>
     <span class='ocr_line' id='line_1_11' title="bbox 615 1532 1627 1602; baseline -0.015 -1"><span class='ocrx_word' id='word_1_66' title='bbox 615 1546 964 1602; x_wconf 85' lang='lat' dir='ltr'>Germanicus</span> <span class='ocrx_word' id='word_1_67' title='bbox 991 1541 1166 1593; x_wconf 86' lang='lat' dir='ltr'>Caesar</span> <span class='ocrx_word' id='word_1_68' title='bbox 1203 1557 1253 1589; x_wconf 93' lang='lat' dir='ltr'>a.</span> <span class='ocrx_word' id='word_1_69' title='bbox 1291 1536 1347 1588; x_wconf 90' lang='lat' dir='ltr'>d.</span> <span class='ocrx_word' id='word_1_70' title='bbox 1377 1537 1470 1587; x_wconf 82' lang='lat' dir='ltr'>vn</span> <span class='ocrx_word' id='word_1_71' title='bbox 1505 1532 1627 1586; x_wconf 87' lang='lat' dir='ltr'>Kal.</span> 
     </span>
     <span class='ocr_line' id='line_1_12' title="bbox 617 1614 1632 1691; baseline -0.016 -10"><span class='ocrx_word' id='word_1_72' title='bbox 617 1628 802 1681; x_wconf 80' lang='lat' dir='ltr'>Junias</span> <span class='ocrx_word' id='word_1_73' title='bbox 848 1620 1193 1691; x_wconf 85' lang='lat' dir='ltr'>triumphavit</span> <span class='ocrx_word' id='word_1_74' title='bbox 1238 1616 1304 1668; x_wconf 90' lang='lat' dir='ltr'>de</span> <span class='ocrx_word' id='word_1_75' title='bbox 1350 1614 1632 1667; x_wconf 84' lang='lat' dir='ltr'>Cheruscis</span> 
     </span>
     <span class='ocr_line' id='line_1_13' title="bbox 618 1696 1632 1775; baseline -0.019 -15"><span class='ocrx_word' id='word_1_76' title='bbox 618 1707 893 1775; x_wconf 84' lang='lat' dir='ltr'>Cattisque</span> <span class='ocrx_word' id='word_1_77' title='bbox 931 1714 984 1753; x_wconf 89' lang='lat' dir='ltr'>et</span> <span class='ocrx_word' id='word_1_78' title='bbox 1014 1696 1372 1765; x_wconf 78' lang='lat' dir='ltr'>Angrivariis,</span> <span class='ocrx_word' id='word_1_79' title='bbox 1410 1710 1632 1764; x_wconf 80' lang='lat' dir='ltr'>quaeque</span> 
     </span>
     <span class='ocr_line' id='line_1_14' title="bbox 621 1772 1635 1848; baseline -0.021 -8"><span class='ocrx_word' id='word_1_80' title='bbox 621 1788 732 1840; x_wconf 77' lang='lat' dir='ltr'>aliae</span> <span class='ocrx_word' id='word_1_81' title='bbox 757 1784 1000 1836; x_wconf 73' lang='lat' dir='ltr'>n&#39;ationes</span> <span class='ocrx_word' id='word_1_82' title='bbox 1031 1794 1202 1848; x_wconf 84' lang='lat' dir='ltr'>usque</span> <span class='ocrx_word' id='word_1_83' title='bbox 1228 1774 1298 1827; x_wconf 88' lang='lat' dir='ltr'>ad</span> <span class='ocrx_word' id='word_1_84' title='bbox 1329 1772 1509 1824; x_wconf 81' lang='lat' dir='ltr'>Albim</span> <span class='ocrx_word' id='word_1_85' title='bbox 1538 1790 1635 1822; x_wconf 91' lang='lat' dir='ltr'>co-</span> 
     </span>
     <span class='ocr_line' id='line_1_15' title="bbox 619 1853 1638 1930; baseline -0.018 -13"><span class='ocrx_word' id='word_1_86' title='bbox 619 1866 770 1929; x_wconf 88' lang='lat' dir='ltr'>lunt;</span> <span class='ocrx_word' id='word_1_87' title='bbox 798 1874 952 1916; x_wconf 75' lang='lat' dir='ltr'>vecta</span> <span class='ocrx_word' id='word_1_88' title='bbox 985 1857 1184 1930; x_wconf 84' lang='lat' dir='ltr'>spolia,</span> <span class='ocrx_word' id='word_1_89' title='bbox 1216 1854 1440 1924; x_wconf 82' lang='lat' dir='ltr'>captivi,</span> <span class='ocrx_word' id='word_1_90' title='bbox 1473 1853 1638 1903; x_wconf 88' lang='lat' dir='ltr'>simu-</span> 
     </span>
     <span class='ocr_line' id='line_1_16' title="bbox 620 1930 1640 2013; baseline -0.02 -13"><span class='ocrx_word' id='word_1_91' title='bbox 620 1948 768 1999; x_wconf 83' lang='lat' dir='ltr'>lacra</span> <span class='ocrx_word' id='word_1_92' title='bbox 789 1944 1050 2013; x_wconf 79' lang='lat' dir='ltr'>montium</span> <span class='ocrx_word' id='word_1_93' title='bbox 1067 1978 1084 2005; x_wconf 91' lang='lat'>,</span> <span class='ocrx_word' id='word_1_94' title='bbox 1111 1937 1416 2000; x_wconf 85' lang='lat' dir='ltr'>fluminum,</span> <span class='ocrx_word' id='word_1_95' title='bbox 1436 1930 1640 2003; x_wconf 73' lang='lat' dir='ltr'>praelio-</span> 
     </span>
     <span class='ocr_line' id='line_1_17' title="bbox 623 2011 1639 2089; baseline -0.019 -9"><span class='ocrx_word' id='word_1_96' title='bbox 623 2035 781 2079; x_wconf 81' lang='lat' dir='ltr'>r&#39;um:</span> <span class='ocrx_word' id='word_1_97' title='bbox 824 2021 1167 2089; x_wconf 82' lang='lat' dir='ltr'><strong>bellumque,</strong></span> <span class='ocrx_word' id='word_1_98' title='bbox 1207 2015 1331 2085; x_wconf 86' lang='lat' dir='ltr'>quia</span> <span class='ocrx_word' id='word_1_99' title='bbox 1373 2011 1639 2065; x_wconf 86' lang='lat' dir='ltr'>conficere</span> 
     </span>
     <span class='ocr_line' id='line_1_18' title="bbox 623 2093 1641 2180; baseline -0.019 -19"><span class='ocrx_word' id='word_1_100' title='bbox 623 2106 928 2180; x_wconf 76' lang='lat' dir='ltr'>prohibitus</span> <span class='ocrx_word' id='word_1_101' title='bbox 949 2114 1089 2165; x_wconf 84' lang='lat' dir='ltr'>erat,</span> <span class='ocrx_word' id='word_1_102' title='bbox 1109 2116 1208 2169; x_wconf 88' lang='lat' dir='ltr'>pro</span> <span class='ocrx_word' id='word_1_103' title='bbox 1231 2096 1480 2148; x_wconf 74' lang='lat' dir='ltr'>confecto</span> <span class='ocrx_word' id='word_1_104' title='bbox 1503 2093 1641 2144; x_wconf 87' lang='lat' dir='ltr'>acci-</span> 
     </span>
     <span class='ocr_line' id='line_1_19' title="bbox 623 2172 1640 2261; baseline -0.019 -21"><span class='ocrx_word' id='word_1_105' title='bbox 623 2186 892 2261; x_wconf 78' lang='lat' dir='ltr'>piebatur,</span> <span class='ocrx_word' id='word_1_106' title='bbox 927 2194 1072 2233; x_wconf 63' lang='lat' dir='ltr'>etms·</span> <span class='ocrx_word' id='word_1_107' title='bbox 1107 2177 1190 2229; x_wconf 85' lang='lat' dir='ltr'>Cf.</span> <span class='ocrx_word' id='word_1_108' title='bbox 1225 2172 1359 2225; x_wconf 87' lang='lat' dir='ltr'>Vell.</span> <span class='ocrx_word' id='word_1_109' title='bbox 1393 2174 1473 2238; x_wconf 89' lang='lat'>11,</span> <span class='ocrx_word' id='word_1_110' title='bbox 1510 2186 1640 2238; x_wconf 73' lang='lat'>1293</span> 
     </span>
     <span class='ocr_line' id='line_1_20' title="bbox 628 2252 1316 2331; baseline -0.023 -12"><span class='ocrx_word' id='word_1_111' title='bbox 628 2265 847 2331; x_wconf 83' lang='lat' dir='ltr'>Strabo,</span> <span class='ocrx_word' id='word_1_112' title='bbox 864 2265 985 2325; x_wconf 87' lang='lat' dir='ltr'>vll,</span> <span class='ocrx_word' id='word_1_113' title='bbox 1016 2276 1063 2325; x_wconf 87' lang='lat'>1,</span> <span class='ocrx_word' id='word_1_114' title='bbox 1089 2256 1115 2328; x_wconf 83' lang='lat'>§</span> <span class='ocrx_word' id='word_1_115' title='bbox 1141 2258 1172 2309; x_wconf 88' lang='lat'>3</span> <span class='ocrx_word' id='word_1_116' title='bbox 1195 2268 1248 2307; x_wconf 93' lang='lat' dir='ltr'>et</span> <span class='ocrx_word' id='word_1_117' title='bbox 1267 2252 1316 2319; x_wconf 89' lang='lat'>4.</span> 
     </span>
    </p>

    <p class='ocr_par' dir='ltr' id='par_1_4' title="bbox 633 2336 1645 2495">
     <span class='ocr_line' id='line_1_21' title="bbox 702 2336 1641 2395; baseline -0.019 0"><span class='ocrx_word' id='word_1_118' title='bbox 702 2344 752 2395; x_wconf 88' lang='grc'>8.</span> <span class='ocrx_word' id='word_1_119' title='bbox 781 2338 1028 2394; x_wconf 78' lang='lat' dir='ltr'>Consul...</span> <span class='ocrx_word' id='word_1_120' title='bbox 1049 2336 1242 2387; x_wconf 77' lang='lat' dir='ltr'>iterum</span> <span class='ocrx_word' id='word_1_121' title='bbox 1270 2340 1494 2391; x_wconf 78' lang='lat' dir='ltr'>creatus‚·</span> <span class='ocrx_word' id='word_1_122' title='bbox 1517 2345 1641 2379; x_wconf 87' lang='lat' dir='ltr'>ann.</span> 
     </span>
     <span class='ocr_line' id='line_1_22' title="bbox 633 2406 1645 2495; baseline -0.021 -20"><span class='ocrx_word' id='word_1_123' title='bbox 633 2440 754 2495; x_wconf 87' lang='lat'>771.</span> <span class='ocrx_word' id='word_1_124' title='bbox 799 2419 967 2471; x_wconf 85' lang='lat' dir='ltr'>Tacit.</span> <span class='ocrx_word' id='word_1_125' title='bbox 1007 2412 1201 2465; x_wconf 88' lang='lat' dir='ltr'>Annal.</span> <span class='ocrx_word' id='word_1_126' title='bbox 1237 2412 1318 2477; x_wconf 86' lang='lat'>11,</span> <span class='ocrx_word' id='word_1_127' title='bbox 1354 2406 1419 2461; x_wconf 86' lang='lat'>53</span> <span class='ocrx_word' id='word_1_128' title='bbox 1449 2428 1462 2457; x_wconf 74' lang='lat' dir='ltr'><strong><em>z</em></strong></span> <span class='ocrx_word' id='word_1_129' title='bbox 1506 2406 1645 2457; x_wconf 71' lang='lat' dir='ltr'>«Se-</span> 
     </span>
    </p>

    <p class='ocr_par' dir='ltr' id='par_1_5' title="bbox 601 2482 1667 4154">
     <span class='ocr_line' id='line_1_23' title="bbox 601 2482 1648 2576; baseline -0.022 -20"><span class='ocrx_word' id='word_1_130' title='bbox 601 2521 606 2526; x_wconf 76' lang='grc'><em>“</em></span> <span class='ocrx_word' id='word_1_131' title='bbox 633 2519 804 2576; x_wconf 81' lang='lat' dir='ltr'>quens</span> <span class='ocrx_word' id='word_1_132' title='bbox 823 2514 994 2551; x_wconf 89' lang='lat' dir='ltr'>annus</span> <span class='ocrx_word' id='word_1_133' title='bbox 1014 2490 1285 2545; x_wconf 81' lang='lat' dir='ltr'>Tiberium</span> <span class='ocrx_word' id='word_1_134' title='bbox 1306 2487 1489 2550; x_wconf 84' lang='lat' dir='ltr'>tertio,</span> <span class='ocrx_word' id='word_1_135' title='bbox 1511 2482 1648 2536; x_wconf 86' lang='lat' dir='ltr'>Ger-</span> 
     </span>
     <span class='ocr_line' id='line_1_24' title="bbox 631 2563 1645 2634; baseline -0.024 1"><span class='ocrx_word' id='word_1_136' title='bbox 631 2583 902 2634; x_wconf 88' lang='lat' dir='ltr'>manicum</span> <span class='ocrx_word' id='word_1_137' title='bbox 933 2579 1123 2632; x_wconf 76' lang='lat' dir='ltr'>iterum</span> <span class='ocrx_word' id='word_1_138' title='bbox 1146 2565 1404 2622; x_wconf 81' lang='lat' dir='ltr'>Consules</span> <span class='ocrx_word' id='word_1_139' title='bbox 1427 2563 1645 2616; x_wconf 87' lang='lat' dir='ltr'>habuit:</span> 
     </span>
     <span class='ocr_line' id='line_1_25' title="bbox 634 2644 1651 2716; baseline -0.023 -1"><span class='ocrx_word' id='word_1_140' title='bbox 634 2662 730 2716; x_wconf 81' lang='lat' dir='ltr'>sed</span> <span class='ocrx_word' id='word_1_141' title='bbox 745 2679 864 2711; x_wconf 88' lang='lat' dir='ltr'>eum</span> <span class='ocrx_word' id='word_1_142' title='bbox 880 2657 1140 2707; x_wconf 87' lang='lat' dir='ltr'>honorem</span> <span class='ocrx_word' id='word_1_143' title='bbox 1163 2647 1514 2700; x_wconf 87' lang='lat' dir='ltr'>Germanicus</span> <span class='ocrx_word' id='word_1_144' title='bbox 1532 2644 1651 2694; x_wconf 86' lang='lat' dir='ltr'>iniit</span> 
     </span>
     <span class='ocr_line' id='line_1_26' title="bbox 634 2722 1650 2813; baseline -0.022 -19"><span class='ocrx_word' id='word_1_145' title='bbox 634 2739 780 2813; x_wconf 87' lang='lat' dir='ltr'>apud</span> <span class='ocrx_word' id='word_1_146' title='bbox 818 2736 1006 2788; x_wconf 87' lang='lat' dir='ltr'>urbem</span> <span class='ocrx_word' id='word_1_147' title='bbox 1047 2730 1258 2782; x_wconf 74' lang='lat' dir='ltr'>Achaim</span> <span class='ocrx_word' id='word_1_148' title='bbox 1301 2722 1650 2795; x_wconf 84' lang='lat' dir='ltr'>Nicopolim,</span> 
     </span>
     <span class='ocr_line' id='line_1_27' title="bbox 637 2807 1649 2894; baseline -0.022 -21"><span class='ocrx_word' id='word_1_149' title='bbox 637 2840 746 2894; x_wconf 88' lang='lat' dir='ltr'>quo</span> <span class='ocrx_word' id='word_1_150' title='bbox 784 2825 996 2869; x_wconf 87' lang='lat' dir='ltr'>venerat</span> <span class='ocrx_word' id='word_1_151' title='bbox 1031 2830 1128 2880; x_wconf 84' lang='lat' dir='ltr'>per</span> <span class='ocrx_word' id='word_1_152' title='bbox 1164 2807 1426 2878; x_wconf 75' lang='lat' dir='ltr'>illyricam</span> <span class='ocrx_word' id='word_1_153' title='bbox 1469 2822 1649 2868; x_wconf 86' lang='lat' dir='ltr'>oram,</span> 
     </span>
     <span class='ocr_line' id='line_1_28' title="bbox 637 2881 1651 2952; baseline -0.02 -1"><span class='ocrx_word' id='word_1_154' title='bbox 637 2901 752 2950; x_wconf 80' lang='lat' dir='ltr'>viso</span> <span class='ocrx_word' id='word_1_155' title='bbox 804 2898 965 2946; x_wconf 82' lang='lat' dir='ltr'>fratre</span> <span class='ocrx_word' id='word_1_156' title='bbox 1010 2890 1184 2940; x_wconf 83' lang='lat' dir='ltr'>Druso</span> <span class='ocrx_word' id='word_1_157' title='bbox 1207 2887 1244 2952; x_wconf 73' lang='lat'>,&#39;</span> <span class='ocrx_word' id='word_1_158' title='bbox 1280 2888 1338 2936; x_wconf 87' lang='lat' dir='ltr'>in</span> <span class='ocrx_word' id='word_1_159' title='bbox 1387 2881 1651 2934; x_wconf 83' lang='lat' dir='ltr'>Dalmatia</span> 
     </span>
     <span class='ocr_line' id='line_1_29' title="bbox 640 2959 1652 3048; baseline -0.011 -27"><span class='ocrx_word' id='word_1_160' title='bbox 640 2989 848 3048; x_wconf 63' lang='lat' dir='ltr'>agente.</span> <span class='ocrx_word' id='word_1_161' title='bbox 873 2996 894 3018; x_wconf 68' lang='lat'>2,</span> <span class='ocrx_word' id='word_1_162' title='bbox 927 3000 999 3010; x_wconf 90' lang='lat'>--</span> <span class='ocrx_word' id='word_1_163' title='bbox 1030 2969 1109 3019; x_wconf 88' lang='lat' dir='ltr'>Ac</span> <span class='ocrx_word' id='word_1_164' title='bbox 1135 2965 1361 3038; x_wconf 80' lang='lat' dir='ltr'>prius....</span> <span class='ocrx_word' id='word_1_165' title='bbox 1391 2959 1652 3034; x_wconf 80' lang='lat' dir='ltr'>expulsus.</span> 
     </span>
     <span class='ocr_line' id='line_1_30' title="bbox 639 3040 1655 3111; baseline -0.018 -5"><span class='ocrx_word' id='word_1_166' title='bbox 639 3055 810 3106; x_wconf 87' lang='lat' dir='ltr'>Tacit.</span> <span class='ocrx_word' id='word_1_167' title='bbox 837 3047 1032 3101; x_wconf 88' lang='lat' dir='ltr'>Annal.</span> <span class='ocrx_word' id='word_1_168' title='bbox 1057 3048 1134 3111; x_wconf 87' lang='lat'>11,</span> <span class='ocrx_word' id='word_1_169' title='bbox 1160 3043 1190 3094; x_wconf 88' lang='grc'><strong>5</strong></span> <span class='ocrx_word' id='word_1_170' title='bbox 1211 3065 1223 3093; x_wconf 91' lang='lat'><strong>:</strong></span> <span class='ocrx_word' id='word_1_171' title='bbox 1253 3065 1275 3088; x_wconf 73' lang='lat' dir='ltr'>a</span> <span class='ocrx_word' id='word_1_172' title='bbox 1295 3043 1544 3094; x_wconf 84' lang='lat' dir='ltr'>Ceterum</span> <span class='ocrx_word' id='word_1_173' title='bbox 1567 3040 1655 3089; x_wconf 91' lang='lat' dir='ltr'>Ti-</span> 
     </span>
     <span class='ocr_line' id='line_1_31' title="bbox 640 3118 1657 3194; baseline -0.02 -7"><span class='ocrx_word' id='word_1_174' title='bbox 640 3135 792 3188; x_wconf 89' lang='lat' dir='ltr'>berio</span> <span class='ocrx_word' id='word_1_175' title='bbox 822 3126 966 3181; x_wconf 87' lang='lat' dir='ltr'>haud</span> <span class='ocrx_word' id='word_1_176' title='bbox 996 3129 1262 3194; x_wconf 76' lang='lat' dir='ltr'>ingratum</span> <span class='ocrx_word' id='word_1_177' title='bbox 1289 3118 1510 3186; x_wconf 87' lang='lat' dir='ltr'>accidit,</span> <span class='ocrx_word' id='word_1_178' title='bbox 1543 3132 1657 3169; x_wconf 74' lang='lat' dir='ltr'>tun-</span> 
     </span>
     <span class='ocr_line' id='line_1_32' title="bbox 641 3199 1656 3272; baseline -0.021 -5"><span class='ocrx_word' id='word_1_179' title='bbox 641 3214 758 3267; x_wconf 88' lang='lat' dir='ltr'>bari</span> <span class='ocrx_word' id='word_1_180' title='bbox 774 3229 856 3264; x_wconf 85' lang='lat' dir='ltr'>res</span> <span class='ocrx_word' id='word_1_181' title='bbox 878 3206 1140 3266; x_wconf 76' lang='lat' dir='ltr'>Orie&#39;mi53</span> <span class='ocrx_word' id='word_1_182' title='bbox 1164 3214 1224 3252; x_wconf 84' lang='lat' dir='ltr'>ut</span> <span class='ocrx_word' id='word_1_183' title='bbox 1247 3218 1307 3252; x_wconf 79' lang='lat' dir='ltr'>ea</span> <span class='ocrx_word' id='word_1_184' title='bbox 1330 3201 1505 3272; x_wconf 87' lang='lat' dir='ltr'>specie</span> <span class='ocrx_word' id='word_1_185' title='bbox 1525 3199 1656 3249; x_wconf 89' lang='lat' dir='ltr'>Ger-</span> 
     </span>
     <span class='ocr_line' id='line_1_33' title="bbox 644 3277 1659 3352; baseline -0.019 -6"><span class='ocrx_word' id='word_1_186' title='bbox 644 3294 912 3346; x_wconf 86' lang='lat' dir='ltr'>manicum</span> <span class='ocrx_word' id='word_1_187' title='bbox 940 3285 1103 3338; x_wconf 83' lang='lat' dir='ltr'>suetis</span> <span class='ocrx_word' id='word_1_188' title='bbox 1127 3279 1430 3352; x_wconf 74' lang='lat' dir='ltr'>legionibus</span> <span class='ocrx_word' id='word_1_189' title='bbox 1456 3277 1659 3329; x_wconf 83' lang='lat' dir='ltr'>abstra-</span> 
     </span>
     <span class='ocr_line' id='line_1_34' title="bbox 643 3360 1660 3438; baseline -0.02 -12"><span class='ocrx_word' id='word_1_190' title='bbox 643 3374 833 3438; x_wconf 87' lang='lat' dir='ltr'>heret,</span> <span class='ocrx_word' id='word_1_191' title='bbox 861 3368 1120 3437; x_wconf 79' lang='lat' dir='ltr'>novisque</span> <span class='ocrx_word' id='word_1_192' title='bbox 1159 3361 1446 3434; x_wconf 85' lang='lat' dir='ltr'>provinciis</span> <span class='ocrx_word' id='word_1_193' title='bbox 1483 3360 1660 3428; x_wconf 87' lang='lat' dir='ltr'>impo-</span> 
     </span>
     <span class='ocr_line' id='line_1_35' title="bbox 645 3435 1661 3517; baseline -0.02 -11"><span class='ocrx_word' id='word_1_194' title='bbox 645 3455 840 3517; x_wconf 87' lang='lat' dir='ltr'>situm,</span> <span class='ocrx_word' id='word_1_195' title='bbox 864 3447 990 3499; x_wconf 86' lang='lat' dir='ltr'>dolo</span> <span class='ocrx_word' id='word_1_196' title='bbox 1017 3441 1174 3498; x_wconf 85' lang='lat' dir='ltr'>simul</span> <span class='ocrx_word' id='word_1_197' title='bbox 1201 3453 1253 3491; x_wconf 89' lang='lat' dir='ltr'>et</span> <span class='ocrx_word' id='word_1_198' title='bbox 1275 3437 1488 3490; x_wconf 83' lang='lat' dir='ltr'>casibus</span> <span class='ocrx_word' id='word_1_199' title='bbox 1515 3435 1661 3507; x_wconf 87' lang='lat' dir='ltr'>obje-</span> 
     </span>
     <span class='ocr_line' id='line_1_36' title="bbox 648 3517 1660 3584; baseline -0.017 1"><span class='ocrx_word' id='word_1_200' title='bbox 648 3533 834 3584; x_wconf 77' lang='lat' dir='ltr'>ctaret.</span> <span class='ocrx_word' id='word_1_201' title='bbox 857 3551 879 3575; x_wconf 67' lang='lat' dir='ltr'>a</span> <span class='ocrx_word' id='word_1_202' title='bbox 935 3524 1130 3575; x_wconf 83' lang='lat' dir='ltr'>Missus</span> <span class='ocrx_word' id='word_1_203' title='bbox 1180 3532 1262 3571; x_wconf 88' lang='lat' dir='ltr'>est</span> <span class='ocrx_word' id='word_1_204' title='bbox 1311 3517 1660 3571; x_wconf 78' lang='lat' dir='ltr'>Germanicus</span> 
     </span>
     <span class='ocr_line' id='line_1_37' title="bbox 649 3595 1659 3679; baseline -0.015 -17"><span class='ocrx_word' id='word_1_205' title='bbox 649 3629 774 3662; x_wconf 77' lang='lat' dir='ltr'>ann.</span> <span class='ocrx_word' id='word_1_206' title='bbox 801 3622 935 3679; x_wconf 82' lang='lat'>770,</span> <span class='ocrx_word' id='word_1_207' title='bbox 961 3602 1137 3656; x_wconf 83' lang='lat' dir='ltr'>statim</span> <span class='ocrx_word' id='word_1_208' title='bbox 1161 3611 1286 3671; x_wconf 86' lang='lat' dir='ltr'>post</span> <span class='ocrx_word' id='word_1_209' title='bbox 1309 3595 1659 3666; x_wconf 83' lang='lat' dir='ltr'>triumphum.</span> 
     </span>
     <span class='ocr_line' id='line_1_38' title="bbox 648 3675 1663 3745; baseline -0.016 -2"><span class='ocrx_word' id='word_1_210' title='bbox 648 3681 818 3742; x_wconf 80' lang='lat' dir='ltr'>Tacit.</span> <span class='ocrx_word' id='word_1_211' title='bbox 852 3681 1045 3736; x_wconf 83' lang='lat' dir='ltr'>Annal.</span> <span class='ocrx_word' id='word_1_212' title='bbox 1079 3683 1156 3745; x_wconf 81' lang='lat'>11,</span> <span class='ocrx_word' id='word_1_213' title='bbox 1188 3679 1290 3745; x_wconf 87' lang='lat'>43,</span> <span class='ocrx_word' id='word_1_214' title='bbox 1333 3701 1354 3723; x_wconf 75' lang='grc' dir='ltr'><strong>α</strong></span> <span class='ocrx_word' id='word_1_215' title='bbox 1375 3679 1528 3728; x_wconf 88' lang='lat' dir='ltr'>Tunc</span> <span class='ocrx_word' id='word_1_216' title='bbox 1565 3675 1663 3728; x_wconf 87' lang='lat' dir='ltr'>de-</span> 
     </span>
     <span class='ocr_line' id='line_1_39' title="bbox 647 3755 1662 3829; baseline -0.016 -8"><span class='ocrx_word' id='word_1_217' title='bbox 647 3773 797 3820; x_wconf 81' lang='lat' dir='ltr'>c‘reto</span> <span class='ocrx_word' id='word_1_218' title='bbox 822 3767 1038 3815; x_wconf 88' lang='lat' dir='ltr'>Patrum</span> <span class='ocrx_word' id='word_1_219' title='bbox 1061 3759 1324 3829; x_wconf 69' lang='lat' dir='ltr'>permissae</span> <span class='ocrx_word' id='word_1_220' title='bbox 1343 3755 1662 3806; x_wconf 88' lang='lat' dir='ltr'>Germanico</span> 
     </span>
     <span class='ocr_line' id='line_1_40' title="bbox 646 3834 1666 3921; baseline -0.013 -22"><span class='ocrx_word' id='word_1_221' title='bbox 646 3845 973 3921; x_wconf 69' lang='lat' dir='ltr'>provinciae,</span> <span class='ocrx_word' id='word_1_222' title='bbox 1013 3857 1126 3911; x_wconf 85' lang='lat' dir='ltr'>quae</span> <span class='ocrx_word' id='word_1_223' title='bbox 1165 3836 1298 3887; x_wconf 86' lang='lat' dir='ltr'>mari</span> <span class='ocrx_word' id='word_1_224' title='bbox 1339 3834 1666 3900; x_wconf 84' lang='lat' dir='ltr'>dividuntur,</span> 
     </span>
     <span class='ocr_line' id='line_1_41' title="bbox 647 3913 1667 3998; baseline -0.025 -18"><span class='ocrx_word' id='word_1_225' title='bbox 647 3929 929 3998; x_wconf 79' lang='lat' dir='ltr'>majusque</span> <span class='ocrx_word' id='word_1_226' title='bbox 967 3917 1284 3990; x_wconf 84' lang='lat' dir='ltr'>imperium,</span> <span class='ocrx_word' id='word_1_227' title='bbox 1321 3933 1540 3986; x_wconf 83' lang='lat' dir='ltr'>quoquo</span> <span class='ocrx_word' id='word_1_228' title='bbox 1571 3913 1667 3966; x_wconf 72' lang='lat' dir='ltr'>ad-</span> 
     </span>
     <span class='ocr_line' id='line_1_42' title="bbox 635 3995 1665 4075; baseline -0.014 -15"><span class='ocrx_word' id='word_1_229' title='bbox 635 4009 806 4072; x_wconf 71' lang='lat' dir='ltr'>isset,</span> <span class='ocrx_word' id='word_1_230' title='bbox 828 4019 988 4075; x_wconf 89' lang='lat' dir='ltr'>quam</span> <span class='ocrx_word' id='word_1_231' title='bbox 1001 3998 1113 4063; x_wconf 87' lang='lat' dir='ltr'>his,</span> <span class='ocrx_word' id='word_1_232' title='bbox 1135 3997 1224 4068; x_wconf 91' lang='lat' dir='ltr'>qui</span> <span class='ocrx_word' id='word_1_233' title='bbox 1241 4009 1381 4048; x_wconf 82' lang='lat' dir='ltr'>sorte</span> <span class='ocrx_word' id='word_1_234' title='bbox 1397 4009 1488 4046; x_wconf 90' lang='lat' dir='ltr'>aut</span> <span class='ocrx_word' id='word_1_235' title='bbox 1505 3995 1665 4047; x_wconf 82' lang='lat' dir='ltr'>missu</span> 
     </span>
     <span class='ocr_line' id='line_1_43' title="bbox 637 4078 1300 4154; baseline -0.024 -15"><span class='ocrx_word' id='word_1_236' title='bbox 637 4084 908 4154; x_wconf 59' lang='lat' dir='ltr'>*Principis</span> <span class='ocrx_word' id='word_1_237' title='bbox 937 4078 1256 4132; x_wconf 78' lang='lat' dir='ltr'>obtinerent.</span> <span class='ocrx_word' id='word_1_238' title='bbox 1278 4098 1300 4123; x_wconf 75' lang='grc' dir='ltr'>ιι</span> 
     </span>
    </p>

    <p class='ocr_par' dir='ltr' id='par_1_6' title="bbox 701 4153 1665 4233">
     <span class='ocr_line' id='line_1_44' title="bbox 701 4153 1665 4233; baseline -0.015 -17"><span class='ocrx_word' id='word_1_239' title='bbox 701 4166 777 4233; x_wconf 73' lang='grc' dir='ltr'>ζ9.</span> <span class='ocrx_word' id='word_1_240' title='bbox 820 4163 993 4233; x_wconf 83' lang='lat' dir='ltr'>Qnum</span> <span class='ocrx_word' id='word_1_241' title='bbox 1023 4155 1294 4210; x_wconf 72' lang='lat' dir='ltr'>Armenia?</span> <span class='ocrx_word' id='word_1_242' title='bbox 1318 4173 1487 4230; x_wconf 75' lang='lat' dir='ltr'>reqem</span> <span class='ocrx_word' id='word_1_243' title='bbox 1523 4153 1665 4208; x_wconf 78' lang='lat' dir='ltr'>devi-</span> 
     </span>
    </p>
   </div>
   <div class='ocr_carea' id='block_1_4' title="bbox 1717 1198 2737 1360">
    <p class='ocr_par' dir='ltr' id='par_1_7' title="bbox 1717 1198 2737 1360">
     <span class='ocr_line' id='line_1_45' title="bbox 1717 1198 2732 1283; baseline -0.014 -13"><span class='ocrx_word' id='word_1_244' title='bbox 1717 1202 1887 1277; x_wconf 60' lang='lat' dir='ltr'>&#39;cisseu</span> <span class='ocrx_word' id='word_1_245' title='bbox 1916 1215 2049 1267; x_wconf 64' lang='lat' dir='ltr'>anti.⁴</span> <span class='ocrx_word' id='word_1_246' title='bbox 2070 1216 2195 1283; x_wconf 78' lang='lat'>7&#39;71.</span> <span class='ocrx_word' id='word_1_247' title='bbox 2222 1198 2404 1263; x_wconf 75' lang='lat' dir='ltr'>Tacit.</span> <span class='ocrx_word' id='word_1_248' title='bbox 2430 1204 2624 1261; x_wconf 81' lang='lat' dir='ltr'>Annal.</span> <span class='ocrx_word' id='word_1_249' title='bbox 2652 1208 2732 1271; x_wconf 82' lang='grc' dir='ltr'>Π,</span> 
     </span>
     <span class='ocr_line' id='line_1_46' title="bbox 1718 1286 2737 1360; baseline -0.01 -14"><span class='ocrx_word' id='word_1_250' title='bbox 1718 1294 1825 1347; x_wconf 76' lang='lat'>56:</span> <span class='ocrx_word' id='word_1_251' title='bbox 1867 1316 1891 1339; x_wconf 75' lang='grc' dir='ltr'>ι</span> <span class='ocrx_word' id='word_1_252' title='bbox 1912 1292 2149 1343; x_wconf 81' lang='lat' dir='ltr'>Armenii</span> <span class='ocrx_word' id='word_1_253' title='bbox 2186 1308 2367 1360; x_wconf 73' lang='lat' dir='ltr'>regem</span> <span class='ocrx_word' id='word_1_254' title='bbox 2402 1286 2491 1339; x_wconf 84' lang='lat' dir='ltr'>illa</span> <span class='ocrx_word' id='word_1_255' title='bbox 2526 1300 2737 1358; x_wconf 86' lang='lat' dir='ltr'>tempe-</span> 
     </span>
    </p>
   </div>
   <div class='ocr_carea' id='block_1_5' title="bbox 1696 1370 2737 1437">
    <p class='ocr_par' dir='ltr' id='par_1_8' title="bbox 1696 1370 2737 1437">
     <span class='ocr_line' id='line_1_47' title="bbox 1696 1370 2737 1437; baseline -0.01 -10"><span class='ocrx_word' id='word_1_256' title='bbox 1696 1386 1855 1427; x_wconf 70' lang='lat' dir='ltr'>”state</span> <span class='ocrx_word' id='word_1_257' title='bbox 1881 1392 1991 1425; x_wconf 90' lang='lat' dir='ltr'>non</span> <span class='ocrx_word' id='word_1_258' title='bbox 2016 1371 2290 1425; x_wconf 82' lang='lat' dir='ltr'>habebant</span> <span class='ocrx_word' id='word_1_259' title='bbox 2307 1409 2324 1437; x_wconf 87' lang='lat'>,</span> <span class='ocrx_word' id='word_1_260' title='bbox 2344 1382 2526 1422; x_wconf 84' lang='lat' dir='ltr'>amoto</span> <span class='ocrx_word' id='word_1_261' title='bbox 2550 1370 2737 1418; x_wconf 88' lang='lat' dir='ltr'>Vono-</span> 
     </span>
    </p>
   </div>
   <div class='ocr_carea' id='block_1_6' title="bbox 1718 1445 2750 2639">
    <p class='ocr_par' dir='ltr' id='par_1_9' title="bbox 1718 1445 2750 2639">
     <span class='ocr_line' id='line_1_48' title="bbox 1718 1445 2737 1517; baseline -0.011 -10"><span class='ocrx_word' id='word_1_262' title='bbox 1718 1474 1815 1517; x_wconf 87' lang='lat' dir='ltr'>ne;</span> <span class='ocrx_word' id='word_1_263' title='bbox 1838 1452 1931 1506; x_wconf 80' lang='lat' dir='ltr'>sed</span> <span class='ocrx_word' id='word_1_264' title='bbox 1956 1454 2107 1504; x_wconf 81' lang='lat' dir='ltr'>favor</span> <span class='ocrx_word' id='word_1_265' title='bbox 2122 1450 2354 1503; x_wconf 90' lang='lat' dir='ltr'>nationis</span> <span class='ocrx_word' id='word_1_266' title='bbox 2374 1445 2667 1500; x_wconf 84' lang='lat' dir='ltr'>inclinabat</span> <span class='ocrx_word' id='word_1_267' title='bbox 2680 1447 2737 1497; x_wconf 88' lang='lat' dir='ltr'>in</span> 
     </span>
     <span class='ocr_line' id='line_1_49' title="bbox 1719 1524 2739 1599; baseline -0.01 -13"><span class='ocrx_word' id='word_1_268' title='bbox 1719 1537 1991 1587; x_wconf 87' lang='lat' dir='ltr'>Zenonem</span> <span class='ocrx_word' id='word_1_269' title='bbox 2005 1568 2024 1599; x_wconf 80' lang='lat'>‚</span> <span class='ocrx_word' id='word_1_270' title='bbox 2046 1531 2346 1584; x_wconf 83' lang='lat' dir='ltr'>Polemonis</span> <span class='ocrx_word' id='word_1_271' title='bbox 2368 1529 2509 1599; x_wconf 75' lang='lat' dir='ltr'>regis</span> <span class='ocrx_word' id='word_1_272' title='bbox 2530 1524 2739 1577; x_wconf 76' lang='lat' dir='ltr'>Pontici</span> 
     </span>
     <span class='ocr_line' id='line_1_50' title="bbox 1722 1604 2741 1684; baseline -0.012 -18"><span class='ocrx_word' id='word_1_273' title='bbox 1722 1614 1921 1681; x_wconf 80' lang='lat' dir='ltr'>filium,</span> <span class='ocrx_word' id='word_1_274' title='bbox 1953 1612 2099 1684; x_wconf 89' lang='lat' dir='ltr'>quod</span> <span class='ocrx_word' id='word_1_275' title='bbox 2128 1612 2174 1662; x_wconf 88' lang='lat' dir='ltr'>is</span> <span class='ocrx_word' id='word_1_276' title='bbox 2210 1610 2393 1680; x_wconf 86' lang='lat' dir='ltr'>prima·</span> <span class='ocrx_word' id='word_1_277' title='bbox 2416 1604 2483 1658; x_wconf 83' lang='lat' dir='ltr'>ab</span> <span class='ocrx_word' id='word_1_278' title='bbox 2510 1605 2741 1657; x_wconf 84' lang='lat' dir='ltr'>infantia</span> 
     </span>
     <span class='ocr_line' id='line_1_51' title="bbox 1724 1688 2741 1746; baseline -0.011 1"><span class='ocrx_word' id='word_1_279' title='bbox 1724 1696 1966 1746; x_wconf 84' lang='lat' dir='ltr'>instituta</span> <span class='ocrx_word' id='word_1_280' title='bbox 2014 1707 2065 1745; x_wconf 88' lang='lat' dir='ltr'>et</span> <span class='ocrx_word' id='word_1_281' title='bbox 2112 1690 2319 1743; x_wconf 83' lang='lat' dir='ltr'>cultum</span> <span class='ocrx_word' id='word_1_282' title='bbox 2363 1688 2741 1739; x_wconf 85' lang='lat' dir='ltr'>Armeniorum</span> 
     </span>
     <span class='ocr_line' id='line_1_52' title="bbox 1726 1764 2741 1837; baseline -0.01 -13"><span class='ocrx_word' id='word_1_283' title='bbox 1726 1771 1999 1824; x_wconf 85' lang='lat' dir='ltr'>aemulatus</span> <span class='ocrx_word' id='word_1_284' title='bbox 2016 1809 2033 1835; x_wconf 88' lang='lat'>,</span> <span class='ocrx_word' id='word_1_285' title='bbox 2063 1782 2261 1820; x_wconf 78' lang='lat' dir='ltr'>venatu</span> <span class='ocrx_word' id='word_1_286' title='bbox 2280 1805 2295 1831; x_wconf 93' lang='lat'>‚</span> <span class='ocrx_word' id='word_1_287' title='bbox 2322 1764 2523 1837; x_wconf 83' lang='lat' dir='ltr'>epulis&#39;,</span> <span class='ocrx_word' id='word_1_288' title='bbox 2548 1777 2600 1815; x_wconf 88' lang='lat' dir='ltr'>et</span> <span class='ocrx_word' id='word_1_289' title='bbox 2626 1782 2741 1835; x_wconf 77' lang='lat' dir='ltr'>quae</span> 
     </span>
     <span class='ocr_line' id='line_1_53' title="bbox 1728 1840 2743 1913; baseline -0.01 -12"><span class='ocrx_word' id='word_1_290' title='bbox 1728 1849 1830 1902; x_wconf 87' lang='lat' dir='ltr'>alia</span> <span class='ocrx_word' id='word_1_291' title='bbox 1876 1848 2091 1899; x_wconf 85' lang='lat' dir='ltr'>barbari</span> <span class='ocrx_word' id='word_1_292' title='bbox 2136 1844 2407 1897; x_wconf 84' lang='lat' dir='ltr'>celebrant</span> <span class='ocrx_word' id='word_1_293' title='bbox 2426 1880 2444 1909; x_wconf 88' lang='lat'>,</span> <span class='ocrx_word' id='word_1_294' title='bbox 2490 1840 2743 1913; x_wconf 80' lang='lat' dir='ltr'>proceres</span> 
     </span>
     <span class='ocr_line' id='line_1_54' title="bbox 1730 1925 2745 2002; baseline -0.008 -20"><span class='ocrx_word' id='word_1_295' title='bbox 1730 1930 2049 2002; x_wconf 83' lang='lat' dir='ltr'>plebemque</span> <span class='ocrx_word' id='word_1_296' title='bbox 2060 1930 2213 1998; x_wconf 80' lang='lat' dir='ltr'>juxta</span> <span class='ocrx_word' id='word_1_297' title='bbox 2231 1925 2557 1977; x_wconf 83' lang='lat' dir='ltr'>devinxerat.</span> <span class='ocrx_word' id='word_1_298' title='bbox 2574 1925 2745 1991; x_wconf 76' lang='lat' dir='ltr'>Igitur</span> 
     </span>
     <span class='ocr_line' id='line_1_55' title="bbox 1730 2004 2745 2075; baseline -0.01 -11"><span class='ocrx_word' id='word_1_299' title='bbox 1730 2011 2078 2064; x_wconf 86' lang='lat' dir='ltr'>Germanicus</span> <span class='ocrx_word' id='word_1_300' title='bbox 2102 2010 2157 2058; x_wconf 90' lang='lat' dir='ltr'>in</span> <span class='ocrx_word' id='word_1_301' title='bbox 2182 2004 2315 2058; x_wconf 90' lang='lat' dir='ltr'>urbe</span> <span class='ocrx_word' id='word_1_302' title='bbox 2338 2007 2623 2071; x_wconf 79' lang='lat' dir='ltr'>Artaxata,</span> <span class='ocrx_word' id='word_1_303' title='bbox 2647 2023 2745 2075; x_wconf 87' lang='lat' dir='ltr'>ap-</span> 
     </span>
     <span class='ocr_line' id='line_1_56' title="bbox 1731 2084 2747 2163; baseline -0.008 -19"><span class='ocrx_word' id='word_1_304' title='bbox 1731 2090 2084 2163; x_wconf 83' lang='lat' dir='ltr'>probantibus</span> <span class='ocrx_word' id='word_1_305' title='bbox 2107 2086 2403 2151; x_wconf 71' lang='lat' dir='ltr'>nobilibuS,</span> <span class='ocrx_word' id='word_1_306' title='bbox 2424 2084 2747 2138; x_wconf 83' lang='lat' dir='ltr'>circumfusa</span> 
     </span>
     <span class='ocr_line' id='line_1_57' title="bbox 1731 2164 2747 2236; baseline -0.011 -13"><span class='ocrx_word' id='word_1_307' title='bbox 1731 2168 2073 2223; x_wconf 82' lang='lat' dir='ltr'>multitudine</span> <span class='ocrx_word' id='word_1_308' title='bbox 2087 2206 2105 2234; x_wconf 91' lang='lat'>,</span> <span class='ocrx_word' id='word_1_309' title='bbox 2128 2168 2331 2236; x_wconf 71' lang='lat' dir='ltr'>insigne</span> <span class='ocrx_word' id='word_1_310' title='bbox 2354 2166 2559 2235; x_wconf 77' lang='lat' dir='ltr'>regium</span> <span class='ocrx_word' id='word_1_311' title='bbox 2582 2164 2747 2235; x_wconf 84' lang='lat' dir='ltr'>capiti</span> 
     </span>
     <span class='ocr_line' id='line_1_58' title="bbox 1736 2246 2746 2319; baseline -0.007 -18"><span class='ocrx_word' id='word_1_312' title='bbox 1736 2252 1848 2319; x_wconf 84' lang='lat' dir='ltr'>ejus</span> <span class='ocrx_word' id='word_1_313' title='bbox 1895 2248 2165 2319; x_wconf 89' lang='lat' dir='ltr'>imposuit.</span> <span class='ocrx_word' id='word_1_314' title='bbox 2216 2246 2393 2298; x_wconf 91' lang='lat' dir='ltr'>Ceteri</span> <span class='ocrx_word' id='word_1_315' title='bbox 2438 2256 2746 2295; x_wconf 84' lang='lat' dir='ltr'>venerantes</span> 
     </span>
     <span class='ocr_line' id='line_1_59' title="bbox 1733 2322 2744 2399; baseline -0.009 -17"><span class='ocrx_word' id='word_1_316' title='bbox 1733 2348 1911 2399; x_wconf 81' lang='lat' dir='ltr'>regem</span> <span class='ocrx_word' id='word_1_317' title='bbox 1928 2366 1944 2393; x_wconf 89' lang='lat'>.,</span> <span class='ocrx_word' id='word_1_318' title='bbox 1994 2326 2263 2377; x_wconf 85' lang='lat' dir='ltr'>Artaxiam</span> <span class='ocrx_word' id='word_1_319' title='bbox 2310 2322 2744 2389; x_wconf 49' lang='lat' dir='ltr'>consalutarere,</span> 
     </span>
     <span class='ocr_line' id='line_1_60' title="bbox 1736 2403 2748 2481; baseline -0.009 -20"><span class='ocrx_word' id='word_1_320' title='bbox 1736 2408 1883 2481; x_wconf 87' lang='lat' dir='ltr'>quod</span> <span class='ocrx_word' id='word_1_321' title='bbox 1910 2407 1989 2459; x_wconf 89' lang='lat' dir='ltr'>illi</span> <span class='ocrx_word' id='word_1_322' title='bbox 2014 2404 2337 2459; x_wconf 77' lang='lat' dir='ltr'>vocabulum</span> <span class='ocrx_word' id='word_1_323' title='bbox 2360 2403 2748 2455; x_wconf 62' lang='lat' dir='ltr'>indiderant·e1</span> 
     </span>
     <span class='ocr_line' id='line_1_61' title="bbox 1736 2482 2747 2556; baseline -0.009 -14"><span class='ocrx_word' id='word_1_324' title='bbox 1736 2490 1955 2542; x_wconf 88' lang='lat' dir='ltr'>nomine</span> <span class='ocrx_word' id='word_1_325' title='bbox 1983 2485 2149 2538; x_wconf 83' lang='lat' dir='ltr'>urbis.</span> <span class='ocrx_word' id='word_1_326' title='bbox 2173 2509 2195 2532; x_wconf 74' lang='grc' dir='ltr'>ι»</span> <span class='ocrx_word' id='word_1_327' title='bbox 2223 2486 2289 2537; x_wconf 87' lang='lat' dir='ltr'>Et</span> <span class='ocrx_word' id='word_1_328' title='bbox 2318 2502 2435 2556; x_wconf 89' lang='lat' dir='ltr'>cap.</span> <span class='ocrx_word' id='word_1_329' title='bbox 2470 2483 2569 2550; x_wconf 81' lang='lat'>58,</span> <span class='ocrx_word' id='word_1_330' title='bbox 2599 2482 2747 2534; x_wconf 72' lang='lat' dir='ltr'>«Vo-</span> 
     </span>
     <span class='ocr_line' id='line_1_62' title="bbox 1738 2565 2750 2639; baseline -0.008 -17"><span class='ocrx_word' id='word_1_331' title='bbox 1738 2589 1908 2622; x_wconf 87' lang='lat' dir='ltr'>nones</span> <span class='ocrx_word' id='word_1_332' title='bbox 1936 2565 2389 2639; x_wconf 84' lang='lat' dir='ltr'>Pompeiopolim,</span> <span class='ocrx_word' id='word_1_333' title='bbox 2414 2565 2609 2616; x_wconf 79' lang='lat' dir='ltr'>Ciliciae</span> <span class='ocrx_word' id='word_1_334' title='bbox 2636 2581 2750 2615; x_wconf 83' lang='lat' dir='ltr'>ma-</span> 
     </span>
    </p>
   </div>
   <div class='ocr_carea' id='block_1_7' title="bbox 1712 2644 2752 2718">
    <p class='ocr_par' dir='ltr' id='par_1_10' title="bbox 1712 2644 2752 2718">
     <span class='ocr_line' id='line_1_63' title="bbox 1712 2644 2752 2718; baseline -0.01 -15"><span class='ocrx_word' id='word_1_335' title='bbox 1712 2701 1725 2718; x_wconf 58' lang='lat'>,</span> <span class='ocrx_word' id='word_1_336' title='bbox 1739 2651 1969 2703; x_wconf 84' lang='lat' dir='ltr'>ritimam</span> <span class='ocrx_word' id='word_1_337' title='bbox 1986 2646 2170 2698; x_wconf 85' lang='lat' dir='ltr'>urbem</span> <span class='ocrx_word' id='word_1_338' title='bbox 2181 2673 2205 2711; x_wconf 91' lang='lat'>,·</span> <span class='ocrx_word' id='word_1_339' title='bbox 2220 2657 2427 2696; x_wconf 82' lang='lat' dir='ltr'>amotus</span> <span class='ocrx_word' id='word_1_340' title='bbox 2446 2657 2545 2694; x_wconf 75' lang='lat' dir='ltr'>est.</span> <span class='ocrx_word' id='word_1_341' title='bbox 2562 2667 2585 2691; x_wconf 75' lang='grc' dir='ltr'>ιι</span> <span class='ocrx_word' id='word_1_342' title='bbox 2605 2644 2752 2714; x_wconf 81' lang='lat' dir='ltr'>Lips.</span> 
     </span>
    </p>
   </div>
   <div class='ocr_carea' id='block_1_8' title="bbox 1738 2721 2767 4228">
    <p class='ocr_par' dir='ltr' id='par_1_11' title="bbox 1738 2721 2767 4228">
     <span class='ocr_line' id='line_1_64' title="bbox 1738 2721 2753 2801; baseline -0.01 -19"><span class='ocrx_word' id='word_1_343' title='bbox 1738 2732 1900 2801; x_wconf 72' lang='lat' dir='ltr'>igitur</span> <span class='ocrx_word' id='word_1_344' title='bbox 1930 2727 1999 2779; x_wconf 87' lang='lat' dir='ltr'>ad</span> <span class='ocrx_word' id='word_1_345' title='bbox 2022 2727 2189 2776; x_wconf 90' lang='lat' dir='ltr'>Tacit.</span> <span class='ocrx_word' id='word_1_346' title='bbox 2222 2724 2411 2775; x_wconf 83' lang='lat' dir='ltr'>Annal.</span> <span class='ocrx_word' id='word_1_347' title='bbox 2440 2725 2511 2788; x_wconf 80' lang='lat'>11,</span> <span class='ocrx_word' id='word_1_348' title='bbox 2546 2725 2641 2786; x_wconf 80' lang='lat'>56,</span> <span class='ocrx_word' id='word_1_349' title='bbox 2668 2721 2753 2774; x_wconf 81' lang='lat' dir='ltr'>ve&#39;l</span> 
     </span>
     <span class='ocr_line' id='line_1_65' title="bbox 1741 2798 2753 2880; baseline -0.01 -21"><span class='ocrx_word' id='word_1_350' title='bbox 1741 2809 1993 2880; x_wconf 66' lang='lat' dir='ltr'>dejecisset</span> <span class='ocrx_word' id='word_1_351' title='bbox 2013 2805 2157 2878; x_wconf 87' lang='lat' dir='ltr'>apud</span> <span class='ocrx_word' id='word_1_352' title='bbox 2176 2807 2425 2857; x_wconf 83' lang='lat' dir='ltr'>Nostrum</span> <span class='ocrx_word' id='word_1_353' title='bbox 2445 2800 2548 2871; x_wconf 77' lang='lat' dir='ltr'>legi</span> <span class='ocrx_word' id='word_1_354' title='bbox 2566 2798 2753 2870; x_wconf 83' lang='lat' dir='ltr'>jubet,</span> 
     </span>
     <span class='ocr_line' id='line_1_66' title="bbox 1740 2881 2753 2962; baseline -0.01 -21"><span class='ocrx_word' id='word_1_355' title='bbox 1740 2889 1854 2956; x_wconf 79' lang='lat' dir='ltr'>vel,</span> <span class='ocrx_word' id='word_1_356' title='bbox 1882 2887 2028 2962; x_wconf 90' lang='lat' dir='ltr'>quod</span> <span class='ocrx_word' id='word_1_357' title='bbox 2052 2889 2231 2958; x_wconf 89' lang='lat' dir='ltr'>potius</span> <span class='ocrx_word' id='word_1_358' title='bbox 2256 2895 2467 2948; x_wconf 86' lang='lat' dir='ltr'>censet,</span> <span class='ocrx_word' id='word_1_359' title='bbox 2492 2895 2545 2933; x_wconf 89' lang='lat' dir='ltr'>et</span> <span class='ocrx_word' id='word_1_360' title='bbox 2567 2881 2753 2952; x_wconf 88' lang='lat' dir='ltr'>pleris-</span> 
     </span>
     <span class='ocr_line' id='line_1_67' title="bbox 1744 2961 2754 3040; baseline -0.007 -19"><span class='ocrx_word' id='word_1_361' title='bbox 1744 2988 1851 3040; x_wconf 88' lang='lat' dir='ltr'>que</span> <span class='ocrx_word' id='word_1_362' title='bbox 1874 2967 2119 3038; x_wconf 83' lang='lat' dir='ltr'>probavit</span> <span class='ocrx_word' id='word_1_363' title='bbox 2134 3005 2151 3032; x_wconf 91' lang='lat'>,</span> <span class='ocrx_word' id='word_1_364' title='bbox 2180 2965 2409 3017; x_wconf 80' lang='lat' dir='ltr'>dedisset.</span> <span class='ocrx_word' id='word_1_365' title='bbox 2436 2964 2602 3028; x_wconf 77' lang='grc' dir='ltr'>Ριιῑο,</span> <span class='ocrx_word' id='word_1_366' title='bbox 2626 2961 2754 3014; x_wconf 89' lang='lat' dir='ltr'>Sue·</span> 
     </span>
     <span class='ocr_line' id='line_1_68' title="bbox 1745 3041 2755 3109; baseline -0.006 -11"><span class='ocrx_word' id='word_1_367' title='bbox 1745 3049 1951 3098; x_wconf 89' lang='lat' dir='ltr'>tonium</span> <span class='ocrx_word' id='word_1_368' title='bbox 1982 3063 2213 3109; x_wconf 86' lang='lat' dir='ltr'>errasse,</span> <span class='ocrx_word' id='word_1_369' title='bbox 2242 3042 2325 3096; x_wconf 81' lang='lat' dir='ltr'>vel</span> <span class='ocrx_word' id='word_1_370' title='bbox 2358 3041 2521 3092; x_wconf 79' lang='lat' dir='ltr'>alium</span> <span class='ocrx_word' id='word_1_371' title='bbox 2551 3042 2755 3094; x_wconf 86' lang='lat' dir='ltr'>fontem</span> 
     </span>
     <span class='ocr_line' id='line_1_69' title="bbox 1744 3121 2758 3180; baseline -0.008 -1"><span class='ocrx_word' id='word_1_372' title='bbox 1744 3140 2005 3180; x_wconf 86' lang='lat' dir='ltr'>secutum.</span> <span class='ocrx_word' id='word_1_373' title='bbox 2032 3126 2277 3175; x_wconf 82' lang='lat' dir='ltr'>Fortasse</span> <span class='ocrx_word' id='word_1_374' title='bbox 2302 3124 2459 3175; x_wconf 72' lang='lat' dir='ltr'>etiam</span> <span class='ocrx_word' id='word_1_375' title='bbox 2484 3121 2758 3173; x_wconf 87' lang='lat' dir='ltr'>Germani·</span> 
     </span>
     <span class='ocr_line' id='line_1_70' title="bbox 1748 3200 2759 3259; baseline -0.006 0"><span class='ocrx_word' id='word_1_376' title='bbox 1748 3225 1841 3259; x_wconf 88' lang='lat' dir='ltr'>cus</span> <span class='ocrx_word' id='word_1_377' title='bbox 1862 3205 2123 3257; x_wconf 82' lang='lat' dir='ltr'>Armeniis</span> <span class='ocrx_word' id='word_1_378' title='bbox 2139 3204 2195 3254; x_wconf 87' lang='lat' dir='ltr'>in</span> <span class='ocrx_word' id='word_1_379' title='bbox 2216 3200 2513 3256; x_wconf 85' lang='lat' dir='ltr'>amovendo</span> <span class='ocrx_word' id='word_1_380' title='bbox 2530 3205 2759 3254; x_wconf 87' lang='lat' dir='ltr'>Vonone</span> 
     </span>
     <span class='ocr_line' id='line_1_71' title="bbox 1748 3284 2759 3356; baseline -0.003 -20"><span class='ocrx_word' id='word_1_381' title='bbox 1748 3285 1905 3338; x_wconf 82' lang='lat' dir='ltr'>armis</span> <span class='ocrx_word' id='word_1_382' title='bbox 1922 3303 2077 3356; x_wconf 87' lang='lat' dir='ltr'>opem</span> <span class='ocrx_word' id='word_1_383' title='bbox 2100 3284 2440 3354; x_wconf 66' lang='lat' dir='ltr'>praestiterat,</span> <span class='ocrx_word' id='word_1_384' title='bbox 2460 3294 2519 3332; x_wconf 91' lang='lat' dir='ltr'>ut</span> <span class='ocrx_word' id='word_1_385' title='bbox 2534 3296 2759 3353; x_wconf 88' lang='lat' dir='ltr'>uterque</span> 
     </span>
     <span class='ocr_line' id='line_1_72' title="bbox 1748 3360 2761 3433; baseline -0.003 -18"><span class='ocrx_word' id='word_1_386' title='bbox 1748 3363 1975 3433; x_wconf 87' lang='lat' dir='ltr'>scriptor</span> <span class='ocrx_word' id='word_1_387' title='bbox 2008 3363 2175 3433; x_wconf 86' lang='lat' dir='ltr'>possit</span> <span class='ocrx_word' id='word_1_388' title='bbox 2210 3360 2499 3411; x_wconf 88' lang='lat' dir='ltr'>conciliari.</span> <span class='ocrx_word' id='word_1_389' title='bbox 2535 3361 2615 3411; x_wconf 88' lang='lat' dir='ltr'>Ita</span> <span class='ocrx_word' id='word_1_390' title='bbox 2647 3361 2761 3412; x_wconf 82' lang='lat' dir='ltr'>fere</span> 
     </span>
     <span class='ocr_line' id='line_1_73' title="bbox 1748 3438 2760 3520; baseline 0 -30"><span class='ocrx_word' id='word_1_391' title='bbox 1748 3440 2017 3520; x_wconf 71' lang='lat' dir='ltr'>vulgatam</span> <span class='ocrx_word' id='word_1_392' title='bbox 2040 3439 2277 3492; x_wconf 88' lang='lat' dir='ltr'>defendit</span> <span class='ocrx_word' id='word_1_393' title='bbox 2302 3442 2457 3491; x_wconf 89' lang='lat' dir='ltr'>etiam</span> <span class='ocrx_word' id='word_1_394' title='bbox 2477 3438 2760 3506; x_wconf 64' lang='lat' dir='ltr'>Multa-us,</span> 
     </span>
     <span class='ocr_line' id='line_1_74' title="bbox 1750 3518 2760 3590; baseline -0.004 -18"><span class='ocrx_word' id='word_1_395' title='bbox 1750 3519 1975 3572; x_wconf 81' lang='lat' dir='ltr'>Observ.</span> <span class='ocrx_word' id='word_1_396' title='bbox 1992 3538 2112 3590; x_wconf 73' lang='lat' dir='ltr'>pag.</span> <span class='ocrx_word' id='word_1_397' title='bbox 2136 3519 2215 3584; x_wconf 87' lang='lat'>14.</span> <span class='ocrx_word' id='word_1_398' title='bbox 2231 3548 2304 3557; x_wconf 91' lang='lat'>—</span> <span class='ocrx_word' id='word_1_399' title='bbox 2317 3518 2760 3590; x_wconf 79' lang='lat' dir='ltr'>Cappadociam...</span> 
     </span>
     <span class='ocr_line' id='line_1_75' title="bbox 1749 3595 2765 3672; baseline -0.003 -22"><span class='ocrx_word' id='word_1_400' title='bbox 1749 3599 2015 3672; x_wconf 74' lang='lat' dir='ltr'>redeyisset</span> <span class='ocrx_word' id='word_1_401' title='bbox 2027 3619 2046 3658; x_wconf 85' lang='lat'>,-</span> <span class='ocrx_word' id='word_1_402' title='bbox 2086 3595 2343 3668; x_wconf 83' lang='lat' dir='ltr'>perducto</span> <span class='ocrx_word' id='word_1_403' title='bbox 2382 3597 2603 3647; x_wconf 86' lang='lat' dir='ltr'>Romam</span> <span class='ocrx_word' id='word_1_404' title='bbox 2636 3613 2765 3666; x_wconf 78' lang='lat' dir='ltr'>rege</span> 
     </span>
     <span class='ocr_line' id='line_1_76' title="bbox 1750 3673 2763 3746; baseline -0.005 -15"><span class='ocrx_word' id='word_1_405' title='bbox 1750 3677 2035 3731; x_wconf 78' lang='lat' dir='ltr'>Archelao.</span> <span class='ocrx_word' id='word_1_406' title='bbox 2062 3675 2144 3727; x_wconf 88' lang='lat' dir='ltr'>Cf.</span> <span class='ocrx_word' id='word_1_407' title='bbox 2171 3675 2237 3726; x_wconf 87' lang='lat' dir='ltr'>ad</span> <span class='ocrx_word' id='word_1_408' title='bbox 2262 3673 2438 3726; x_wconf 88' lang='lat' dir='ltr'>Tiber.</span> <span class='ocrx_word' id='word_1_409' title='bbox 2466 3676 2563 3746; x_wconf 85' lang='lat'>37;</span> <span class='ocrx_word' id='word_1_410' title='bbox 2590 3677 2763 3726; x_wconf 88' lang='lat' dir='ltr'>Tacit.</span> 
     </span>
     <span class='ocr_line' id='line_1_77' title="bbox 1752 3751 2767 3824; baseline -0.003 -17"><span class='ocrx_word' id='word_1_411' title='bbox 1752 3755 1943 3807; x_wconf 87' lang='lat' dir='ltr'>Annal.</span> <span class='ocrx_word' id='word_1_412' title='bbox 1964 3755 2037 3820; x_wconf 87' lang='lat'>11,</span> <span class='ocrx_word' id='word_1_413' title='bbox 2058 3755 2125 3821; x_wconf 83' lang='lat'>42</span> <span class='ocrx_word' id='word_1_414' title='bbox 2154 3767 2205 3805; x_wconf 88' lang='lat' dir='ltr'>et</span> <span class='ocrx_word' id='word_1_415' title='bbox 2226 3752 2322 3819; x_wconf 85' lang='lat'>56,</span> <span class='ocrx_word' id='word_1_416' title='bbox 2344 3751 2465 3820; x_wconf 87' lang='lat' dir='ltr'>ubi,</span> <span class='ocrx_word' id='word_1_417' title='bbox 2494 3777 2517 3802; x_wconf 71' lang='lat' dir='ltr'>a</span> <span class='ocrx_word' id='word_1_418' title='bbox 2536 3756 2607 3806; x_wconf 89' lang='lat' dir='ltr'>At</span> <span class='ocrx_word' id='word_1_419' title='bbox 2627 3754 2767 3824; x_wconf 84' lang='lat' dir='ltr'>Cap-</span> 
     </span>
     <span class='ocr_line' id='line_1_78' title="bbox 1753 3834 2765 3906; baseline -0.002 -20"><span class='ocrx_word' id='word_1_420' title='bbox 1753 3835 1989 3906; x_wconf 87' lang='lat' dir='ltr'>padoces</span> <span class='ocrx_word' id='word_1_421' title='bbox 2004 3873 2021 3901; x_wconf 89' lang='lat'>,</span> <span class='ocrx_word' id='word_1_422' title='bbox 2040 3835 2097 3884; x_wconf 88' lang='lat' dir='ltr'>in</span> <span class='ocrx_word' id='word_1_423' title='bbox 2121 3834 2347 3885; x_wconf 84' lang='lat' dir='ltr'>formam</span> <span class='ocrx_word' id='word_1_424' title='bbox 2372 3835 2656 3905; x_wconf 64' lang='lat' dir='ltr'>provinciae</span> <span class='ocrx_word' id='word_1_425' title='bbox 2678 3849 2765 3884; x_wconf 86' lang='lat' dir='ltr'>re-</span> 
     </span>
     <span class='ocr_line' id='line_1_79' title="bbox 1755 3912 2765 3985; baseline -0.004 -19"><span class='ocrx_word' id='word_1_426' title='bbox 1755 3914 1923 3980; x_wconf 83' lang='lat' dir='ltr'>dacti,</span> <span class='ocrx_word' id='word_1_427' title='bbox 1946 3912 2015 3979; x_wconf 92' lang='lat' dir='ltr'>Q.</span> <span class='ocrx_word' id='word_1_428' title='bbox 2030 3915 2321 3964; x_wconf 85' lang='lat' dir='ltr'>Veranium</span> <span class='ocrx_word' id='word_1_429' title='bbox 2344 3915 2597 3985; x_wconf 72' lang='lat' dir='ltr'>Legatum</span> <span class='ocrx_word' id='word_1_430' title='bbox 2617 3929 2765 3962; x_wconf 87' lang='lat' dir='ltr'>acce·</span> 
     </span>
     <span class='ocr_line' id='line_1_80' title="bbox 1754 3990 2767 4066; baseline -0.003 -21"><span class='ocrx_word' id='word_1_431' title='bbox 1754 4009 1911 4064; x_wconf 88' lang='lat' dir='ltr'>pere:</span> <span class='ocrx_word' id='word_1_432' title='bbox 1939 4005 1992 4045; x_wconf 93' lang='lat' dir='ltr'>et</span> <span class='ocrx_word' id='word_1_433' title='bbox 2015 3993 2253 4066; x_wconf 82' lang='lat' dir='ltr'>quaedam</span> <span class='ocrx_word' id='word_1_434' title='bbox 2277 4013 2338 4045; x_wconf 85' lang='lat' dir='ltr'>ex</span> <span class='ocrx_word' id='word_1_435' title='bbox 2367 3993 2523 4063; x_wconf 79' lang='lat' dir='ltr'>regiis</span> <span class='ocrx_word' id='word_1_436' title='bbox 2549 3990 2767 4043; x_wconf 78' lang='lat' dir='ltr'>tributis</span> 
     </span>
     <span class='ocr_line' id='line_1_81' title="bbox 1756 4072 2765 4144; baseline -0.004 -18"><span class='ocrx_word' id='word_1_437' title='bbox 1756 4074 2029 4126; x_wconf 87' lang='lat' dir='ltr'>deminuta</span> <span class='ocrx_word' id='word_1_438' title='bbox 2043 4113 2061 4142; x_wconf 91' lang='lat'>,</span> <span class='ocrx_word' id='word_1_439' title='bbox 2104 4092 2211 4144; x_wconf 88' lang='lat' dir='ltr'>quo</span> <span class='ocrx_word' id='word_1_440' title='bbox 2252 4072 2427 4122; x_wconf 81' lang='lat' dir='ltr'>mitius</span> <span class='ocrx_word' id='word_1_441' title='bbox 2464 4073 2765 4124; x_wconf 86' lang='lat' dir='ltr'>Romanum</span> 
     </span>
     <span class='ocr_line' id='line_1_82' title="bbox 1754 4151 2765 4228; baseline -0.002 -22"><span class='ocrx_word' id='word_1_442' title='bbox 1754 4157 2037 4228; x_wconf 84' lang='lat' dir='ltr'>imperium</span> <span class='ocrx_word' id='word_1_443' title='bbox 2055 4163 2378 4226; x_wconf 82' lang='lat' dir='ltr'>speraretur.</span> <span class='ocrx_word' id='word_1_444' title='bbox 2402 4175 2424 4200; x_wconf 70' lang='lat' dir='ltr'>n</span> <span class='ocrx_word' id='word_1_445' title='bbox 2450 4153 2552 4206; x_wconf 87' lang='lat' dir='ltr'>Dio</span> <span class='ocrx_word' id='word_1_446' title='bbox 2566 4191 2583 4222; x_wconf 89' lang='lat'>,</span> <span class='ocrx_word' id='word_1_447' title='bbox 2601 4151 2765 4218; x_wconf 85' lang='lat' dir='ltr'>LVII,</span> 
     </span>
    </p>
   </div>
  </div>
 </body>
</html>
