3050 5004
1023 498 1532 563 CALIGULA.
2240 507 2323 573 33

235 636 404 690 tanta
423 675 441 705 ‚
466 646 600 690 nec
629 620 1028 715 dignatione
1055 620 1289 691 dilexit
1307 676 1324 706 ,
1357 640 1435 691 ut
1471 648 1641 720 quas
1678 648 1858 718 saepe
1885 626 2162 702 exoletis
2190 635 2330 703 suis

235 734 684 823 prosu-avexit.
735 736 894 819 Quo
937 730 1196 801 facilius
1239 756 1356 801 eas
1401 736 1474 801 in
1519 758 1723 802 causa
1766 735 2010 805 AEmilii
2056 748 2079 789 ⁷
2096 740 2336 835 Lepidi

237 844 706 913 condemnavit
719 898 738 928 ,
774 847 970 939 quasi
992 843 1334 913 adulteras
1353 896 1370 928 ,
1406 862 1473 913 et
1493 846 1889 917 insidiarum
1910 847 2233 920 adversus
2259 879 2332 923 se

237 957 552 1022 conscias.
569 953 952 1022 Necsolum
965 943 1410 1048 chirographa
1423 958 1753 1041 omnium,
1764 930 2101 1053 requisiti?
2096 962 2334 1053 fraude

238 1088 312 1131 ac
327 1062 604 1158 stupro⁸
619 1117 637 1147 ‚
656 1063 1028 1158 divulgavit
1041 1118 1059 1150 ,
1085 1066 1206 1133 sed
1224 1084 1292 1134 et
1312 1082 1450 1135 tres
1475 1066 1731 1159 gladios
1748 1122 1765 1151 ,
1792 1071 1861 1137 in
1884 1094 2122 1141 necem
2142 1098 2335 1145 suam

239 1189 650 1266 praeparatos
664 1226 684 1257 ,
707 1176 914 1241 Marti
937 1173 1186 1256 Ultori,
1211 1172 1440 1243 addito
1463 1174 1683 1269 elogio
1699 1230 1716 1259 ,
1740 1184 2176 1251 consecravit.
2306 1265 2311 1271 .

323 1286 530 1351 XXV.
581 1284 1014 1377 Matrimonia
1051 1286 1460 1352 contraxerit
1496 1288 1797 1380 turpius»,
1838 1313 1929 1357 an
1970 1290 2299 1362 dimiserit
2316 1348 2335 1381 ,

237 1420 322 1463 an
355 1397 654 1463 tennerit
670 1447 690 1478 ,
732 1420 874 1463 non
915 1413 1015 1463 est
1046 1395 1239 1463 facile
1275 1390 1656 1467 discernere
1676 1409 1691 1436 ¹
1704 1452 1719 1466 .
1760 1402 2020 1491 Liviam
2058 1406 2338 1477 Orestil-
2441 1484 2445 1489 ⁴

237 1504 409 1573 lam²
429 1558 448 1587 ‚
481 1508 558 1571 C.
587 1507 817 1573 Pisoni
844 1504 1213 1603 nubentem
1231 1558 1249 1590 ‚
1285 1530 1505 1605 quuui
1521 1507 1609 1575 ad
1642 1508 1940 1579 officium
1970 1529 2038 1579 et
2057 1515 2203 1607 ipse
2230 1526 2337 1585 ve-

239 1620 444 1685 nisset
461 1670 480 1699 ‚
509 1614 600 1683 ad
635 1640 706 1683 se
739 1615 982 1684 deduci
1001 1618 1360 1711 imperavit
1378 1666 1396 1697 ,
1430 1620 1745 1715 iamque
1776 1644 2031 1714 paucos
2066 1622 2207 1693 dies
2232 1651 2336 1695 re-

239 1728 586 1823 pudiatam
627 1727 898 1797 biennio
939 1744 1095 1822 post
1137 1728 1498 1821 relegavit.·‚
1523 1730 1733 1825 :quod
1774 1736 2096 1826 repetisse
2136 1762 2338 1808 usum

239 1842 476 1932 prioris
503 1840 732 1906 mariti
755 1854 1061 1933 tempore
1085 1838 1310 1907 medio
1332 1838 1706 1912 videbatur.
1733 1840 1863 1910 Alii
1884 1844 2165 1933 tradunt
2180 1900 2199 1930 ,
2226 1846 2339 1915 ad-

239 1951 522 2020 hibitum
557 1972 770 2019 coenae
803 1949 1130 2043 nuptiali,
1161 1949 1536 2025 mandasse«
1556 1953 1645 2024 ad
1680 1954 2034 2025 Pisonem³
2054 2007 2073 2041 ,
2102 1976 2337 2029 contra

301 2158 352 2211 7.
389 2140 460 2191 In
482 2155 641 2193 cansa
663 2136 876 2191 AEmilii
899 2138 1114 2211 Lepidi,
1150 2141 1242 2211 qui
1327 2136 1565 2192 Gronov.
1594 2127 1819 2195 Observ.
1843 2138 1947 2209 111,
1978 2142 2073 2210 13,
2098 2159 2151 2197 et
2170 2148 2334 2200 Periz.

239 2232 388 2272 antea
411 2209 662 2273 Drusilla}
686 2220 933 2282 maritus,
963 2220 1239 2271 convictus
1331 2215 1399 2268 ad
1418 2218 1598 2271 Sanct.
1621 2236 1743 2290 pag.
1766 2220 1897 2291 784,
1916 2220 2023 2293 legi
2039 2223 2335 2293 decernere,

237 2312 416 2369 postea
425 2298 816 2368 conjurationis
831 2297 886 2348 in
895 2296 1082 2351 Caium
1092 2296 1240 2367 (Dio,

235 2380 370 2445 ux,
403 2396 422 2431 ι
439 2397 462 2431 1
492 2393 548 2431 et
575 2378 708 2449 22),
732 2380 966 2448 itemque
990 2378 1162 2448 stupri
1181 2378 1236 2429 in

235 2460 580 2531 Agrippinam
596 2469 651 2510 et
663 2454 917 2510 Livillam.
933 2456 1011 2508 Ex
1027 2453 1238 2508 AEmilio

233 2538 390 2592 Panlo
413 2551 467 2590 et
489 2539 524 2590 J
529 2537 662 2602 ulia,
686 2536 915 2608 Augusti
933 2547 1121 2606 nepte,
1143 2553 1239 2587 na-

233 2633 340 2670 tum
359 2618 518 2670 illum
539 2617 792 2688 opinatur
811 2615 1020 2684 Lipsius
1044 2611 1115 2664 ad
1131 2615 1236 2666 Ta-

231 2701 319 2751 cit.
333 2697 532 2750 Annal.
543 2695 689 2762 xlv,
707 2713 755 2748 2.
771 2694 840 2746 At
853 2694 886 2744 J
889 2690 994 2745 ulia
1006 2730 1024 2757 ‚
1039 2693 1234 2764 inquit,

233 2795 384 2830 soror
403 2776 712 2848 Agrippinae
726 2811 744 2838 ‚
774 2791 892 2844 quoe
923 2785 1092 2824 mater
1119 2771 1232 2824 Caii

231 2871 276 2909 et
288 2873 554 2908 sororum.
569 2854 708 2904 Hinc
723 2853 922 2904 clarum
933 2890 952 2919 ,
966 2851 1231 2904 eui-Caius

231 2951 590 2990 successorem
609 2931 760 2984 illum
777 2932 984 3001 imperii
1001 2929 1232 2983 destina-

231 3020 386 3085 verit,
426 3030 486 3069 et
529 3012 898 3086 quinquennio
938 3014 1195 3065 maturius
1212 3049 1231 3079 ‚

230 3115 379 3170 quan
403 3113 506 3166 per
530 3092 708 3164 leges,
741 3092 1102 3162 magistratum
1134 3108 1230 3142 ca-

229 3197 346 3250 pere
365 3175 602 3228 voluerit
625 3171 758 3244 (Dio
772 3209 790 3236 ‚
819 3187 938 3240 cap.
965 3166 1080 3237 aa).
1103 3169 1231 3222 Erat

229 3258 360 3308 auin
371 3251 654 3324 sanguinis
665 3249 946 3320 gentisque
959 3247 1226 3317 Augusta,

225 3337 338 3407 pari
365 3352 492 3386 cnm
515 3326 754 3400 Caligula
781 3325 966 3398 gradu.

175 3465 188 3487 ‚
289 3415 341 3466 8.
365 3407 848 3484 Requisimfraude
863 3423 926 3458 ac
947 3416 1123 3478 stupro
1132 3426 1152 3468 ,·
1170 3403 1228 3458 id

227 3505 326 3556 est,
343 3508 466 3561 qn:
483 3487 588 3541 sibi
604 3483 792 3538 frande
811 3497 1228 3556 comparaverat,

227 3589 286 3703 ἕ
299 3565 726 3700 Ῥὶἓῗάὦω
745 3561 1226 3715 ’ἶέῗζῗὲἶῖῗ

314 3669 346 3704 e
389 3667 438 3700 ci
709 3681 728 3709 ,
1205 3681 1224 3709 ,

226 3729 434 3780 mnaso.
449 3728 643 3777 Postea
660 3721 839 3774 addito
857 3717 1026 3793 elogio
1039 3733 1120 3772 est
1136 3720 1226 3772 ad-

225 3805 331 3858 dita
363 3801 582 3866 tabula,
618 3799 996 3870 inscriptione,
1033 3797 1226 3866 titulo,

227 3905 328 3959 qno
373 3881 791 3937 consecutionis
837 3897 996 3932 causa
1039 3891 1224 3932 notata

225 3979 350 4018 erat.
397 3965 480 4016 De
527 3959 834 4015 consecratis
869 3957 1060 4031 gladiis
1102 3957 1222 4010 vide

225 4045 360 4114 lips.
386 4041 454 4095 ad
474 4039 648 4092 Tacit.
673 4035 864 4094 Annei.
890 4037 1005 4102 XV,
1031 4036 1116 4105 74.

287 4123 453 4174 XXV.
489 4138 533 4172 ι.
557 4119 872 4172 Discernere.
895 4117 1224 4169 servavimus

221 4199 320 4252 hoc
345 4197 602 4263 verbnm,
638 4195 884 4268 quanvis
905 4192 1222 4274 jubentibus

396 4289 490 4354 II.

1329 2309 1384 2349 et
1403 2296 1671 2368 probante
1691 2298 1909 2351 Wolfio.
1935 2302 2009 2353 Ut
2030 2304 2178 2355 enim
2202 2304 2335 2357 niul-

1325 2374 1392 2425 tis
1411 2374 1468 2425 in
1486 2372 1621 2426 loeis
1640 2374 1856 2449 diligere
1872 2389 1927 2431 et
1942 2376 2168 2451 deligere
2184 2399 2335 2455 mque

1328 2450 1500 2505 valere
1538 2466 1794 2524 possunt,
1835 2473 1999 2528 quum
2034 2456 2170 2510 illud
2205 2463 2272 2513 sit
2307 2481 2337 2514 e

1321 2532 1563 2605 pluribus
1582 2533 1773 2607 legere,
1794 2535 1902 2588 hoc
1920 2536 1986 2586 de
2002 2557 2219 2595 numero
2237 2541 2337 2594 ale·-

1325 2630 1428 2683 quo
1455 2609 1649 2684 quere,
1676 2611 1825 2682 quod
1847 2613 2035 2666 eodem
2060 2617 2199 2670 redit
2215 2659 2231 2687 ‚
2260 2622 2335 2674 ita

1325 2689 1607 2742 discernere
1618 2689 1723 2742 hoc
1740 2704 1819 2742 est
1837 2712 1860 2737 ι
1877 2711 1907 2744 e
1919 2691 2191 2763 pluribus,
2215 2715 2332 2770 quoe

1321 2780 1613 2820 narrantur
1632 2767 1713 2821 vel
1730 2767 2057 2840 judicantur,
2086 2774 2218 2846 quid
2237 2795 2331 2831 ve-

1321 2865 1438 2898 rum
1447 2885 1467 2912 ,
1485 2847 1615 2918 quid
1627 2847 1963 2920 probandum
1980 2853 2073 2919 sit,
2095 2873 2330 2926 cernere,

1321 2932 1484 2998 atque
1497 2927 1575 2978 ita
1592 2925 1837 2995 definire,
1858 2926 2165 3001 decernere,
2184 2959 2209 2983 ι
2232 2955 2330 2988 cin·

1318 3005 1597 3060 ferendum
1622 3025 1731 3060 non
1758 3009 1848 3074 sit,
1866 3007 2013 3062 haud
2028 3011 2205 3066 video.
2226 3018 2327 3069 Re-

1319 3101 1406 3139 cte
1438 3088 1494 3138 in
1522 3089 1835 3140 sententiam
1866 3105 2101 3143 nostram
2136 3093 2324 3166 dispu-

1319 3177 1430 3218 tare
1443 3166 1651 3219 videtur
1666 3168 1827 3220 etiam
1838 3170 2094 3237 Bremius,
2112 3185 2165 3224 et
2176 3193 2325 3244 prm·h

1318 3263 1407 3299 sus
1427 3264 1545 3298 eam
1565 3245 1907 3314 confirmant,
1929 3267 2045 3320 quie
2058 3250 2322 3306 Walther.

1317 3321 1476 3389 dicit,
1513 3323 1734 3378 Observ.
1762 3342 1885 3396 pag.
1918 3343 2004 3393 21,
2040 3327 2323 3382 discernere
2362 3350 2401 3410 ,ἦ
2420 3367 2445 3406 9

1315 3399 1573 3454 denotare
1630 3402 1949 3454 antecedens
1973 3439 1991 3468 ,
2054 3405 2323 3460 decernere

1316 3498 1669 3553 consequens.
1688 3481 1837 3534 Idem
1857 3482 2109 3550 Liv.VII‚
2134 3503 2195 3555 9,
2218 3487 2318 3540 dis-
2342 3527 2372 3563 θ
2402 3525 2431 3559 ,4
2459 3525 2479 3552 ι
2511 3526 2526 3557 :·
2608 3538 2624 3554 .
2712 3513 2723 3531 ι
2762 3477 2769 3486 ’

1313 3579 1428 3614 cern
1438 3561 1458 3610 i
1469 3560 1775 3632 legendum,
1786 3573 1927 3614 reete
1942 3581 2005 3614 ex
2020 3581 2138 3614 meo
2154 3582 2313 3619 sensu
2381 3637 2385 3642 .

1306 3639 1531 3712 judicat.

1387 3737 1435 3772 2.
1454 3718 1659 3771 Liviam
1684 3718 1999 3772 Orestillam.
2025 3720 2339 3774 Corneliam'

1318 3801 1608 3853 Orestinam
1629 3817 1745 3852 eam
1766 3797 2001 3872 appellat
2020 3801 2151 3868 Dio,
2172 3803 2317 3870 LIX,

1315 3877 1381 3944 8,
1411 3895 1567 3948 quem
1600 3889 1893 3946 sequnntur
1926 3877 2231 3948 xiphilinus
2264 3896 2318 3934 et

1313 3959 1561 4010 Zonaras.
1590 3985 1661 3997 --
1697 3955 1868 4026 Quum
1895 3955 1967 4008 ad
1994 3955 2233 4028 officium
2264 3974 2317 4014 et

1315 4037 1422 4108 ipse
1444 4035 1687 4108 uenisset,-
1719 4035 1789 4088 ad
1819 4053 2073 4108 pompam
2096 4042 2314 4110 nuptia-

1311 4115 1449 4176 lem3
1481 4133 1645 4186 quum
1672 4117 1951 4167 interesset
1972 4119 2188 4188 nuptiis.

1387 4195 1436 4246 3.
1477 4193 1755 4246 Mundam
1790 4193 1859 4244 ad
1896 4193 2169 4259 Pisonem3
2198 4201 2231 4251 i.
2266 4219 2316 4253 e.

1970 4286 2031 4351 3.

2453 3397 2467 3427 0

2670 3324 2677 3339 ,
2820 3327 2828 3334 ,

2500 3371 2543 3406 ec
2596 3367 2811 3404 ’ΝΜ-Μ
2854 3392 2863 3404 .
