<?xml version="1.0" encoding="UTF-8"?>
<!DOCTYPE html PUBLIC "-//W3C//DTD XHTML 1.0 Transitional//EN"
    "http://www.w3.org/TR/xhtml1/DTD/xhtml1-transitional.dtd">
<html xmlns="http://www.w3.org/1999/xhtml" xml:lang="en" lang="en">
 <head>
  <title>
</title>
<meta http-equiv="Content-Type" content="text/html;charset=utf-8" />
  <meta name='ocr-system' content='tesseract 3.04.00' />
  <meta name='ocr-capabilities' content='ocr_page ocr_carea ocr_par ocr_line ocrx_word'/>
</head>
<body>
  <div class='ocr_page' id='page_1' title='image "./csuetoniitranqu09suetgoog_0447.png"; bbox 0 0 3050 5004; ppageno 0'>
   <div class='ocr_carea' id='block_1_1' title="bbox 704 471 2042 554">
    <p class='ocr_par' dir='ltr' id='par_1_1' title="bbox 704 471 2042 554">
     <span class='ocr_line' id='line_1_1' title="bbox 704 471 2042 554; baseline 0.001 -18"><span class='ocrx_word' id='word_1_1' title='bbox 704 475 833 554; x_wconf 70' lang='lat'><strong>404</strong></span> <span class='ocrx_word' id='word_1_2' title='bbox 1446 473 1517 534; x_wconf 91' lang='lat' dir='ltr'><strong>C.</strong></span> <span class='ocrx_word' id='word_1_3' title='bbox 1571 471 2042 538; x_wconf 82' lang='lat' dir='ltr'><strong>SUETONll</strong></span> 
     </span>
    </p>
   </div>
   <div class='ocr_carea' id='block_1_2' title="bbox 679 595 2860 2681">
    <p class='ocr_par' dir='ltr' id='par_1_2' title="bbox 679 595 2860 2681">
     <span class='ocr_line' id='line_1_2' title="bbox 697 595 2776 694; baseline 0.001 -28"><span class='ocrx_word' id='word_1_4' title='bbox 697 623 903 694; x_wconf 87' lang='lat' dir='ltr'><strong>quam</strong></span> <span class='ocrx_word' id='word_1_5' title='bbox 922 598 1105 664; x_wconf 87' lang='lat' dir='ltr'><strong>cruci</strong></span> <span class='ocrx_word' id='word_1_6' title='bbox 1128 595 1363 688; x_wconf 76' lang='lat' dir='ltr'><strong>figeret</strong></span> <span class='ocrx_word' id='word_1_7' title='bbox 1380 646 1397 676; x_wconf 97' lang='lat'><strong>,</strong></span> <span class='ocrx_word' id='word_1_8' title='bbox 1420 596 1489 662; x_wconf 90' lang='lat' dir='ltr'><strong>in</strong></span> <span class='ocrx_word' id='word_1_9' title='bbox 1512 595 1902 665; x_wconf 85' lang='lat' dir='ltr'><strong>cubiculum</strong></span> <span class='ocrx_word' id='word_1_10' title='bbox 1927 601 2188 666; x_wconf 80' lang='lat' dir='ltr'><strong>vocavit</strong></span> <span class='ocrx_word' id='word_1_11' title='bbox 2201 651 2220 682; x_wconf 93' lang='lat'><strong>,</strong></span> <span class='ocrx_word' id='word_1_12' title='bbox 2239 599 2538 670; x_wconf 87' lang='lat' dir='ltr'><strong>assidere</strong></span> <span class='ocrx_word' id='word_1_13' title='bbox 2555 604 2622 669; x_wconf 90' lang='lat' dir='ltr'><strong>in</strong></span> <span class='ocrx_word' id='word_1_14' title='bbox 2645 619 2776 670; x_wconf 87' lang='lat' dir='ltr'><strong>toro</strong></span> 
     </span>
     <span class='ocr_line' id='line_1_3' title="bbox 686 705 2778 804; baseline 0.001 -26"><span class='ocrx_word' id='word_1_15' title='bbox 686 709 881 803; x_wconf 83' lang='lat' dir='ltr'><strong>juxta</strong></span> <span class='ocrx_word' id='word_1_16' title='bbox 904 709 1153 800; x_wconf 79' lang='lat' dir='ltr'>coegit,</span> <span class='ocrx_word' id='word_1_17' title='bbox 1174 729 1493 774; x_wconf 86' lang='lat' dir='ltr'><strong>securum</strong></span> <span class='ocrx_word' id='word_1_18' title='bbox 1511 705 1932 804; x_wconf 80' lang='lat' dir='ltr'><strong>hilaremque</strong></span> <span class='ocrx_word' id='word_1_19' title='bbox 1955 707 2238 792; x_wconf 82' lang='lat' dir='ltr'><strong>dimisit,</strong></span> <span class='ocrx_word' id='word_1_20' title='bbox 2261 711 2574 803; x_wconf 87' lang='lat' dir='ltr'><strong>partibus</strong></span> <span class='ocrx_word' id='word_1_21' title='bbox 2597 715 2778 780; x_wconf 83' lang='lat' dir='ltr'><strong>etiam</strong></span> 
     </span>
     <span class='ocr_line' id='line_1_4' title="bbox 694 817 2778 908; baseline 0.001 -20"><span class='ocrx_word' id='word_1_22' title='bbox 694 820 781 888; x_wconf 91' lang='lat' dir='ltr'><strong>de</strong></span> <span class='ocrx_word' id='word_1_23' title='bbox 828 843 1019 888; x_wconf 86' lang='lat' dir='ltr'><strong>coena</strong></span> <span class='ocrx_word' id='word_1_24' title='bbox 1052 817 1367 908; x_wconf 77' lang='lat' dir='ltr'><strong>dignatus</strong></span> <span class='ocrx_word' id='word_1_25' title='bbox 1406 831 1527 884; x_wconf 85' lang='lat' dir='ltr'><strong>est.</strong></span> <span class='ocrx_word' id='word_1_26' title='bbox 1567 823 1954 886; x_wconf 84' lang='lat' dir='ltr'><strong>Arretinum</strong></span> <span class='ocrx_word' id='word_1_27' title='bbox 1991 819 2450 890; x_wconf 83' lang='lat' dir='ltr'><strong>Clementem³</strong></span> <span class='ocrx_word' id='word_1_28' title='bbox 2489 823 2778 892; x_wconf 84' lang='lat' dir='ltr'><strong>consula—</strong></span> 
     </span>
     <span class='ocr_line' id='line_1_5' title="bbox 679 926 2779 1033; baseline 0.003 -37"><span class='ocrx_word' id='word_1_29' title='bbox 679 954 839 1033; x_wconf 76' lang='lat' dir='ltr'><strong>rem</strong></span> <span class='ocrx_word' id='word_1_30' title='bbox 856 981 874 1011; x_wconf 90' lang='lat'><strong>,</strong></span> <span class='ocrx_word' id='word_1_31' title='bbox 898 952 1116 996; x_wconf 89' lang='lat' dir='ltr'><strong>unum</strong></span> <span class='ocrx_word' id='word_1_32' title='bbox 1134 951 1172 994; x_wconf 90' lang='lat' dir='ltr'><strong>e</strong></span> <span class='ocrx_word' id='word_1_33' title='bbox 1196 926 1640 996; x_wconf 78' lang='lat' dir='ltr'><strong>familiaribus</strong></span> <span class='ocrx_word' id='word_1_34' title='bbox 1665 943 1734 994; x_wconf 89' lang='lat' dir='ltr'><strong>et</strong></span> <span class='ocrx_word' id='word_1_35' title='bbox 1754 932 2116 997; x_wconf 83' lang='lat' dir='ltr'><strong>emissariis</strong></span> <span class='ocrx_word' id='word_1_36' title='bbox 2131 929 2158 982; x_wconf 78' lang='lat'>⁴</span> <span class='ocrx_word' id='word_1_37' title='bbox 2181 935 2354 1016; x_wconf 89' lang='lat' dir='ltr'><strong>suis,</strong></span> <span class='ocrx_word' id='word_1_38' title='bbox 2379 937 2617 1026; x_wconf 89' lang='lat' dir='ltr'><strong>capitis</strong></span> <span class='ocrx_word' id='word_1_39' title='bbox 2643 959 2779 1002; x_wconf 86' lang='lat' dir='ltr'><strong>con·</strong></span> 
     </span>
     <span class='ocr_line' id='line_1_6' title="bbox 694 1036 2776 1136; baseline 0.002 -27"><span class='ocrx_word' id='word_1_40' title='bbox 694 1040 1137 1110; x_wconf 83' lang='lat' dir='ltr'><strong>demnatums</strong></span> <span class='ocrx_word' id='word_1_41' title='bbox 1152 1093 1169 1122; x_wconf 97' lang='lat'><strong>,</strong></span> <span class='ocrx_word' id='word_1_42' title='bbox 1190 1042 1261 1106; x_wconf 91' lang='lat' dir='ltr'><strong>in</strong></span> <span class='ocrx_word' id='word_1_43' title='bbox 1280 1036 1517 1107; x_wconf 89' lang='lat' dir='ltr'><strong>eadem</strong></span> <span class='ocrx_word' id='word_1_44' title='bbox 1531 1091 1547 1120; x_wconf 90' lang='lat'><strong>,</strong></span> <span class='ocrx_word' id='word_1_45' title='bbox 1568 1039 1674 1107; x_wconf 85' lang='lat' dir='ltr'><strong>vel</strong></span> <span class='ocrx_word' id='word_1_46' title='bbox 1695 1043 1901 1108; x_wconf 89' lang='lat' dir='ltr'><strong>etiam</strong></span> <span class='ocrx_word' id='word_1_47' title='bbox 1919 1043 1990 1108; x_wconf 90' lang='lat' dir='ltr'><strong>in</strong></span> <span class='ocrx_word' id='word_1_48' title='bbox 2012 1038 2268 1135; x_wconf 82' lang='lat' dir='ltr'><strong>majore</strong></span> <span class='ocrx_word' id='word_1_49' title='bbox 2293 1047 2508 1136; x_wconf 76' lang='lat' dir='ltr'><strong>gratia</strong></span> <span class='ocrx_word' id='word_1_50' title='bbox 2529 1046 2776 1130; x_wconf 86' lang='lat' dir='ltr'><strong>habuit,</strong></span> 
     </span>
     <span class='ocr_line' id='line_1_7' title="bbox 692 1149 2774 1249; baseline 0.002 -30"><span class='ocrx_word' id='word_1_51' title='bbox 692 1150 919 1247; x_wconf 88' lang='lat' dir='ltr'><strong>quoad</strong></span> <span class='ocrx_word' id='word_1_52' title='bbox 942 1153 1305 1218; x_wconf 91' lang='lat' dir='ltr'><strong>novissime</strong></span> <span class='ocrx_word' id='word_1_53' title='bbox 1324 1149 1530 1216; x_wconf 88' lang='lat' dir='ltr'><strong>simul</strong></span> <span class='ocrx_word' id='word_1_54' title='bbox 1543 1153 1828 1240; x_wconf 78' lang='lat' dir='ltr'><strong>gestanti</strong></span> <span class='ocrx_word' id='word_1_55' title='bbox 1841 1151 1892 1233; x_wconf 88' lang='lat'><strong>⁵,</strong></span> <span class='ocrx_word' id='word_1_56' title='bbox 1907 1169 2273 1244; x_wconf 90' lang='lat' dir='ltr'><strong>conspecto</strong></span> <span class='ocrx_word' id='word_1_57' title='bbox 2291 1152 2594 1222; x_wconf 90' lang='lat' dir='ltr'><strong>delatore</strong></span> <span class='ocrx_word' id='word_1_58' title='bbox 2611 1154 2774 1249; x_wconf 85' lang='lat' dir='ltr'><strong>ejus,</strong></span> 
     </span>
     <span class='ocr_line' id='line_1_8' title="bbox 700 1259 2834 1358; baseline 0.002 -28"><span class='ocrx_word' id='word_1_59' title='bbox 700 1295 727 1324; x_wconf 77' lang='grc' dir='ltr'><strong><em>κ</em></strong></span> <span class='ocrx_word' id='word_1_60' title='bbox 752 1266 899 1347; x_wconf 90' lang='lat' dir='ltr'><strong>Vis,</strong></span> <span class='ocrx_word' id='word_1_61' title='bbox 930 1295 957 1324; x_wconf 68' lang='grc' dir='ltr'>υ</span> <span class='ocrx_word' id='word_1_62' title='bbox 998 1265 1249 1358; x_wconf 88' lang='lat' dir='ltr'><strong>inquit,</strong></span> <span class='ocrx_word' id='word_1_63' title='bbox 1288 1293 1315 1322; x_wconf 73' lang='grc' dir='ltr'><strong><em>α</em></strong></span> <span class='ocrx_word' id='word_1_64' title='bbox 1342 1259 1528 1328; x_wconf 91' lang='lat' dir='ltr'><strong>hunc</strong></span> <span class='ocrx_word' id='word_1_65' title='bbox 1554 1264 2048 1356; x_wconf 79' lang='lat' dir='ltr'><strong>nequissimum</strong></span> <span class='ocrx_word' id='word_1_66' title='bbox 2077 1287 2352 1332; x_wconf 85' lang='lat' dir='ltr'><strong>servum</strong></span> <span class='ocrx_word' id='word_1_67' title='bbox 2384 1288 2534 1334; x_wconf 91' lang='lat' dir='ltr'><strong>cras</strong></span> <span class='ocrx_word' id='word_1_68' title='bbox 2561 1265 2773 1335; x_wconf 79' lang='lat' dir='ltr'><strong>audia—</strong></span> <span class='ocrx_word' id='word_1_69' title='bbox 2827 1321 2834 1330; x_wconf 93' lang='lat'><strong>.</strong></span> 
     </span>
     <span class='ocr_line' id='line_1_9' title="bbox 690 1373 2772 1472; baseline 0.001 -28"><span class='ocrx_word' id='word_1_70' title='bbox 690 1401 845 1444; x_wconf 89' lang='lat' dir='ltr'><strong>mus</strong></span> <span class='ocrx_word' id='word_1_71' title='bbox 857 1381 887 1442; x_wconf 73' lang='lat' dir='ltr'><strong>&#39;z&#39;</strong></span> <span class='ocrx_word' id='word_1_72' title='bbox 910 1408 937 1436; x_wconf 72' lang='lat' dir='ltr'><em>n</em></span> <span class='ocrx_word' id='word_1_73' title='bbox 968 1379 1053 1442; x_wconf 91' lang='lat' dir='ltr'><strong>Et</strong></span> <span class='ocrx_word' id='word_1_74' title='bbox 1073 1399 1213 1472; x_wconf 85' lang='lat' dir='ltr'><strong>quo</strong></span> <span class='ocrx_word' id='word_1_75' title='bbox 1228 1375 1634 1442; x_wconf 88' lang='lat' dir='ltr'><strong>contemtius</strong></span> <span class='ocrx_word' id='word_1_76' title='bbox 1653 1373 2048 1441; x_wconf 85' lang='lat' dir='ltr'><strong>abuteretur</strong></span> <span class='ocrx_word' id='word_1_77' title='bbox 2064 1377 2386 1467; x_wconf 84' lang='lat' dir='ltr'><strong>patientia</strong></span> <span class='ocrx_word' id='word_1_78' title='bbox 2401 1375 2772 1461; x_wconf 90' lang='lat' dir='ltr'><strong>hominum,</strong></span> 
     </span>
     <span class='ocr_line' id='line_1_10' title="bbox 690 1485 2776 1583; baseline 0 -28"><span class='ocrx_word' id='word_1_79' title='bbox 690 1511 1041 1583; x_wconf 89' lang='lat' dir='ltr'><strong>nunquam</strong></span> <span class='ocrx_word' id='word_1_80' title='bbox 1072 1488 1435 1553; x_wconf 86' lang='lat' dir='ltr'><strong>tristiorem</strong></span> <span class='ocrx_word' id='word_1_81' title='bbox 1470 1486 1874 1552; x_wconf 89' lang='lat' dir='ltr'><strong>sententiam</strong></span> <span class='ocrx_word' id='word_1_82' title='bbox 1909 1487 2054 1552; x_wconf 90' lang='lat' dir='ltr'><strong>sine</strong></span> <span class='ocrx_word' id='word_1_83' title='bbox 2084 1485 2478 1578; x_wconf 66' lang='lat' dir='ltr'><strong>praefatione</strong></span> <span class='ocrx_word' id='word_1_84' title='bbox 2509 1487 2776 1556; x_wconf 87' lang='lat' dir='ltr'><strong>clemen·</strong></span> 
     </span>
     <span class='ocr_line' id='line_1_11' title="bbox 686 1593 2772 1692; baseline 0 -25"><span class='ocrx_word' id='word_1_85' title='bbox 686 1601 797 1667; x_wconf 83' lang='lat' dir='ltr'><strong>tiae</strong></span> <span class='ocrx_word' id='word_1_86' title='bbox 828 1599 1333 1692; x_wconf 80' lang='lat' dir='ltr'><strong>pronunciavit:</strong></span> <span class='ocrx_word' id='word_1_87' title='bbox 1362 1613 1441 1664; x_wconf 93' lang='lat' dir='ltr'><strong>ut</strong></span> <span class='ocrx_word' id='word_1_88' title='bbox 1466 1620 1608 1663; x_wconf 88' lang='lat' dir='ltr'><strong>non</strong></span> <span class='ocrx_word' id='word_1_89' title='bbox 1639 1595 1825 1664; x_wconf 89' lang='lat' dir='ltr'><strong>aliud</strong></span> <span class='ocrx_word' id='word_1_90' title='bbox 1850 1593 1992 1689; x_wconf 88' lang='lat' dir='ltr'><strong>jam</strong></span> <span class='ocrx_word' id='word_1_91' title='bbox 2022 1600 2270 1664; x_wconf 87' lang='lat' dir='ltr'><strong>certius</strong></span> <span class='ocrx_word' id='word_1_92' title='bbox 2298 1601 2546 1666; x_wconf 87' lang='lat' dir='ltr'><strong>atrocis</strong></span> <span class='ocrx_word' id='word_1_93' title='bbox 2575 1603 2772 1668; x_wconf 85' lang='lat' dir='ltr'><strong>exitus</strong></span> 
     </span>
     <span class='ocr_line' id='line_1_12' title="bbox 686 1703 2774 1804; baseline -0 -26"><span class='ocrx_word' id='word_1_94' title='bbox 686 1713 955 1804; x_wconf 77' lang='lat' dir='ltr'><strong>signum</strong></span> <span class='ocrx_word' id='word_1_95' title='bbox 990 1723 1199 1790; x_wconf 90' lang='lat' dir='ltr'><strong>esset,</strong></span> <span class='ocrx_word' id='word_1_96' title='bbox 1243 1731 1447 1802; x_wconf 82' lang='lat' dir='ltr'><strong>quam</strong></span> <span class='ocrx_word' id='word_1_97' title='bbox 1484 1709 1814 1798; x_wconf 87' lang='lat' dir='ltr'><strong>Principis</strong></span> <span class='ocrx_word' id='word_1_98' title='bbox 1849 1703 2150 1774; x_wconf 79' lang='lat' dir='ltr'><strong>lenitas⁶.</strong></span> <span class='ocrx_word' id='word_1_99' title='bbox 2195 1708 2544 1793; x_wconf 90' lang='lat' dir='ltr'><strong>Quosdam</strong></span> <span class='ocrx_word' id='word_1_100' title='bbox 2579 1708 2774 1804; x_wconf 85' lang='lat' dir='ltr'><strong>maje-</strong></span> 
     </span>
     <span class='ocr_line' id='line_1_13' title="bbox 686 1815 2773 1913; baseline -0.001 -23"><span class='ocrx_word' id='word_1_101' title='bbox 686 1823 877 1890; x_wconf 82' lang='lat' dir='ltr'><strong>statis</strong></span> <span class='ocrx_word' id='word_1_102' title='bbox 916 1843 1069 1888; x_wconf 91' lang='lat' dir='ltr'><strong>reos</strong></span> <span class='ocrx_word' id='word_1_103' title='bbox 1110 1821 1179 1885; x_wconf 88' lang='lat' dir='ltr'><strong>in</strong></span> <span class='ocrx_word' id='word_1_104' title='bbox 1219 1821 1494 1887; x_wconf 88' lang='lat' dir='ltr'><strong>Curiam</strong></span> <span class='ocrx_word' id='word_1_105' title='bbox 1529 1815 1923 1885; x_wconf 80' lang='lat' dir='ltr'><strong>induxerat:</strong></span> <span class='ocrx_word' id='word_1_106' title='bbox 1968 1833 2038 1885; x_wconf 88' lang='lat' dir='ltr'><strong>et</strong></span> <span class='ocrx_word' id='word_1_107' title='bbox 2076 1842 2293 1913; x_wconf 85' lang='lat' dir='ltr'><strong>quum</strong></span> <span class='ocrx_word' id='word_1_108' title='bbox 2329 1819 2773 1913; x_wconf 66' lang='lat' dir='ltr'><strong>praedixisset,</strong></span> 
     </span>
     <span class='ocr_line' id='line_1_14' title="bbox 694 1927 2775 2024; baseline -0 -25"><span class='ocrx_word' id='word_1_109' title='bbox 694 1965 721 1992; x_wconf 80' lang='grc' dir='ltr'><strong>ιι</strong></span> <span class='ocrx_word' id='word_1_110' title='bbox 744 1947 1185 2024; x_wconf 88' lang='lat' dir='ltr'><strong>experturum</strong></span> <span class='ocrx_word' id='word_1_111' title='bbox 1214 1953 1285 1996; x_wconf 90' lang='lat' dir='ltr'><strong>se</strong></span> <span class='ocrx_word' id='word_1_112' title='bbox 1312 1927 1430 1996; x_wconf 80' lang='lat' dir='ltr'><strong>illa</strong></span> <span class='ocrx_word' id='word_1_113' title='bbox 1450 1927 1595 2009; x_wconf 90' lang='lat' dir='ltr'><strong>die,</strong></span> <span class='ocrx_word' id='word_1_114' title='bbox 1626 1953 1834 2023; x_wconf 88' lang='lat' dir='ltr'><strong>quam</strong></span> <span class='ocrx_word' id='word_1_115' title='bbox 1863 1952 2062 1996; x_wconf 88' lang='lat' dir='ltr'><strong>carus</strong></span> <span class='ocrx_word' id='word_1_116' title='bbox 2089 1933 2364 1997; x_wconf 88' lang='lat' dir='ltr'><strong>Senatui</strong></span> <span class='ocrx_word' id='word_1_117' title='bbox 2393 1949 2572 1998; x_wconf 88' lang='lat' dir='ltr'><strong>esset</strong></span> <span class='ocrx_word' id='word_1_118' title='bbox 2591 1985 2609 2012; x_wconf 94' lang='lat'><strong>,</strong></span> <span class='ocrx_word' id='word_1_119' title='bbox 2633 1963 2660 1991; x_wconf 69' lang='lat' dir='ltr'>n</span> <span class='ocrx_word' id='word_1_120' title='bbox 2698 1932 2775 1997; x_wconf 82' lang='lat' dir='ltr'><strong>fa-</strong></span> 
     </span>
     <span class='ocr_line' id='line_1_15' title="bbox 683 2036 2775 2134; baseline 0 -24"><span class='ocrx_word' id='word_1_121' title='bbox 683 2041 810 2110; x_wconf 89' lang='lat' dir='ltr'><strong>cile</strong></span> <span class='ocrx_word' id='word_1_122' title='bbox 844 2041 1248 2134; x_wconf 84' lang='lat' dir='ltr'><strong>perfecerat,</strong></span> <span class='ocrx_word' id='word_1_123' title='bbox 1280 2057 1361 2108; x_wconf 88' lang='lat' dir='ltr'><strong>ut</strong></span> <span class='ocrx_word' id='word_1_124' title='bbox 1390 2041 1592 2106; x_wconf 87' lang='lat' dir='ltr'><strong>etiam</strong></span> <span class='ocrx_word' id='word_1_125' title='bbox 1629 2063 1820 2108; x_wconf 84' lang='lat' dir='ltr'><strong>more</strong></span> <span class='ocrx_word' id='word_1_126' title='bbox 1851 2036 2234 2133; x_wconf 85' lang='lat' dir='ltr'><strong>majorum7</strong></span> <span class='ocrx_word' id='word_1_127' title='bbox 2269 2041 2598 2133; x_wconf 89' lang='lat' dir='ltr'><strong>puniendi</strong></span> <span class='ocrx_word' id='word_1_128' title='bbox 2635 2066 2775 2110; x_wconf 85' lang='lat' dir='ltr'><strong>con-</strong></span> 
     </span>
     <span class='ocr_line' id='line_1_16' title="bbox 684 2148 2772 2244; baseline 0 -23"><span class='ocrx_word' id='word_1_129' title='bbox 684 2153 1204 2221; x_wconf 86' lang='lat' dir='ltr'><strong>demnarentur:</strong></span> <span class='ocrx_word' id='word_1_130' title='bbox 1253 2148 1527 2232; x_wconf 88' lang='lat' dir='ltr'><strong>deinde,</strong></span> <span class='ocrx_word' id='word_1_131' title='bbox 1570 2155 1918 2219; x_wconf 88' lang='lat' dir='ltr'><strong>atrocitate</strong></span> <span class='ocrx_word' id='word_1_132' title='bbox 1959 2175 2178 2244; x_wconf 84' lang='lat' dir='ltr'><strong>poenae</strong></span> <span class='ocrx_word' id='word_1_133' title='bbox 2219 2157 2655 2237; x_wconf 85' lang='lat' dir='ltr'><strong>conterritus,</strong></span> <span class='ocrx_word' id='word_1_134' title='bbox 2697 2155 2772 2222; x_wconf 89' lang='lat' dir='ltr'><strong>ad</strong></span> 
     </span>
     <span class='ocr_line' id='line_1_17' title="bbox 683 2260 2774 2359; baseline -0 -26"><span class='ocrx_word' id='word_1_135' title='bbox 683 2260 1063 2333; x_wconf 90' lang='lat' dir='ltr'><strong>leniendam</strong></span> <span class='ocrx_word' id='word_1_136' title='bbox 1086 2260 1411 2331; x_wconf 85' lang='lat' dir='ltr'><strong>invidiam</strong></span> <span class='ocrx_word' id='word_1_137' title='bbox 1426 2262 1836 2341; x_wconf 85' lang='lat' dir='ltr'><strong>intercessit,</strong></span> <span class='ocrx_word' id='word_1_138' title='bbox 1855 2260 1961 2329; x_wconf 91' lang='lat' dir='ltr'><strong>his</strong></span> <span class='ocrx_word' id='word_1_139' title='bbox 1981 2262 2202 2330; x_wconf 88' lang='lat' dir='ltr'><strong>verbis</strong></span> <span class='ocrx_word' id='word_1_140' title='bbox 2225 2269 2479 2359; x_wconf 89' lang='lat' dir='ltr'><strong>(neque</strong></span> <span class='ocrx_word' id='word_1_141' title='bbox 2499 2269 2678 2332; x_wconf 87' lang='lat' dir='ltr'><strong>enim</strong></span> <span class='ocrx_word' id='word_1_142' title='bbox 2698 2263 2774 2331; x_wconf 90' lang='lat' dir='ltr'><strong>ab</strong></span> 
     </span>
     <span class='ocr_line' id='line_1_18' title="bbox 683 2373 2771 2468; baseline 0 -27"><span class='ocrx_word' id='word_1_143' title='bbox 683 2398 757 2442; x_wconf 90' lang='lat' dir='ltr'><strong>re</strong></span> <span class='ocrx_word' id='word_1_144' title='bbox 776 2375 976 2442; x_wconf 83' lang='lat' dir='ltr'><strong>fuerit</strong></span> <span class='ocrx_word' id='word_1_145' title='bbox 994 2376 1140 2466; x_wconf 90' lang='lat' dir='ltr'><strong>ipsa</strong></span> <span class='ocrx_word' id='word_1_146' title='bbox 1162 2376 1593 2465; x_wconf 78' lang='lat' dir='ltr'><strong>cognoscere)</strong></span> <span class='ocrx_word' id='word_1_147' title='bbox 1611 2398 1625 2438; x_wconf 90' lang='lat'>:</span> <span class='ocrx_word' id='word_1_148' title='bbox 1662 2403 1689 2432; x_wconf 73' lang='grc' dir='ltr'><strong><em>α</em></strong></span> <span class='ocrx_word' id='word_1_149' title='bbox 1709 2373 2104 2453; x_wconf 85' lang='lat' dir='ltr'><strong>Permittite,</strong></span> <span class='ocrx_word' id='word_1_150' title='bbox 2124 2378 2356 2440; x_wconf 88' lang='lat' dir='ltr'><strong>Patres</strong></span> <span class='ocrx_word' id='word_1_151' title='bbox 2374 2377 2744 2468; x_wconf 82' lang='lat' dir='ltr'><strong>Conscripti</strong></span> <span class='ocrx_word' id='word_1_152' title='bbox 2756 2427 2771 2455; x_wconf 87' lang='lat'><strong>,</strong></span> 
     </span>
     <span class='ocr_line' id='line_1_19' title="bbox 682 2471 2860 2581; baseline -0.001 -26"><span class='ocrx_word' id='word_1_153' title='bbox 682 2513 722 2555; x_wconf 89' lang='lat' dir='ltr'><strong>a</strong></span> <span class='ocrx_word' id='word_1_154' title='bbox 749 2489 995 2581; x_wconf 69' lang='lat' dir='ltr'><strong>pietate</strong></span> <span class='ocrx_word' id='word_1_155' title='bbox 1018 2501 1241 2554; x_wconf 85' lang='lat' dir='ltr'><strong>vestra</strong></span> <span class='ocrx_word' id='word_1_156' title='bbox 1267 2486 1647 2577; x_wconf 88' lang='lat' dir='ltr'><strong>impetrari,</strong></span> <span class='ocrx_word' id='word_1_157' title='bbox 1677 2480 1862 2579; x_wconf 84' lang='lat' dir='ltr'><strong>quod</strong></span> <span class='ocrx_word' id='word_1_158' title='bbox 1891 2485 2028 2551; x_wconf 90' lang='lat' dir='ltr'><strong>scio</strong></span> <span class='ocrx_word' id='word_1_159' title='bbox 2055 2508 2166 2551; x_wconf 88' lang='lat' dir='ltr'><strong>me</strong></span> <span class='ocrx_word' id='word_1_160' title='bbox 2194 2481 2560 2552; x_wconf 88' lang='lat' dir='ltr'><strong>difficulter</strong></span> <span class='ocrx_word' id='word_1_161' title='bbox 2585 2487 2775 2580; x_wconf 87' lang='lat' dir='ltr'><strong>impe·</strong></span> <span class='ocrx_word' id='word_1_162' title='bbox 2845 2471 2860 2496; x_wconf 84' lang='grc'>’</span> 
     </span>
     <span class='ocr_line' id='line_1_20' title="bbox 684 2594 2776 2681; baseline -0.001 -14"><span class='ocrx_word' id='word_1_163' title='bbox 684 2618 1053 2681; x_wconf 88' lang='lat' dir='ltr'><strong>traturum,</strong></span> <span class='ocrx_word' id='word_1_164' title='bbox 1089 2614 1168 2665; x_wconf 81' lang='lat' dir='ltr'><strong>ut</strong></span> <span class='ocrx_word' id='word_1_165' title='bbox 1204 2596 1539 2666; x_wconf 86' lang='lat' dir='ltr'><strong>damnatis</strong></span> <span class='ocrx_word' id='word_1_166' title='bbox 1575 2595 1867 2664; x_wconf 89' lang='lat' dir='ltr'><strong>liberum</strong></span> <span class='ocrx_word' id='word_1_167' title='bbox 1901 2598 2139 2663; x_wconf 89' lang='lat' dir='ltr'><strong>mortis</strong></span> <span class='ocrx_word' id='word_1_168' title='bbox 2171 2594 2527 2665; x_wconf 85' lang='lat' dir='ltr'><strong>arbitrium</strong></span> <span class='ocrx_word' id='word_1_169' title='bbox 2569 2596 2776 2667; x_wconf 88' lang='lat' dir='ltr'><strong>indul-</strong></span> 
     </span>
    </p>
   </div>
   <div class='ocr_carea' id='block_1_3' title="bbox 676 2832 1693 4244">
    <p class='ocr_par' dir='ltr' id='par_1_3' title="bbox 680 2832 1692 3143">
     <span class='ocr_line' id='line_1_21' title="bbox 684 2832 1690 2905; baseline -0.002 -19"><span class='ocrx_word' id='word_1_170' title='bbox 684 2834 960 2886; x_wconf 82' lang='lat' dir='ltr'><strong>bitandnm</strong></span> <span class='ocrx_word' id='word_1_171' title='bbox 974 2836 1133 2905; x_wconf 73' lang='lat' dir='ltr'><strong>igitur</strong></span> <span class='ocrx_word' id='word_1_172' title='bbox 1151 2833 1225 2885; x_wconf 81' lang='lat' dir='ltr'><strong>de·</strong></span> <span class='ocrx_word' id='word_1_173' title='bbox 1236 2832 1424 2885; x_wconf 79' lang='lat' dir='ltr'><strong>vocab.</strong></span> <span class='ocrx_word' id='word_1_174' title='bbox 1448 2834 1690 2885; x_wconf 69' lang='lat' dir='ltr'><strong>Actor-em</strong></span> 
     </span>
     <span class='ocr_line' id='line_1_22' title="bbox 684 2910 1688 2983; baseline 0 -20"><span class='ocrx_word' id='word_1_175' title='bbox 684 2910 1055 2965; x_wconf 80' lang='lat' dir='ltr'><strong>substituendo</strong></span> <span class='ocrx_word' id='word_1_176' title='bbox 1107 2911 1319 2983; x_wconf 75' lang='lat' dir='ltr'><strong>vulgato</strong></span> <span class='ocrx_word' id='word_1_177' title='bbox 1366 2910 1646 2964; x_wconf 79' lang='lat' dir='ltr'><strong>Auctor-em</strong></span> <span class='ocrx_word' id='word_1_178' title='bbox 1671 2949 1688 2976; x_wconf 93' lang='lat'><strong>,</strong></span> 
     </span>
     <span class='ocr_line' id='line_1_23' title="bbox 680 2988 1692 3062; baseline 0 -21"><span class='ocrx_word' id='word_1_179' title='bbox 680 2988 845 3062; x_wconf 86' lang='lat' dir='ltr'><strong>idque</strong></span> <span class='ocrx_word' id='word_1_180' title='bbox 898 2991 1057 3061; x_wconf 84' lang='lat' dir='ltr'><strong>primi</strong></span> <span class='ocrx_word' id='word_1_181' title='bbox 1118 2991 1363 3043; x_wconf 83' lang='lat' dir='ltr'><strong>fecerunt</strong></span> <span class='ocrx_word' id='word_1_182' title='bbox 1420 2990 1692 3042; x_wconf 84' lang='lat' dir='ltr'><strong>Ernestius</strong></span> 
     </span>
     <span class='ocr_line' id='line_1_24' title="bbox 684 3070 1116 3143; baseline 0 -20"><span class='ocrx_word' id='word_1_183' title='bbox 684 3084 739 3125; x_wconf 77' lang='lat' dir='ltr'><strong>et</strong></span> <span class='ocrx_word' id='word_1_184' title='bbox 766 3070 1116 3143; x_wconf 83' lang='lat' dir='ltr'><strong>Oudendorp.</strong></span> 
     </span>
    </p>

    <p class='ocr_par' dir='ltr' id='par_1_4' title="bbox 676 3146 1693 4244">
     <span class='ocr_line' id='line_1_25' title="bbox 755 3146 1688 3213; baseline 0.001 -14"><span class='ocrx_word' id='word_1_185' title='bbox 755 3148 805 3199; x_wconf 89' lang='lat'><strong>3.</strong></span> <span class='ocrx_word' id='word_1_186' title='bbox 823 3147 1123 3200; x_wconf 77' lang='lat' dir='ltr'><strong>Arretinum</strong></span> <span class='ocrx_word' id='word_1_187' title='bbox 1146 3146 1480 3213; x_wconf 78' lang='lat' dir='ltr'><strong>Clementem,</strong></span> <span class='ocrx_word' id='word_1_188' title='bbox 1498 3162 1598 3200; x_wconf 81' lang='lat' dir='ltr'><strong>etc.</strong></span> <span class='ocrx_word' id='word_1_189' title='bbox 1611 3150 1688 3201; x_wconf 87' lang='lat' dir='ltr'><strong>De</strong></span> 
     </span>
     <span class='ocr_line' id='line_1_26' title="bbox 679 3226 1688 3292; baseline -0.002 -13"><span class='ocrx_word' id='word_1_190' title='bbox 679 3226 789 3279; x_wconf 74' lang='lat' dir='ltr'><strong>&#39;hoc</strong></span> <span class='ocrx_word' id='word_1_191' title='bbox 818 3227 987 3278; x_wconf 79' lang='lat' dir='ltr'><strong>Tacit.</strong></span> <span class='ocrx_word' id='word_1_192' title='bbox 1014 3228 1149 3279; x_wconf 74' lang='lat' dir='ltr'><strong>nist.</strong></span> <span class='ocrx_word' id='word_1_193' title='bbox 1178 3226 1266 3292; x_wconf 86' lang='lat' dir='ltr'><strong>lV,</strong></span> <span class='ocrx_word' id='word_1_194' title='bbox 1304 3226 1402 3278; x_wconf 84' lang='lat'><strong>68:</strong></span> <span class='ocrx_word' id='word_1_195' title='bbox 1444 3250 1466 3273; x_wconf 78' lang='grc' dir='ltr'><strong>ιι</strong></span> <span class='ocrx_word' id='word_1_196' title='bbox 1486 3228 1688 3278; x_wconf 82' lang='lat' dir='ltr'><strong>Arreti-</strong></span> 
     </span>
     <span class='ocr_line' id='line_1_27' title="bbox 679 3304 1691 3377; baseline 0 -19"><span class='ocrx_word' id='word_1_197' title='bbox 679 3326 813 3360; x_wconf 79' lang='lat' dir='ltr'><strong>num</strong></span> <span class='ocrx_word' id='word_1_198' title='bbox 841 3306 1193 3371; x_wconf 82' lang='lat' dir='ltr'><strong>Clementem,</strong></span> <span class='ocrx_word' id='word_1_199' title='bbox 1213 3304 1397 3357; x_wconf 85' lang='lat' dir='ltr'><strong>domui</strong></span> <span class='ocrx_word' id='word_1_200' title='bbox 1414 3306 1691 3377; x_wconf 78' lang='lat' dir='ltr'><strong>Vespasia·</strong></span> 
     </span>
     <span class='ocr_line' id='line_1_28' title="bbox 684 3383 1690 3457; baseline -0.001 -21"><span class='ocrx_word' id='word_1_201' title='bbox 684 3387 739 3437; x_wconf 88' lang='lat' dir='ltr'><strong>ni</strong></span> <span class='ocrx_word' id='word_1_202' title='bbox 766 3404 861 3457; x_wconf 82' lang='lat' dir='ltr'><strong>per</strong></span> <span class='ocrx_word' id='word_1_203' title='bbox 890 3383 1202 3437; x_wconf 77' lang='lat' dir='ltr'><strong>affinitatem</strong></span> <span class='ocrx_word' id='word_1_204' title='bbox 1226 3386 1473 3435; x_wconf 85' lang='lat' dir='ltr'><strong>innexum</strong></span> <span class='ocrx_word' id='word_1_205' title='bbox 1497 3398 1550 3435; x_wconf 87' lang='lat' dir='ltr'><strong>et</strong></span> <span class='ocrx_word' id='word_1_206' title='bbox 1568 3403 1690 3455; x_wconf 72' lang='lat' dir='ltr'><strong>gra-</strong></span> 
     </span>
     <span class='ocr_line' id='line_1_29' title="bbox 680 3466 1690 3529; baseline 0.002 -14"><span class='ocrx_word' id='word_1_207' title='bbox 680 3466 943 3517; x_wconf 75' lang='lat' dir='ltr'><strong>tissimum</strong></span> <span class='ocrx_word' id='word_1_208' title='bbox 978 3466 1317 3529; x_wconf 82' lang='lat' dir='ltr'><strong>Domitiano,</strong></span> <span class='ocrx_word' id='word_1_209' title='bbox 1364 3466 1690 3517; x_wconf 79' lang='lat' dir='ltr'><strong>Praetorianis</strong></span> 
     </span>
     <span class='ocr_line' id='line_1_30' title="bbox 682 3544 1693 3617; baseline 0.002 -22"><span class='ocrx_word' id='word_1_210' title='bbox 682 3547 975 3617; x_wconf 71' lang='lat' dir='ltr'><strong>preposuit</strong></span> <span class='ocrx_word' id='word_1_211' title='bbox 989 3544 1338 3617; x_wconf 79' lang='lat' dir='ltr'><strong>(Mucianus),</strong></span> <span class='ocrx_word' id='word_1_212' title='bbox 1354 3558 1558 3616; x_wconf 81' lang='lat' dir='ltr'><strong>patrem</strong></span> <span class='ocrx_word' id='word_1_213' title='bbox 1577 3548 1693 3617; x_wconf 78' lang='lat' dir='ltr'><strong>ejus</strong></span> 
     </span>
     <span class='ocr_line' id='line_1_31' title="bbox 686 3622 1693 3695; baseline 0 -20"><span class='ocrx_word' id='word_1_214' title='bbox 686 3622 787 3675; x_wconf 86' lang='lat' dir='ltr'><strong>sub</strong></span> <span class='ocrx_word' id='word_1_215' title='bbox 812 3624 943 3675; x_wconf 82' lang='lat' dir='ltr'><strong>Caio</strong></span> <span class='ocrx_word' id='word_1_216' title='bbox 976 3624 1176 3675; x_wconf 73' lang='lat' dir='ltr'><strong>caesare</strong></span> <span class='ocrx_word' id='word_1_217' title='bbox 1210 3626 1417 3695; x_wconf 79' lang='lat' dir='ltr'><strong>egregie</strong></span> <span class='ocrx_word' id='word_1_218' title='bbox 1448 3625 1693 3677; x_wconf 83' lang='lat' dir='ltr'><strong>functum</strong></span> 
     </span>
     <span class='ocr_line' id='line_1_32' title="bbox 684 3702 1692 3768; baseline 0.002 -13"><span class='ocrx_word' id='word_1_219' title='bbox 684 3720 748 3755; x_wconf 74' lang='lat' dir='ltr'><strong>cn</strong></span> <span class='ocrx_word' id='word_1_220' title='bbox 770 3722 924 3768; x_wconf 82' lang='lat' dir='ltr'><strong>cura,</strong></span> <span class='ocrx_word' id='word_1_221' title='bbox 946 3702 1417 3765; x_wconf 74' lang='lat' dir='ltr'><strong>dictitans31aetum</strong></span> <span class='ocrx_word' id='word_1_222' title='bbox 1438 3703 1692 3757; x_wconf 83' lang='lat' dir='ltr'><strong>militibus</strong></span> 
     </span>
     <span class='ocr_line' id='line_1_33' title="bbox 676 3779 1692 3855; baseline 0.003 -23"><span class='ocrx_word' id='word_1_223' title='bbox 676 3779 825 3833; x_wconf 78' lang='lat' dir='ltr'><strong>idem</strong></span> <span class='ocrx_word' id='word_1_224' title='bbox 848 3799 1072 3847; x_wconf 89' lang='lat' dir='ltr'><strong>nomen,</strong></span> <span class='ocrx_word' id='word_1_225' title='bbox 1098 3794 1256 3855; x_wconf 84' lang='lat' dir='ltr'><strong>atque</strong></span> <span class='ocrx_word' id='word_1_226' title='bbox 1280 3784 1483 3854; x_wconf 80' lang='lat' dir='ltr'><strong>ipsum,</strong></span> <span class='ocrx_word' id='word_1_227' title='bbox 1508 3802 1692 3855; x_wconf 84' lang='lat' dir='ltr'><strong>quam·</strong></span> 
     </span>
     <span class='ocr_line' id='line_1_34' title="bbox 686 3860 1692 3934; baseline 0.006 -24"><span class='ocrx_word' id='word_1_228' title='bbox 686 3877 846 3931; x_wconf 82' lang='lat' dir='ltr'><strong>quam</strong></span> <span class='ocrx_word' id='word_1_229' title='bbox 866 3862 1114 3913; x_wconf 82' lang='lat' dir='ltr'><strong>senatorii</strong></span> <span class='ocrx_word' id='word_1_230' title='bbox 1133 3860 1357 3927; x_wconf 81' lang='lat' dir='ltr'><strong>ordinis,</strong></span> <span class='ocrx_word' id='word_1_231' title='bbox 1378 3862 1446 3914; x_wconf 83' lang='lat' dir='ltr'><strong>ad</strong></span> <span class='ocrx_word' id='word_1_232' title='bbox 1466 3876 1692 3934; x_wconf 81' lang='lat' dir='ltr'><strong>utraque</strong></span> 
     </span>
     <span class='ocr_line' id='line_1_35' title="bbox 682 3936 1693 3995; baseline 0.007 -8"><span class='ocrx_word' id='word_1_233' title='bbox 682 3938 865 3988; x_wconf 84' lang='lat' dir='ltr'><strong>munia</strong></span> <span class='ocrx_word' id='word_1_234' title='bbox 894 3936 1154 3991; x_wconf 78' lang='lat' dir='ltr'><strong>sufficere.</strong></span> <span class='ocrx_word' id='word_1_235' title='bbox 1172 3962 1199 3986; x_wconf 68' lang='grc' dir='ltr'><strong><em>ο</em></strong></span> <span class='ocrx_word' id='word_1_236' title='bbox 1232 3940 1530 3991; x_wconf 65' lang='lat' dir='ltr'><strong>Atticinum</strong></span> <span class='ocrx_word' id='word_1_237' title='bbox 1559 3944 1693 3995; x_wconf 83' lang='lat' dir='ltr'><strong>scri-</strong></span> 
     </span>
     <span class='ocr_line' id='line_1_36' title="bbox 684 4012 1689 4090; baseline 0.007 -26"><span class='ocrx_word' id='word_1_238' title='bbox 684 4012 741 4064; x_wconf 82' lang='lat' dir='ltr'><strong>bi</strong></span> <span class='ocrx_word' id='word_1_239' title='bbox 775 4016 945 4066; x_wconf 78' lang='lat' dir='ltr'><strong>voluit</strong></span> <span class='ocrx_word' id='word_1_240' title='bbox 984 4017 1162 4069; x_wconf 79' lang='lat' dir='ltr'><strong>Ursin.</strong></span> <span class='ocrx_word' id='word_1_241' title='bbox 1207 4036 1271 4069; x_wconf 84' lang='lat' dir='ltr'><strong>ex</strong></span> <span class='ocrx_word' id='word_1_242' title='bbox 1312 4018 1658 4090; x_wconf 83' lang='lat' dir='ltr'><strong>inscriptione</strong></span> <span class='ocrx_word' id='word_1_243' title='bbox 1673 4056 1689 4084; x_wconf 86' lang='lat'>‚</span> 
     </span>
     <span class='ocr_line' id='line_1_37' title="bbox 686 4091 1689 4164; baseline 0.006 -21"><span class='ocrx_word' id='word_1_244' title='bbox 686 4110 845 4162; x_wconf 75' lang='lat' dir='ltr'><strong>quam</strong></span> <span class='ocrx_word' id='word_1_245' title='bbox 865 4091 933 4144; x_wconf 82' lang='lat' dir='ltr'><strong>ad</strong></span> <span class='ocrx_word' id='word_1_246' title='bbox 950 4108 1190 4148; x_wconf 78' lang='lat' dir='ltr'><strong>nostrum</strong></span> <span class='ocrx_word' id='word_1_247' title='bbox 1208 4094 1388 4148; x_wconf 84' lang='lat' dir='ltr'><strong>retulit</strong></span> <span class='ocrx_word' id='word_1_248' title='bbox 1401 4134 1418 4160; x_wconf 89' lang='lat'><strong>,</strong></span> <span class='ocrx_word' id='word_1_249' title='bbox 1440 4098 1529 4148; x_wconf 86' lang='lat' dir='ltr'><strong>cui</strong></span> <span class='ocrx_word' id='word_1_250' title='bbox 1543 4095 1689 4164; x_wconf 84' lang='lat' dir='ltr'><strong>vide,</strong></span> 
     </span>
     <span class='ocr_line' id='line_1_38' title="bbox 686 4174 1689 4244; baseline 0.008 -24"><span class='ocrx_word' id='word_1_251' title='bbox 686 4188 802 4243; x_wconf 68' lang='lat' dir='ltr'><strong>qum</strong></span> <span class='ocrx_word' id='word_1_252' title='bbox 828 4176 1104 4241; x_wconf 66' lang='lat' dir='ltr'><strong>regesserit</strong></span> <span class='ocrx_word' id='word_1_253' title='bbox 1128 4174 1377 4229; x_wconf 59' lang='lat' dir='ltr'><strong>Gravius.</strong></span> <span class='ocrx_word' id='word_1_254' title='bbox 1408 4174 1654 4228; x_wconf 82' lang='lat' dir='ltr'><strong>Ceterum</strong></span> <span class='ocrx_word' id='word_1_255' title='bbox 1671 4216 1689 4244; x_wconf 93' lang='lat'><strong>,</strong></span> 
     </span>
    </p>
   </div>
   <div class='ocr_carea' id='block_1_4' title="bbox 1777 2829 2779 3513">
    <p class='ocr_par' dir='ltr' id='par_1_5' title="bbox 1779 2829 2776 2977">
     <span class='ocr_line' id='line_1_39' title="bbox 1779 2829 2776 2905; baseline 0.003 -23"><span class='ocrx_word' id='word_1_256' title='bbox 1779 2829 1978 2883; x_wconf 84' lang='lat' dir='ltr'><strong>Consul</strong></span> <span class='ocrx_word' id='word_1_257' title='bbox 2005 2830 2107 2881; x_wconf 77' lang='lat' dir='ltr'><strong>fuit</strong></span> <span class='ocrx_word' id='word_1_258' title='bbox 2131 2848 2251 2881; x_wconf 85' lang='lat' dir='ltr'><strong>cum</strong></span> <span class='ocrx_word' id='word_1_259' title='bbox 2275 2831 2336 2882; x_wconf 88' lang='lat' dir='ltr'><strong>L.</strong></span> <span class='ocrx_word' id='word_1_260' title='bbox 2357 2830 2578 2883; x_wconf 71' lang='lat' dir='ltr'><strong>Nunnio</strong></span> <span class='ocrx_word' id='word_1_261' title='bbox 2599 2834 2776 2905; x_wconf 77' lang='lat' dir='ltr'><strong>Asper-</strong></span> 
     </span>
     <span class='ocr_line' id='line_1_40' title="bbox 1779 2909 2234 2977; baseline -0.002 -16"><span class='ocrx_word' id='word_1_262' title='bbox 1779 2922 1931 2977; x_wconf 81' lang='lat' dir='ltr'><strong>nate,</strong></span> <span class='ocrx_word' id='word_1_263' title='bbox 1957 2928 2084 2961; x_wconf 87' lang='lat' dir='ltr'><strong>ann.</strong></span> <span class='ocrx_word' id='word_1_264' title='bbox 2112 2909 2234 2977; x_wconf 74' lang='grc'><strong>847.</strong></span> 
     </span>
    </p>

    <p class='ocr_par' dir='ltr' id='par_1_6' title="bbox 1777 2980 2779 3513">
     <span class='ocr_line' id='line_1_41' title="bbox 1852 2980 2778 3056; baseline 0.002 -17"><span class='ocrx_word' id='word_1_265' title='bbox 1852 2989 1902 3056; x_wconf 74' lang='grc'><strong>4.</strong></span> <span class='ocrx_word' id='word_1_266' title='bbox 1929 2990 1980 3040; x_wconf 78' lang='lat' dir='ltr'><em>E</em></span> <span class='ocrx_word' id='word_1_267' title='bbox 1981 3007 2030 3039; x_wconf 89' lang='lat' dir='ltr'><strong>m</strong></span> <span class='ocrx_word' id='word_1_268' title='bbox 2037 2990 2130 3043; x_wconf 76' lang='lat' dir='ltr'><strong>issa</strong></span> <span class='ocrx_word' id='word_1_269' title='bbox 2137 2988 2246 3041; x_wconf 74' lang='lat' dir='ltr'><strong>riis.</strong></span> <span class='ocrx_word' id='word_1_270' title='bbox 2261 2988 2534 3041; x_wconf 67' lang='lat' dir='ltr'><strong>Emissan&#39;i</strong></span> <span class='ocrx_word' id='word_1_271' title='bbox 2547 2980 2694 3043; x_wconf 61' lang='lat' dir='ltr'><strong>eran}</strong></span> <span class='ocrx_word' id='word_1_272' title='bbox 2707 3008 2778 3041; x_wconf 82' lang='lat' dir='ltr'><strong>ex·</strong></span> 
     </span>
     <span class='ocr_line' id='line_1_42' title="bbox 1780 3066 2775 3143; baseline 0.001 -26"><span class='ocrx_word' id='word_1_273' title='bbox 1780 3066 2076 3138; x_wconf 82' lang='lat' dir='ltr'><strong>ploratores</strong></span> <span class='ocrx_word' id='word_1_274' title='bbox 2104 3067 2410 3139; x_wconf 87' lang='lat' dir='ltr'><strong>Principum</strong></span> <span class='ocrx_word' id='word_1_275' title='bbox 2434 3067 2530 3137; x_wconf 81' lang='lat' dir='ltr'><strong>(ses</strong></span> <span class='ocrx_word' id='word_1_276' title='bbox 2551 3069 2775 3143; x_wconf 73' lang='lat' dir='ltr'><strong>espions).</strong></span> 
     </span>
     <span class='ocr_line' id='line_1_43' title="bbox 1779 3144 2774 3221; baseline -0.002 -25"><span class='ocrx_word' id='word_1_277' title='bbox 1779 3146 1912 3198; x_wconf 88' lang='lat' dir='ltr'><strong>Vide</strong></span> <span class='ocrx_word' id='word_1_278' title='bbox 1945 3149 2162 3217; x_wconf 88' lang='lat' dir='ltr'><strong>interpr.</strong></span> <span class='ocrx_word' id='word_1_279' title='bbox 2203 3144 2270 3197; x_wconf 81' lang='lat' dir='ltr'><strong>ad</strong></span> <span class='ocrx_word' id='word_1_280' title='bbox 2302 3146 2558 3216; x_wconf 86' lang='lat' dir='ltr'><strong>Xenoph.</strong></span> <span class='ocrx_word' id='word_1_281' title='bbox 2597 3149 2774 3221; x_wconf 60' lang='grc' dir='ltr'>(ἔῃ-ορ.</span> 
     </span>
     <span class='ocr_line' id='line_1_44' title="bbox 1777 3223 2776 3298; baseline 0 -24"><span class='ocrx_word' id='word_1_282' title='bbox 1777 3225 1926 3290; x_wconf 84' lang='lat' dir='ltr'><strong>vm,</strong></span> <span class='ocrx_word' id='word_1_283' title='bbox 1958 3242 1985 3275; x_wconf 84' lang='lat'><em>2</em></span> <span class='ocrx_word' id='word_1_284' title='bbox 2004 3262 2020 3290; x_wconf 89' lang='lat'><strong>,</strong></span> <span class='ocrx_word' id='word_1_285' title='bbox 2053 3240 2148 3289; x_wconf 84' lang='lat'><strong>10,</strong></span> <span class='ocrx_word' id='word_1_286' title='bbox 2179 3238 2232 3276; x_wconf 88' lang='lat' dir='ltr'><strong>et</strong></span> <span class='ocrx_word' id='word_1_287' title='bbox 2261 3224 2386 3276; x_wconf 80' lang='lat' dir='ltr'><strong>Lex.</strong></span> <span class='ocrx_word' id='word_1_288' title='bbox 2410 3225 2663 3298; x_wconf 85' lang='lat' dir='ltr'><strong>Xenoph.</strong></span> <span class='ocrx_word' id='word_1_289' title='bbox 2687 3223 2776 3277; x_wconf 83' lang='lat' dir='ltr'><strong>snb</strong></span> 
     </span>
     <span class='ocr_line' id='line_1_45' title="bbox 1779 3288 2776 3375; baseline -0.001 -22"><span class='ocrx_word' id='word_1_290' title='bbox 1779 3321 1899 3354; x_wconf 81' lang='lat' dir='ltr'><strong>voc.</strong></span> <span class='ocrx_word' id='word_1_291' title='bbox 1949 3288 2242 3368; x_wconf 62' lang='grc' dir='ltr'><strong>ὅφθαλμὸς,</strong></span> <span class='ocrx_word' id='word_1_292' title='bbox 2285 3321 2392 3375; x_wconf 74' lang='lat' dir='ltr'><strong>qim</strong></span> <span class='ocrx_word' id='word_1_293' title='bbox 2435 3308 2655 3356; x_wconf 87' lang='lat' dir='ltr'><strong>nomine</strong></span> <span class='ocrx_word' id='word_1_294' title='bbox 2697 3306 2776 3357; x_wconf 86' lang='lat' dir='ltr'><strong>Gr.</strong></span> 
     </span>
     <span class='ocr_line' id='line_1_46' title="bbox 1780 3379 2779 3437; baseline -0.002 -4"><span class='ocrx_word' id='word_1_295' title='bbox 1780 3379 2114 3437; x_wconf 84' lang='lat' dir='ltr'><strong>dicebantur.</strong></span> <span class='ocrx_word' id='word_1_296' title='bbox 2139 3382 2296 3434; x_wconf 84' lang='lat' dir='ltr'><strong>Conf.</strong></span> <span class='ocrx_word' id='word_1_297' title='bbox 2322 3384 2480 3433; x_wconf 84' lang='lat' dir='ltr'><strong>etiam</strong></span> <span class='ocrx_word' id='word_1_298' title='bbox 2507 3397 2649 3437; x_wconf 81' lang='lat' dir='ltr'><strong>nost.</strong></span> <span class='ocrx_word' id='word_1_299' title='bbox 2674 3380 2779 3434; x_wconf 82' lang='lat' dir='ltr'><strong>Iud.</strong></span> 
     </span>
     <span class='ocr_line' id='line_1_47' title="bbox 1782 3459 2494 3513; baseline 0.003 -2"><span class='ocrx_word' id='word_1_300' title='bbox 1782 3459 1892 3512; x_wconf 90' lang='lat' dir='ltr'><strong>Cic.</strong></span> <span class='ocrx_word' id='word_1_301' title='bbox 1920 3460 2021 3512; x_wconf 81' lang='lat' dir='ltr'><strong>sub</strong></span> <span class='ocrx_word' id='word_1_302' title='bbox 2047 3478 2168 3512; x_wconf 84' lang='lat' dir='ltr'><strong>voc.</strong></span> <span class='ocrx_word' id='word_1_303' title='bbox 2192 3460 2494 3513; x_wconf 74' lang='lat' dir='ltr'><strong>emissarius.</strong></span> 
     </span>
    </p>
   </div>
   <div class='ocr_carea' id='block_1_5' title="bbox 1773 3537 2782 3593">
    <p class='ocr_par' dir='ltr' id='par_1_7' title="bbox 1773 3537 2782 3593">
     <span class='ocr_line' id='line_1_48' title="bbox 1773 3537 2782 3593; baseline 0.002 -4"><span class='ocrx_word' id='word_1_304' title='bbox 1773 3580 1780 3589; x_wconf 90' lang='lat'><strong>.</strong></span> <span class='ocrx_word' id='word_1_305' title='bbox 1855 3538 1905 3591; x_wconf 87' lang='lat'><strong>5.</strong></span> <span class='ocrx_word' id='word_1_306' title='bbox 1949 3539 2198 3591; x_wconf 78' lang='lat' dir='ltr'><strong>Gestanti.</strong></span> <span class='ocrx_word' id='word_1_307' title='bbox 2229 3538 2442 3589; x_wconf 83' lang='lat' dir='ltr'><strong>Novum</strong></span> <span class='ocrx_word' id='word_1_308' title='bbox 2473 3537 2586 3592; x_wconf 88' lang='lat' dir='ltr'><strong>hoc</strong></span> <span class='ocrx_word' id='word_1_309' title='bbox 2619 3558 2782 3593; x_wconf 81' lang='lat' dir='ltr'><strong>exem·</strong></span> 
     </span>
    </p>
   </div>
   <div class='ocr_carea' id='block_1_6' title="bbox 1778 3616 2783 4162">
    <p class='ocr_par' dir='ltr' id='par_1_8' title="bbox 1778 3616 2783 4162">
     <span class='ocr_line' id='line_1_49' title="bbox 1781 3616 2783 3689; baseline -0.003 -21"><span class='ocrx_word' id='word_1_310' title='bbox 1781 3616 1930 3688; x_wconf 88' lang='lat' dir='ltr'><strong>plum</strong></span> <span class='ocrx_word' id='word_1_311' title='bbox 1969 3618 2231 3688; x_wconf 82' lang='lat' dir='ltr'><strong>participii</strong></span> <span class='ocrx_word' id='word_1_312' title='bbox 2269 3619 2542 3687; x_wconf 62' lang='lat' dir='ltr'><strong>presentis</strong></span> <span class='ocrx_word' id='word_1_313' title='bbox 2577 3618 2783 3689; x_wconf 76' lang='lat' dir='ltr'><strong>passivi.</strong></span> 
     </span>
     <span class='ocr_line' id='line_1_50' title="bbox 1781 3693 2779 3767; baseline -0.003 -20"><span class='ocrx_word' id='word_1_314' title='bbox 1781 3694 1863 3747; x_wconf 85' lang='lat' dir='ltr'><strong>Cf.</strong></span> <span class='ocrx_word' id='word_1_315' title='bbox 1893 3695 1962 3748; x_wconf 82' lang='lat' dir='ltr'><strong>ad</strong></span> <span class='ocrx_word' id='word_1_316' title='bbox 1985 3695 2140 3747; x_wconf 83' lang='lat' dir='ltr'><strong>Galb.</strong></span> <span class='ocrx_word' id='word_1_317' title='bbox 2169 3696 2200 3748; x_wconf 86' lang='lat'>8</span> <span class='ocrx_word' id='word_1_318' title='bbox 2217 3733 2233 3763; x_wconf 87' lang='lat'>‚</span> <span class='ocrx_word' id='word_1_319' title='bbox 2259 3693 2353 3747; x_wconf 86' lang='lat' dir='ltr'><strong>ubi</strong></span> <span class='ocrx_word' id='word_1_320' title='bbox 2375 3696 2448 3747; x_wconf 84' lang='lat' dir='ltr'><strong>ad</strong></span> <span class='ocrx_word' id='word_1_321' title='bbox 2463 3698 2779 3767; x_wconf 77' lang='lat' dir='ltr'><strong>qestcmdum.</strong></span> 
     </span>
     <span class='ocr_line' id='line_1_51' title="bbox 1853 3772 2781 3849; baseline -0.005 -20"><span class='ocrx_word' id='word_1_322' title='bbox 1853 3776 1905 3829; x_wconf 88' lang='grc'><strong>6.</strong></span> <span class='ocrx_word' id='word_1_323' title='bbox 1945 3774 2206 3849; x_wconf 78' lang='lat' dir='ltr'><strong>Principis</strong></span> <span class='ocrx_word' id='word_1_324' title='bbox 2245 3774 2446 3827; x_wconf 73' lang='lat' dir='ltr'><strong>lenitas.</strong></span> <span class='ocrx_word' id='word_1_325' title='bbox 2485 3776 2684 3841; x_wconf 82' lang='lat' dir='ltr'><strong>Miror,</strong></span> <span class='ocrx_word' id='word_1_326' title='bbox 2719 3772 2781 3825; x_wconf 80' lang='lat' dir='ltr'><strong>ad</strong></span> 
     </span>
     <span class='ocr_line' id='line_1_52' title="bbox 1784 3852 2777 3908; baseline -0.003 -2"><span class='ocrx_word' id='word_1_327' title='bbox 1784 3873 1948 3907; x_wconf 87' lang='lat' dir='ltr'><strong>unum</strong></span> <span class='ocrx_word' id='word_1_328' title='bbox 1965 3874 2149 3908; x_wconf 87' lang='lat' dir='ltr'><strong>omnes</strong></span> <span class='ocrx_word' id='word_1_329' title='bbox 2165 3854 2396 3906; x_wconf 80' lang='lat' dir='ltr'><strong>editores</strong></span> <span class='ocrx_word' id='word_1_330' title='bbox 2419 3852 2668 3908; x_wconf 81' lang='lat' dir='ltr'><strong>tolerasse</strong></span> <span class='ocrx_word' id='word_1_331' title='bbox 2682 3870 2777 3905; x_wconf 85' lang='lat' dir='ltr'><strong>me-</strong></span> 
     </span>
     <span class='ocr_line' id='line_1_53' title="bbox 1783 3932 2776 4007; baseline -0.002 -22"><span class='ocrx_word' id='word_1_332' title='bbox 1783 3953 1900 3985; x_wconf 85' lang='lat' dir='ltr'><strong>rum</strong></span> <span class='ocrx_word' id='word_1_333' title='bbox 1921 3934 2106 3985; x_wconf 86' lang='lat' dir='ltr'><strong>vitium</strong></span> <span class='ocrx_word' id='word_1_334' title='bbox 2122 3935 2377 4006; x_wconf 76' lang='lat' dir='ltr'><strong>principii</strong></span> <span class='ocrx_word' id='word_1_335' title='bbox 2396 3932 2599 4007; x_wconf 62' lang='lat' dir='ltr'><strong>(enims.</strong></span> <span class='ocrx_word' id='word_1_336' title='bbox 2619 3934 2776 3987; x_wconf 79' lang='lat' dir='ltr'><strong>Resti-</strong></span> 
     </span>
     <span class='ocr_line' id='line_1_54' title="bbox 1783 4012 2770 4084; baseline -0.003 -22"><span class='ocrx_word' id='word_1_337' title='bbox 1783 4015 1980 4065; x_wconf 85' lang='lat' dir='ltr'><strong>tuimus</strong></span> <span class='ocrx_word' id='word_1_338' title='bbox 1995 4012 2278 4065; x_wconf 84' lang='lat' dir='ltr'><strong>lectionem</strong></span> <span class='ocrx_word' id='word_1_339' title='bbox 2291 4050 2306 4077; x_wconf 87' lang='lat'>‚</span> <span class='ocrx_word' id='word_1_340' title='bbox 2322 4012 2390 4065; x_wconf 87' lang='lat' dir='ltr'><strong>de</strong></span> <span class='ocrx_word' id='word_1_341' title='bbox 2405 4016 2770 4084; x_wconf 76' lang='lat' dir='ltr'><strong>cujusveritate</strong></span> 
     </span>
     <span class='ocr_line' id='line_1_55' title="bbox 1778 4090 2603 4162; baseline -0.002 -20"><span class='ocrx_word' id='word_1_342' title='bbox 1778 4094 1987 4154; x_wconf 80' lang='lat' dir='ltr'><strong>nescio,</strong></span> <span class='ocrx_word' id='word_1_343' title='bbox 2011 4104 2079 4141; x_wconf 77' lang='lat' dir='ltr'><strong>an</strong></span> <span class='ocrx_word' id='word_1_344' title='bbox 2102 4090 2334 4142; x_wconf 83' lang='lat' dir='ltr'><strong>dubitari</strong></span> <span class='ocrx_word' id='word_1_345' title='bbox 2357 4105 2603 4162; x_wconf 84' lang='lat' dir='ltr'><strong>nequeat.</strong></span> 
     </span>
    </p>
   </div>
   <div class='ocr_carea' id='block_1_7' title="bbox 1851 4171 2732 4245">
    <p class='ocr_par' dir='ltr' id='par_1_9' title="bbox 1851 4171 2732 4245">
     <span class='ocr_line' id='line_1_56' title="bbox 1851 4171 2732 4245; baseline -0.001 -22"><span class='ocrx_word' id='word_1_346' title='bbox 1851 4190 1900 4242; x_wconf 90' lang='lat'><strong>7.</strong></span> <span class='ocrx_word' id='word_1_347' title='bbox 1939 4174 2086 4225; x_wconf 79' lang='lat' dir='ltr'><strong>More</strong></span> <span class='ocrx_word' id='word_1_348' title='bbox 2108 4175 2380 4245; x_wconf 72' lang='lat' dir='ltr'><strong>majorum.</strong></span> <span class='ocrx_word' id='word_1_349' title='bbox 2403 4172 2485 4225; x_wconf 82' lang='lat' dir='ltr'><strong>Cf.</strong></span> <span class='ocrx_word' id='word_1_350' title='bbox 2513 4175 2631 4225; x_wconf 84' lang='lat' dir='ltr'><strong>Ner.</strong></span> <span class='ocrx_word' id='word_1_351' title='bbox 2655 4171 2732 4238; x_wconf 72' lang='lat'><strong>49.</strong></span> 
     </span>
    </p>
   </div>
  </div>
 </body>
</html>
