3050 5004
1027 457 1674 525 DoMrrlmus.
2265 462 2399 551 399

282 581 573 652 ralitatis
588 636 607 667 ,
622 584 1367 677 experimenta.0mnes
1398 586 1578 653 cirea
1601 606 1676 651 se
1687 581 2064 675 largissime
2086 608 2404 676 prosecu-
2493 586 2500 591 “

282 714 399 764 tus
418 748 437 779 ‚
462 694 635 763 nihil
665 698 856 789 prius
886 710 1009 761 aut
1030 696 1253 763 acrius
1276 697 1574 779 monuit,
1601 720 1810 790 quam
1831 719 1920 763 ne
1941 693 2108 791 quid
2130 695 2402 765 sordide

279 810 607 877 facerent.
623 807 912 897 Relictas
926 804 1051 875 sibi
1066 805 1473 875 hereditates
1486 808 1574 877 ab
1587 810 1694 891 iis,
1707 806 1956 903 quibus
1969 807 2163 876 liberi
2177 826 2372 877 erant
2383 862 2402 893 ‚

280 941 427 985 non
448 920 727 1009 recepit.
759 921 1091 1008 Legatum
1114 920 1317 985 etiam
1339 940 1425 984 ex
1450 932 1858 985 testamento
1881 921 2087 986 Rusci
2115 917 2402 1012 “Caepio-

279 1029 391 1095 nis
406 1024 455 1107 3,
493 1030 612 1121 qui
646 1043 919 1095 caverat
936 1078 954 1109 ,
998 1056 1027 1087 α
1046 1043 1127 1093 ut
1157 1028 1525 1121 quotannis
1558 1026 2094 1120 ingredientibus
2131 1030 2402 1097 Curiam

277 1136 723 1205 Senatoribus
786 1152 1041 1203 certam
1097 1158 1437 1205 summam
1486 1140 1742 1207 viriu'm
1797 1154 2151 1230 praestaret
2201 1138 2400 1209 heres
2501 1197 2514 1211 .

280 1272 487 1330 suus,
516 1278 545 1311 n
578 1250 849 1322 irritum
874 1248 1054 1315 fecit.
1085 1253 1297 1332 Reos,
1334 1252 1450 1345 qui
1478 1265 1637 1317 ante
1667 1253 2216 1345 quinquennium
2241 1276 2398 1345 pro-

283 1364 548 1429 ximum
589 1359 773 1455 apud
810 1363 1123 1429 aerarium
1170 1362 1654 1456 pependissent
1673 1366 1724 1448 ⁵,
1773 1366 2128 1432 universos
2174 1364 2401 1433 discri-

282 1476 469 1542 mine
496 1473 849 1556 liberavit3
876 1498 1005 1543 nec
1032 1476 1245 1567 repeti
1262 1528 1280 1559 ,
1304 1478 1438 1543 nisi
1468 1480 1648 1544 intra
1673 1500 1932 1544 annum
1953 1529 1970 1559 ,
2002 1500 2216 1572 eaque
2241 1500 2400 1547 con-

282 1582 542 1654 ditione
562 1638 581 1669 ‚
604 1588 947 1677 permisit,
971 1602 1049 1652 ut
1068 1589 1475 1662 accusatori,
1502 1590 1622 1682 qui
1642 1610 1914 1654 causam
1939 1610 2078 1654 non
2104 1603 2398 1672 teneret,

281 1696 599 1765 exsilium
626 1720 827 1789 poena
856 1710 1055 1765 esset.
1094 1698 1355 1766 Scribas
1386 1701 1786 1793 quaestorios
1807 1750 1824 1782 ‚
1864 1701 2281 1789 negotiantes
2315 1722 2422 1781 ex,
2471 1692 2488 1709 ⁴

280 1803 811 1887 consuetudine,
852 1803 971 1873 sed
1002 1824 1240 1874 contra
1270 1806 1578 1875 Clodiam
1608 1808 1858 1900 legem,
1893 1811 2090 1875 venia
2124 1810 2196 1875 in
2227 1832 2399 1901 prae-

276 1919 563 1984 teritum
596 1912 935 1983 donavitss.
979 1914 1356 1998 subsiciva,
1396 1942 1549 2013 quae
1563 1900 1588 2001 ‚⁶
1619 1918 1848 1986 divisis
1885 1943 2009 2012 per
2039 1935 2397 1987 veteranos

355 2099 407 2151 3.
454 2100 611 2152 Rus-ci
651 2099 922 2173 Coepionis.
960 2098 1043 2150 Al.
1082 2100 1292 2166 Ruscii,

274 2175 366 2229 vel
386 2178 539 2229 Rusti
545 2199 565 2238 ‚·
590 2179 817 2229 fortasse
838 2178 1021 2231 Rustii.

350 2256 405 2323 4.
462 2256 531 2309 Ut
569 2258 853 2330 quotannis
894 2258 1297 2331 ingredientibus

280 2337 497 2389 Curiam
517 2376 535 2404 ,
568 2350 673 2391 ete.
704 2336 825 2389 Kal.
856 2338 1073 2389 Januar.
1109 2348 1294 2388 strenae

275 2414 405 2467 loco
432 2415 576 2468 hanc
604 2434 868 2469 summam
898 2413 1077 2467 datam
1118 2417 1293 2486 suspi-

275 2510 437 2550 catur
468 2500 821 2552 Burmannus.
856 2496 969 2568 Ego
1002 2515 1171 2549 novos
1202 2496 1293 2549 Se-

272 2589 498 2629 natores
513 2577 805 2648 intelligere
820 2577 997 2628 malim
1010 2615 1027 2642 ‚
1050 2578 1142 2648 qui
1162 2595 1293 2647 quo-

274 2658 457 2709 tannis
491 2655 573 2709 vel
610 2655 683 2708 ob
718 2659 925 2726 generis
959 2655 1292 2708 nobilitatem

274 2735 441 2788 simul
462 2755 583 2788 cum
598 2737 734 2788 virili
752 2749 877 2806 toga
897 2736 1065 2788 latum
1085 2736 1293 2788 clavum

270 2813 579 2866 induebant
608 2811 760 2884 (vide
790 2817 923 2886 Aug.
956 2814 1085 2886 38),
1110 2813 1196 2866 vel
1220 2813 1291 2865 ob

274 2911 499 2944 munera
522 2904 765 2964 suscepta
791 2895 845 2944 in
866 2893 1078 2945 Curiam
1106 2892 1293 2944 admit-

270 2969 550 3024 tebantur.
579 2971 837 3042 Impensis
870 2988 991 3022 cum
1028 2989 1087 3021 ea
1120 2969 1293 3040 digni-

274 3064 388 3104 tate
422 3052 721 3120 conjunctis
754 3049 1061 3103 subvenisse
1084 3048 1291 3102 videtur

274 3130 515 3200 legatum
543 3130 825 3201 Caepionis.

348 3207 401 3262 5.
450 3209 605 3274 Reos,
633 3209 782 3282 qui...
809 3209 1204 3281 pependissenu
1230 3206 1285 3260 h.

272 3309 325 3340 e.
352 3305 583 3360 quorum
606 3289 823 3340 nomina
848 3301 971 3339 ante
992 3289 1291 3359 quinquen·

259 3369 427 3420 ‘nium
446 3366 518 3419 ob
536 3387 604 3420 ωε
624 3367 856 3420 alienum
880 3366 949 3418 ad
963 3368 1171 3437 judices
1196 3365 1288 3419 de·

271 3449 379 3500 lata
397 3487 416 3515 ‚
452 3450 727 3520 proposita
774 3446 953 3500 adhuc
1000 3450 1055 3499 in
1103 3449 1287 3500 aerario

270 3525 601 3600 penderent,
628 3545 687 3578 re
710 3524 947 3580 nondum
978 3524 1285 3596 dijudicata.

270 3604 501 3660 Dicendi
536 3603 765 3657 formula
807 3615 888 3656 est
924 3601 1139 3672 eadem,
1176 3622 1291 3675 quae

272 3683 466 3738 Claud.
498 3703 533 3755 9
560 3683 687 3754 (ubi
714 3683 832 3737 vide
856 3696 971 3734 not.
1003 3682 1125 3735 coll.
1156 3684 1293 3733 Har-

273 3763 427 3817 duin.
448 3764 517 3818 ad
540 3765 671 3816 Plin.
694 3765 763 3814 H.
782 3765 848 3816 N.
870 3763 1010 3828 xm,
1040 3763 1101 3816 15
1123 3759 1289 3834 [29])‚

274 3863 605 3916 quamquam
620 3842 675 3896 h.
698 3842 733 3894 l.
758 3861 869 3895 non
893 3839 961 3894 de
981 3844 1149 3894 aerarii
1172 3855 1289 3892 tan-

272 3937 393 3976 tum
407 3922 769 3988 debitoribus,
784 3921 879 3975 sed
900 3921 1161 3974 diuturnis
1184 3939 1292 3972 om·

272 4005 407 4058 nino
424 4004 547 4070 reis,
558 4006 615 4055 in
632 4021 769 4074 quos
782 4002 968 4056 similis
982 4002 1291 4074 Principum

271 4081 565 4136 liberalitas
592 4082 818 4153 August.
848 4081 918 4134 32
947 4093 1001 4132 et
1026 4079 1189 4150 calig.
1227 4079 1289 4132 15

274 4167 629 4228 memoratur,
659 4177 961 4213 sermonem
998 4178 1146 4225 esse,
1185 4158 1289 4211 Ca-

1385 2100 1629 2153 saubono
1645 2100 1886 2153 concedo
1903 2114 1956 2153 et
1967 2102 2233 2153 Ernestio.
2253 2103 2310 2152 In
2329 2120 2394 2152 eo

1385 2189 1560 2230 tamen
1583 2192 1686 2231 stat
1707 2181 1998 2243 sententia,
2025 2178 2168 2251 quod
2193 2178 2260 2231 de
2281 2179 2396 2231 oerasss

1383 2257 1549 2324 alieni
1567 2261 1668 2311 reis
1686 2258 1817 2323 dici,
1839 2278 2156 2329 eorumque,
2181 2256 2223 2309 si
2249 2257 2393 2309 dam-

1384 2338 1495 2387 nati
1519 2350 1725 2403 essent,
1749 2356 1813 2388 ex
1835 2335 1993 2387 bonis
2018 2337 2246 2408 aliquam
2269 2356 2391 2408 par-

1380 2429 1487 2467 tem
1522 2413 1588 2467 ad
1617 2418 1857 2467 aerarium
1885 2417 2216 2486 pervenisse,
2249 2414 2394 2467 ideo·

1384 2514 1489 2566 que
1527 2497 1744 2548 nomina
1778 2493 1854 2546 ibi
1895 2493 2243 2566 pependisse,
2281 2496 2392 2550 exi-

1381 2587 1558 2624 sumo.

1453 2651 1506 2702 6.
1552 2651 1752 2704 Scribas
1787 2651 2139 2725 quoeseorios...
2182 2653 2390 2704 venia...

1381 2731 1612 2784 donavit.
1636 2733 1841 2784 Ernest.
1871 2733 1925 2782 in
1945 2733 2164 2782 Excurs.
2189 2730 2257 2782 ad
2277 2723 2330 2784 fi.
2354 2731 2392 2782 Ι.

1382 2808 1580 2864 scribas
1616 2810 1952 2877 Quaestorum
1985 2810 2392 2881 provincialium

1378 2890 1656 2963 intelligit,
1679 2910 1842 2962 quum
1865 2890 2056 2943 urbani
2079 2890 2172 2943 illo
2191 2904 2394 2964 tempo·

1380 2991 1437 3024 re
1450 2973 1707 3042 pecunias
1723 2972 1964 3043 publicas
1977 2991 2088 3023 non
2105 2985 2392 3025 tractarent

1378 3049 1529 3120 (vide
1546 3049 1612 3102 ad
1628 3051 1811 3104 Claud.
1833 3051 1959 3121 24),
1979 3051 2234 3122 nullaque
2254 3051 2392 3105 adeo

1379 3145 1540 3182 causa
1561 3143 1727 3194 esset,
1750 3149 1915 3202 quare
1934 3133 1996 3182 iis
2017 3133 2393 3202 negotiationi·-

1376 3205 1479 3260 bus
1497 3209 1919 3262 interdiceretur.
1942 3211 2208 3262 Exemisse
2230 3213 2392 3280 igitur

1377 3300 1535 3358 putat
1553 3289 1916 3341 Domitianum
1937 3287 2136 3340 scribas
2158 3288 2385 3358 legibus,

1380 3366 1574 3438 quibus
1609 3367 1854 3420 Praesides
1886 3369 2276 3439 provinciarum
2307 3369 2390 3421 fe-

1378 3465 1479 3500 nus
1504 3467 1746 3501 exercere
1773 3463 1824 3500 et
1848 3451 2109 3520 negotiari
2132 3448 2390 3501 vetaban-

1379 3538 1483 3593 tur,
1510 3543 1675 3597 quum
1699 3525 1775 3577 illi
1799 3541 2064 3598 perpetuo
2087 3529 2142 3579 in
2170 3530 2390 3599 provin-

1380 3607 1462 3656 cia
1488 3619 1778 3656 manerent.
1804 3608 1884 3656 De
1910 3607 2022 3678 lege
2045 3606 2225 3660 Clodia
2249 3610 2389 3677 ejus-

1380 3702 1488 3756 que
1502 3698 1720 3736 auctore
1735 3683 1863 3735 nihil
1875 3698 2100 3737 constat.
2115 3687 2196 3738 Cf.
2211 3689 2391 3756 Augu·-

1378 3765 1499 3816 stin.
1521 3763 1588 3816 de
1604 3764 1834 3835 Legibus
1859 3763 2045 3834 (Thes.
2065 3765 2229 3818 Graev.
2257 3779 2386 3818 tom.

1377 3845 1451 3908 11,
1470 3859 1594 3914 pag.
1625 3861 1642 3896 1
1661 3842 1806 3913 190).
1828 3845 2068 3918 Plerique
2081 3857 2244 3915 eaput
2260 3843 2388 3915 legis

1380 3923 1477 3993 Qu.
1502 3919 1711 3974 Claudii
1733 3922 1881 3977 Trib.
1898 3923 2043 3996 pleb.
2069 3924 2137 3976 de
2153 3941 2260 3995 qua
2275 3923 2387 3976 Liv.

1374 4001 1527 4068 XXI,
1561 4000 1659 4067 63,
1693 4000 1858 4054 fuisse
1889 4015 2082 4073 putant
2116 4001 2185 4054 de
2219 4002 2392 4056 scribis

1378 4080 1689 4152 quaestoriis,
1715 4079 1875 4152 idque
1902 4078 2210 4152 probabile,
2238 4079 2389 4152 quod

1380 4159 1443 4210 de
1462 4159 1707 4212 indecoro
1733 4159 1950 4214 Parrum
1973 4171 2172 4232 quaa-sne
2194 4159 2284 4212 illa
2305 4179 2391 4212 ca«
