3050 5004
1043 385 1558 451 CALIGULA.
2270 392 2347 457 31

249 513 536 581 Tribuno
566 510 872 579 militum
890 563 911 593 ,
951 512 1312 579 interemit.
1351 509 1653 579 Silanum
1696 514 1857 581 item
1892 514 2241 583 socerum⁶
2268 518 2356 585 ad

245 656 470 703 necem
487 685 506 715 ‚
546 628 1021 727 secandasque
1061 630 1392 701 novacula
1427 630 1656 699 fauces
1677 684 1695 715 ‚
1733 632 2095 726 compulit:
2128 659 2361 703 causa-

247 766 346 815 tus
387 748 458 813 in
493 762 792 840 utroque
812 796 830 826 ‚
875 743 1063 839 quod
1105 744 1216 812 hic
1257 746 1639 838 ingressum
1683 768 1755 811 se
1796 743 2131 815 turbatius
2170 772 2359 816 mare

241 881 372 924 non
395 870 579 925 esset
603 870 878 924 secutus
895 906 916 935 ,
942 878 1024 922 ac
1053 877 1174 945 spe
1205 850 1585 947 occupandi
1614 853 1875 922 Urbem
1894 908 1911 938 ,
1949 858 2007 922 si
2036 853 2201 953 quid
2228 858 2357 927 sibi

241 993 356 1063 per
390 982 834 1061 tempestates
871 964 1244 1034 accideret⁷
1262 1017 1280 1048 ,
1319 968 1789 1047 remansissetz,
1828 964 1940 1032 ifle
1976 967 2359 1037 antidotum

241 1079 612 1149 oboluisset
633 1132 654 1161 ,
692 1080 887 1174 quasi
925 1076 1014 1144 ad
1055 1075 1504 1169 praecavenda
1545 1098 1809 1143 venena
1850 1100 1973 1145 sua
2015 1095 2356 1148 sumtum:

243 1210 450 1285 quum
485 1205 560 1257 et
593 1187 863 1257 Silanus
891 1188 1382 1279 impatientiam
1420 1210 1691 1255 nauseae
1730 1188 2008 1256 vitasset
2043 1204 2112 1256 et
2145 1190 2359 1258 mole-

243 1306 428 1371 stiam
465 1300 836 1393 navigandi
854 1352 872 1385 ‚
902 1315 971 1367 et
1001 1300 1315 1367 Tiberius
1345 1314 1628 1393 propter
1659 1299 2003 1368 assiduam
2036 1318 2107 1371 et
2138 1305 2358 1394 ingra-

241 1428 628 1481 vescentem
667 1415 908 1480 tussim
947 1409 1441 1478 medicamento
1483 1434 1651 1479 usus
1700 1428 1897 1480 esset.
1946 1419 2117 1481 Nam
2158 1414 2357 1483 Clau-

241 1522 462 1591 dium⁸
491 1540 824 1617 patruum
851 1546 993 1589 non
1021 1524 1152 1589 nisi
1181 1524 1252 1589 in
1284 1519 1660 1589 ludibrium
1683 1527 2073 1592 reservavit.

325 1640 573 1703 XXIV.
626 1640 799 1703 Cum
827 1632 1142 1702 omnibus
1169 1632 1516 1701 sororibus
1552 1636 1691 1701 suis
1712 1643 1727 1671 ¹
1764 1637 1982 1727 stupri
2004 1655 2363 1706 consuetu-

241 1747 464 1815 dinem
491 1747 691 1815 fecit:
731 1744 1074 1842 plenoque
1097 1749 1408 1815 convivio
1438 1745 1741 1839 singulas
1766 1746 1941 1814 infra
1970 1770 2042 1814 se
2065 1750 2359 1817 vicissim

242 1856 616 1926 collooebat
635 1910 654 1941 ,
696 1881 910 1925 uxore
953 1881 1162 1950 supra
1202 1856 1515 1925 cubante.
1562 1861 1665 1925 Ex
1704 1854 1811 1924 his
1854 1857 2221 1927 Drusillam
2262 1864 2359 1928 vi-

241 1970 436 2036 tiasse
453 1970 826 2059 virginem,
851 1983 1290 2060 praetextatus
1309 1965 1534 2035 adhuc
1550 2020 1566 2050 ,
1593 1967 1911 2051 creditur,
1935 1984 2139 2064 atque
2158 1972 2359 2037 etiam

242 2082 306 2146 in
327 2079 700 2147 concubitu
725 2076 874 2172 ejus
895 2077 1244 2174 quondam
1266 2077 1735 2172 deprehensus
1759 2078 1845 2148 ab
1869 2084 2157 2149 Antonia
2178 2084 2357 2167 avia,

241 2188 416 2282 apud
445 2213 663 2284 quam
699 2187 906 2257 simul
942 2186 1426 2259 educabantur.
1460 2193 1625 2256 Mox
1660 2191 1871 2257 Lucio
1908 2193 2138 2259 Cassio
2180 2194 2357 2261 Lon·

245 2304 392 2393 gino
423 2299 778 2385 consulari
806 2298 1243 2368 collocatam²
1272 2300 1555 2369 abduxit
1573 2354 1589 2383 ,
1630 2314 1699 2367 et
1733 2302 1806 2367 in
1840 2300 2122 2370 modum
2154 2301 2356 2397 justae

243 2569 406 2624 quum
449 2551 618 2603 irrita·
657 2553 772 2620 ejus
813 2567 1002 2622 preces
1044 2561 1252 2616 essent,

241 2649 420 2684 orasse
437 2669 455 2694 ,
486 2643 553 2683 ut
589 2649 650 2684 se
683 2630 973 2697 docerent,
1001 2648 1109 2701 qua
1137 2649 1255 2682 cor-

1343 2547 1504 2620 vulgo
1542 2549 1821 2620 coqnovit‚
1867 2547 2013 2620 quod
2049 2549 2230 2616 fuere,
2266 2555 2359 2624 qui

1345 2642 1536 2682 contra
1549 2647 1761 2680 omnem
1776 2642 2081 2700 temporum
2094 2629 2359 2684 rationem

241 2713 386 2782 poris
409 2723 564 2782 parte
593 2710 800 2761 ferrum
831 2710 1168 2774 immitteret,
1195 2721 1256 2760 ut

244 2807 396 2860 quam
417 2791 675 2841 citissime
693 2798 1020 2841 moreretur:
1040 2789 1116 2840 ita
1130 2787 1255 2840 edo—

246 2881 380 2920 ctum
403 2867 476 2921 ab
503 2869 569 2920 iis
598 2885 656 2919 se
681 2865 958 2920 occidisse.

307 2949 360 3002 6.
397 2947 654 3001 Silanum
689 2947 815 3000 item
851 2963 1112 3014 socerum,
1152 2959 1252 2999 etc.

247 3029 322 3081 cf.
339 3027 476 3096 Dio,
497 3045 622 3100 cap.
643 3028 732 3080 cit.
755 3027 852 3080 ubi
875 3025 1112 3098 plurimae
1132 3043 1258 3077 con-

247 3109 468 3162 mmeliae
511 3110 567 3160 in
609 3107 844 3163 silanum
882 3107 1088 3160 collatae
1127 3125 1256 3159 nar-

249 3204 442 3242 rantur.

315 3285 362 3339 7.
400 3267 464 3321 Si
485 3265 624 3342 quid
644 3266 758 3320 sibi.
777 3304 816 3316 ..
834 3305 845 3315 .
877 3265 1144 3317 accideret.
1177 3263 1257 3317 De

252 3345 348 3398 hoc
367 3343 688 3418 imperfecto
707 3343 828 3397 vide
847 3357 962 3396 not.
983 3343 1050 3396 ad
1067 3362 1185 3415 cap.
1203 3343 1256 3396 3.

313 3427 366 3478 8.
393 3427 542 3478 Nam
573 3423 886 3491 Claudium,
915 3435 1016 3475 etc.
1045 3421 1125 3474 De
1151 3421 1258 3474 hoc

251 3501 366 3556 vide
385 3503 579 3557 (laud.
607 3503 659 3556 8.

313 3583 506 3636 XXIV.
533 3599 579 3636 1.
603 3582 738 3634 Cum
757 3581 996 3633 omnibus
1009 3579 1258 3633 sororibus

251 3664 376 3731 mis,
402 3675 508 3716 etc.
525 3665 660 3716 Tres
685 3662 736 3714 ei
755 3662 904 3714 fuere
934 3677 1174 3726 sorores,
1195 3673 1258 3712 ut

247 3741 482 3814 prodidit
515 3755 732 3809 auctor,
755 3759 806 3794 c.
838 3757 904 3811 73
932 3741 1256 3812 Agrippina,

247 3823 474 3877 Drusilla
491 3863 509 3890 ,
531 3821 737 3876 Livius.
764 3821 846 3872 Cf.
871 3819 976 3873 Dio
992 3858 1009 3887 ,
1030 3821 1171 3888 LIX,
1196 3817 1258 3886 3,

256 3921 342 3972 n,
378 3923 462 3958 υ.
493 3905 720 3975 Eutrop.
751 3899 882 3966 vn,
926 3917 980 3970 7,
1024 3923 1046 3946 κ
1065 3899 1259 3972 Stupra

251 3983 519 4038 mnibus
537 3981 751 4044 intulit;
776 3997 842 4033 ex
863 3997 970 4031 una
991 3980 1148 4032 etiam
1166 3997 1260 4032 na·

253 4079 357 4116 tam
395 4065 550 4120 filiam
598 4063 822 4136 agnovit
837 4099 854 4128 ,
875 4081 898 4106 ιο
941 4057 1077 4128 (ubi
1123 4057 1261 4111 male

1345 2708 1412 2763 de
1435 2721 1623 2781 stupro
1648 2708 2048 2782 intelligerent).

1419 2805 1468 2841 2.
1507 2789 1567 2840 L.
1598 2790 1767 2842 Cassio
1792 2789 2111 2861 longina...
2138 2789 2361 2844 colloca-

1346 2878 1473 2919 tam.
1498 2869 1671 2920 Tacit.
1708 2869 1847 2921 Anu.
1873 2869 1978 2936 VI,
2009 2867 2101 2922 15:
2134 2892 2156 2915 ιι
2178 2869 2359 2923 Servio

1345 2945 1515 2997 Galba
1532 2984 1549 3012 ,
1572 2946 1633 3014 1..
1659 2946 1806 2999 Sulla
1831 2945 1982 2998 Coss.
2010 2943 2167 3015 (ann.
2197 2948 2359 3019 785),

1346 3022 1440 3076 diu
1483 3027 1706 3095 quaesito
1722 3063 1739 3091 ,
1783 3042 1919 3097 quos
1958 3025 2209 3096 neptibus
2252 3032 2359 3080 suis

1345 3105 1567 3156 maritos
1614 3102 1907 3157 destinaret
1948 3105 2123 3158 Caesar
2166 3105 2363 3173 (Tibe-

1347 3181 1513 3254 rius),
1537 3194 1827 3254 postquam
1847 3183 2079 3236 instabat
2100 3188 2361 3258 virginum

1347 3273 1471 3315 setas
1491 3301 1507 3329 ,
1549 3264 1607 3313 L.
1653 3263 1891 3315 Cassium
1913 3301 1929 3330 ,
1975 3265 2049 3316 M.
2094 3265 2361 3319 Vinicium

1346 3341 1538 3412 legit...
1560 3342 1771 3394 Cassius
1790 3341 1989 3414 plebeii
2007 3345 2188 3396 Romae
2207 3363 2362 3414 gene-

1345 3424 1448 3488 ris»,
1469 3438 1653 3474 verum
1674 3424 1876 3494 antiqui
1896 3421 2283 3496 honoratique,
2309 3439 2362 3478 et

1348 3519 1531 3553 severa
1572 3503 1735 3573 patris
1778 3499 2059 3574 disciplina
2100 3503 2325 3558 eductus
2342 3543 2361 3572 ,

1345 3579 1604 3632 facilitate
1642 3580 1865 3650 saepius,
1905 3598 2067 3650 quam
2101 3581 2363 3635 industria

1349 3656 1841 3710 commendabatur.
1872 3659 2008 3712 Huic
2039 3659 2361 3728 Drusillam,

1345 3738 1556 3790 Vinicio
1593 3736 1821 3804 Juliam,
1856 3738 2178 3791 Germanico
2212 3742 2363 3810 geni-

1348 3833 1460 3887 tas,
1508 3821 1806 3890 conjungit.
1830 3841 1852 3865 n
1896 3815 2039 3872 Idem
2059 3859 2075 3887 ,
2108 3821 2177 3872 vl
2196 3860 2213 3888 ,
2256 3821 2363 3890 45,

1348 3917 1676 3973 progeneros
1692 3898 1909 3952 Caesaris
1924 3900 2019 3951 Cn.
2037 3899 2328 3952 Domitium
2342 3939 2364 3968 ,

1348 3978 1591 4031 Cassium
1612 3975 1911 4046 Longinum
1928 4016 1945 4044 ,
1968 3976 2040 4027 M.
2066 3977 2327 4031 Vinicium
2341 4017 2361 4042 ,

1349 4055 1651 4138 {Rubellium
1680 4054 1939 4110 Blandum
1974 4056 2233 4110 nominat.
2262 4059 2367 4110 Hic
