3050 5004
674 502 805 587 474
1086 499 1158 562 G.
1212 494 1684 562 SUETONII
1733 494 2348 563 FRAGMENTA.

668 624 1078 719 Amyclanus
1117 640 1185 690 et
1221 620 1472 689 similes
1497 676 1515 706 ,
1555 625 1832 691 nomina
1873 625 2082 691 maris
2126 622 2464 693 dixerunt.
2509 626 2786 695 Flustra

666 753 893 806 motus
917 736 1125 803 maris
1158 736 1303 801 sine
1326 750 1726 827 tempestate
1750 732 2160 803 fluctuantis.
2185 738 2457 805 Naevius
2488 740 2561 804 in
2592 736 2786 805 bello

666 850 937 916 Poenico
970 848 1139 932 (MS.
1167 846 1467 935 Pontico)
1499 847 1573 911 in
1601 847 2040 939 inscriptione
2069 846 2254 941 quod
2275 848 2402 929 ait,
2435 878 2462 906 α
2483 846 2786 916 honera-

666 962 785 1026 riae
825 956 1138 1026 honustae
1181 954 1453 1024 stabant
1490 959 1562 1023 in
1603 954 1895 1037 flustris,
1919 988 1946 1017 υ
1997 973 2074 1033 ut
2119 958 2175 1023 si
2221 956 2474 1025 diceret
2517 961 2587 1024 in
2631 958 2786 1027 salo

670 1070 841 1157 (MS.
883 1068 1081 1159 Sola).
1113 1068 1365 1153 MoleS,
1407 1092 1562 1164 quae
1589 1068 1891 1136 eminent
1914 1084 1982 1135 et
2001 1084 2420 1161 procurrunt
2451 1072 2657 1152 mari,
2686 1068 2786 1139 de

666 1180 913 1275 quibus
957 1182 1289 1259 Pacuvius
1333 1182 1507 1266 (MS.
1558 1178 1939 1265 Fauculius)
1978 1180 2108 1262 ait,
2155 1209 2184 1240 a
2206 1203 2442 1247 omnes
2481 1178 2784 1248 latebras

664 1293 955 1363 sublaetu
979 1292 1157 1363 mole
1176 1294 1521 1361 abstrusas
1546 1296 1756 1361 sinus,
1777 1322 1804 1353 n
1827 1296 2061 1359 Caecus
2083 1290 2332 1360 fluctus
2357 1308 2586 1359 tamen
2601 1344 2619 1374 ,
2643 1317 2784 1360 nec

663 1405 828 1473 dum
862 1422 1091 1475 tamen
1123 1430 1367 1487 caune,
1404 1404 1489 1474 de
1527 1428 1664 1499 quo
1701 1411 1856 1472 Atta
1895 1408 2066 1491 (MS.
2108 1408 2283 1490 aota)
2306 1407 2379 1472 in
2415 1420 2644 1498 togata
2674 1408 2782 1474 sic

662 1518 793 1583 ait:
836 1548 863 1577 α
886 1517 1145 1609 Populo
1178 1514 1421 1585 fluctos
1460 1540 1676 1583 caecos
1715 1514 1975 1584 faciunt
2008 1539 2135 1608 per
2171 1512 2609 1597 discordiam3
2635 1546 2662 1575 ιι
2701 1534 2780 1584 et

658 1633 1006 1720 Augustus
1046 1630 1185 1696 ait:
1240 1658 1268 1688 a
1290 1634 1427 1697 Nos
1465 1632 1776 1697 venimus
1815 1626 2206 1720 Neapolim,
2241 1626 2456 1698 fluctu
2491 1625 2776 1721 quidem

659 1761 861 1807 caec0.
892 1769 920 1799 n
976 1742 1167 1807 Litus
1192 1793 1210 1823 ‚
1257 1737 1587 1835 quicquid
1630 1763 1808 1833 aqua
1853 1737 2154 1806 alluitur.
2207 1738 2494 1805 Flumen
2544 1740 2778 1806 omnis

656 1848 927 1931 humor,
954 1852 1071 1943 qui
1096 1847 1204 1917 vel
1226 1848 1489 1917 modice
1514 1848 1687 1917 fluit.
1707 1852 2004 1923 'I'orrens
2027 1846 2306 1931 fluvius,
2331 1848 2448 1941 qui
2473 1872 2512 1914 a
2534 1844 2776 1941 pluvia

658 1960 930 2042 crescit,
954 1960 1249 2026 siccitate
1272 1962 1610 2043 torrescit,
1633 1957 1702 2025 id
1723 1974 1855 2041 est,
1879 1960 2149 2043 arescit,
2173 1955 2258 2026 de
2278 1981 2415 2052 quo
2435 1960 2772 2025 Pacuvius

658 2070 781 2151 ait,
822 2099 850 2129 α
870 2064 1214 2137 Flammeo
1252 2094 1503 2163 vapore
1536 2086 1800 2137 torrens
1835 2086 2059 2137 torret.
2087 2100 2114 2131 n
2152 2071 2343 2137 Ostia
2381 2070 2600 2137 exitus
2635 2066 2771 2135 flu-

657 2180 924 2245 minum
944 2180 1017 2245 in
1040 2202 1247 2247 mare.
1276 2179 1451 2247 Tolli
1474 2204 1809 2275 aquarum
1835 2177 2178 2272 projectus
2198 2234 2216 2263 ‚
2243 2178 2479 2274 quales
2508 2180 2769 2247 suntin

655 2295 913 2361 Aniene
952 2296 1126 2379 (MS.
1168 2298 1473 2382 assiense)
1510 2292 1796 2363 flumine
1831 2316 2041 2389 quam
2081 2316 2156 2362 se
2193 2297 2490 2365 maxima
2525 2292 2766 2387 praeci-

654 2404 841 2495 pitio.
926 2400 935 2407 ’
