3050 5004
1174 536 1495 603 Ti'rns.
2266 539 2399 629 369

284 680 353 732 et
382 666 451 731 in
486 678 749 755 septem
777 661 1241 731 consulatibus
1262 662 1290 709 3
1324 662 1473 730 fuit.
1508 667 1938 757 Receptaque
1969 664 2058 731 ad
2087 688 2158 733 se
2189 690 2406 759 prope

284 776 595 841 omnium
612 771 995 841 officiorum
1014 796 1179 841 cura
1193 824 1211 853 ‚
1236 796 1455 869 quum
1474 775 1686 867 patris
1705 777 1982 843 nomine
2003 792 2072 844 et
2089 777 2408 869 epistolas

282 887 430 977 ipse
458 882 775 966 dictaret,
807 898 877 951 et
902 882 1123 951 edicta
1157 883 1647 967 conscriberet,
1689 886 2162 979 orationesque
2193 888 2263 954 in
2301 892 2410 959 Se-

282 1012 451 1064 natu
490 994 841 1065 recitaret4
878 997 1081 1063 etiam
1112 998 1481 1083 Quoestoris
1522 1000 1695 1078 vice,
1731 999 2205 1089 praefecturam
2245 1024 2411 1094 quo-

282 1130 419 1201 que
459 1107 759 1199 praetorii
798 1108 1128 1197 suscepit,
1172 1129 1531 1200 nunquam
1568 1106 1658 1173 ad
1699 1105 1766 1173 id
1811 1122 2111 1198 tempus,
2149 1111 2283 1177 nisi
2322 1108 2410 1175 ab

280 1220 527 1314 Equite
560 1222 869 1285 Romano
901 1214 1481 1285 administratam⁵
1507 1242 1524 1297 3
1565 1220 1836 1312 egitque
1869 1217 2214 1311 aliquanto
2251 1221 2413 1287 inci-

282 1326 487 1397 vilius
512 1344 581 1394 et
608 1326 970 1395 violentius
987 1327 1039 1395 ⁶.
1072 1327 1417 1423 Siquidem
1452 1329 2038 1420 suspectissimum
2069 1352 2411 1423 quemque

284 1440 415 1507 sibi
433 1491 451 1522 ,
478 1440 889 1518 summissiS,
917 1440 1034 1533 qui
1060 1460 1185 1531 per
1210 1436 1477 1507 theatra
1505 1454 1575 1505 et
1599 1453 1822 1506 castra
1849 1440 2043 1533 quasi
2074 1446 2438 1524 consensu·

284 1550 375 1619 ad
410 1574 683 1643 poenam
717 1550 1165 1643 deposcerent
1183 1561 1207 1602 ⁷
1223 1604 1241 1633 ,
1277 1548 1461 1619 haud
1496 1566 1895 1619 cunctanter
1931 1555 2292 1645 oppressit.
2333 1558 2411 1620 In

283 1660 393 1730 his
423 1669 493 1731 Δ.
520 1660 895 1731 Caecinani⁸
922 1660 1351 1731 consularem
1374 1664 1637 1747 virum,
1663 1678 1978 1733 vocatum
2001 1662 2090 1731 ad
2112 1688 2374 1733 coenam
2393 1717 2410 1747 ,

284 1910 579 1965 tribunicia
619 1915 901 1985 potestatis
944 1914 1213 1986 particeps
1235 1932 1251 1974 ;
1272 1935 1296 1962 ι

285 1991 384 2043 uhi
404 1991 528 2044 vide
544 1991 807 2045 Harduin.

360 2072 415 2125 3.
452 2072 521 2123 In
544 2083 739 2145 septem
765 2070 1113 2127 consulatibus
1124 2093 1142 2133 ,-
1173 2090 1297 2123 ann.

286 2152 395 2205 823
420 2164 473 2204 et
498 2150 630 2214 8253
656 2172 781 2205 mox
806 2152 1161 2225 quadriennio
1180 2172 1307 2205 con·

284 2230 474 2297 tinuo,
502 2230 571 2283 ab
602 2248 727 2283 ann.
754 2230 862 2299 827·
882 2247 1051 2303 usque
1076 2228 1143 2282 ad
1169 2230 1301 2295 8303

286 2310 605 2382 septimum,
631 2329 758 2363 ann.
784 2310 906 2364 832.

1553 1812 1638 1849 ΡἿ

1394 1895 1680 1967 actnm‘est
1711 1933 1742 1966 a
1767 1913 2039 1965 Muciano.
2067 1914 2151 1967 cf.
2185 1912 2409 1965 Guther.

1314 2028 1327 2037 -
1391 1991 1459 2047 de
1486 1994 1645 2047 offic.
1677 1994 1838 2045 Dom.
1867 1994 2095 2065 August.
2125 1996 2200 2059 11,
2231 1994 2280 2060 4.

1464 2071 1518 2124 6.
1557 2072 1832 2127 Inct'vt'lt‘us
1854 2085 1906 2125 et
1933 2071 2234 2134 υἰοὶεηιίιιες
2264 2070 2412 2145 quod

1392 2149 1570 2205 tamen
1599 2153 1965 2206 necessarium
1995 2151 2106 2203 fere
2133 2151 2266 2217 fuit,
2295 2164 2411 2204 tur-

1392 2232 1516 2285 bida
1550 2232 1726 2286 adhuc
1753 2244 1880 2304 post
1907 2230 2110 2284 bellum
2135 2230 2292 2284 civile
2319 2242 2409 2283 re-

1392 2312 1612 2384 publica
1625 2349 1642 2377 ,
1663 2326 1717 2363 et
1733 2308 1966 2365 assiduis
1985 2312 2040 2361 in
2056 2324 2262 2383 patrem
2283 2329 2412 2363 con-

359 2395 411 2463 4.
450 2398 884 2471 Orationesque...
914 2399 1179 2463 recitaret,
1199 2409 1301 2449 etc.
1387 2392 1771 2465 jurationibus.
1802 2388 1938 2442 vide
1965 2394 2186 2461 vespas.
2227 2388 2310 2443 25.
2352 2388 2412 2440 ld

286 2474 449 2530 Conf.
488 2475 689 2548 Xipbil.
733 2476 923 2544 LXVI,
967 2493 1046 2530 ιο.
1088 2478 1171 2528 De
1198 2474 1305 2528 hoc

289 2555 613 2626 Quaestomm
646 2555 747 2608 sub
776 2553 1189 2627 imperatoribus
1218 2555 1315 2616 of·-

284 2637 439 2704 ίίοίο,
464 2635 669 2700 dictum
694 2637 759 2689 ad
784 2638 1011 2707 August.
1038 2636 1127 2689 65.

360 2725 412 2780 5.
432 2727 554 2780 Nisi
574 2726 642 2779 ab
660 2727 853 2801 Equite
872 2729 1113 2780 Romano
1135 2724 1305 2776 admi-

286 2808 583 2860 niumtam.
612 2805 749 2858 Ptin.
782 2807 815 2858 l.
842 2826 891 2858 c.
922 2829 945 2852 αι
966 2819 1019 2857 et
1043 2803 1193 2876 quod
1218 2804 1304 2856 his

286 2887 527 2942 nobilius
568 2888 778 2954 fecisti,
822 2886 949 2939 dum
988 2885 1121 2939 illud
1164 2887 1305 2960 petri

285 2970 511 3042 pariter,
534 2981 587 3020 et
606 2970 843 3040 equestri
863 2966 1039 3019 ordini
1058 2979 1275 3039 praestas
1288 3004 1304 3033 ‚

286 3047 580 3100 Praefectus
615 3049 865 3100 Praetorio
899 3047 1031 3116 ejus.
1057 3068 1079 3092 a
1116 3043 1303 3096 Admi-

286 3129 563 3182 nistrotam
592 3141 773 3180 nutem
804 3145 921 3180 esse
952 3125 1308 3178 administrari

286 3207 532 3276 solitam,
562 3226 739 3278 neque
764 3205 1126 3259 accusandum
1156 3223 1304 3257 erro-

288 3289 362 3339 ris
394 3285 483 3338 vel
511 3285 793 3338 oblivionis
830 3285 1143 3336 Suetonium
1182 3299 1305 3335 cum

288 3367 473 3438 Lipsio
502 3364 571 3418 etl
594 3366 765 3418 Tacit.
791 3363 987 3416 Annal.
1012 3363 1101 3431 IV,
1125 3363 1224 3431 40,
1253 3375 1306 3415 et

289 3447 427 3498 Hist.
468 3444 559 3510 IV,
596 3443 705 3510 68,
748 3446 1007 3516 quoniam
1048 3443 1305 3512 Sejanus,

290 3524 577 3578 Praefectus
613 3525 896 3589 Praetor-ic,
934 3534 1219 3594 praeturam
1254 3533 1308 3574 et

290 3604 637 3660 consulatum
668 3603 924 3676 adeptus,
960 3603 1015 3654 in
1050 3601 1307 3654 Senatum

289 3685 525 3750 venerit,
550 3685 795 3738 Clemens
818 3683 1095 3734 Arretinus
1118 3683 1309 3733 Preto-

290 3765 457 3818 rianis
464 3765 783 3837 prepositus
794 3761 976 3827 fuerit,
984 3777 1309 3834 quamquam

288 3845 558 3900 Senatorii
572 3845 797 3910 ordinis,
811 3845 935 3913 jure
948 3840 1075 3894 inde
1089 3854 1310 3893 conten-

291 3923 645 3977 duntErnest.
659 3936 711 3976 et
719 3919 1155 3992 Oudendorpius,
1166 3916 1312 3991 quod

292 4005 520 4075 Sejanus
542 4005 709 4056 serius
733 4000 951 4054 demum
972 4000 1196 4053 Senator
1223 3997 1309 4049 fa-

292 4097 415 4136 ctus
472 4096 550 4134 est
576 4119 593 4148 ,
650 4081 1014 4154 prefecturam
1075 4077 1311 4130 pretorii

292 4167 475 4236 Eques
488 4161 667 4216 adhuc
684 4176 986 4235 acceperat,
1000 4162 1055 4212 in
1070 4159 1283 4212 Clemen
1296 4191 1308 4199 -

294 4257 349 4296 te
394 4261 497 4316 per
538 4241 725 4295 turbas
768 4241 1019 4294 militares
1066 4239 1311 4292 licentius

486 4333 583 4398 II.

1394 2474 1596 2526 fatetur
1613 2490 1736 2524 mox
1753 2472 1872 2544 ipse
1897 2468 2186 2524 Suetonius
2205 2467 2411 2536 verbis,

1399 2553 1602 2624 Quibus
1625 2552 1830 2603 rebus...
1857 2549 2013 2602 cavit.

1469 2658 1519 2710 7.
1558 2637 1892 2702 Summisst‘s‚
1920 2640 2071 2710 φεῖ...
2100 2639 2172 2691 ad
2198 2657 2412 2711 penam

1394 2719 1764 2794 deposcerent,
1813 2731 1916 2771 etc.
1965 2719 2145 2772 Aurel.
2194 2721 2378 2772 Victor
2399 2760 2415 2789 ,

1392 2799 1537 2872 Epic.
1571 2817 1661 2865 10,
1691 2799 2005 2865 «immissis,
2033 2800 2123 2871 qui
2149 2817 2244 2870 per
2263 2797 2413 2851 thea-

1394 2893 1476 2932 tra
1502 2893 1554 2932 et
1581 2891 1754 2932 castra
1783 2877 2040 2932 invidiosa
2053 2881 2320 2950 jactantes
2343 2875 2412 2929 ad

1393 2977 1612 3030 poenam
1649 2970 1963 3030 poscerent,
1999 2957 2147 3029 quasi
2181 2957 2416 3010 criminis

1394 3039 1657 3091 convictos
1671 3037 1952 3109 oppressit.
1962 3059 1984 3084 a
2005 3038 2271 3089 Nimirum
2283 3056 2412 3109 peu·

1394 3120 1443 3170 ci
1459 3118 1724 3172 summissi
1747 3136 1778 3169 a
1791 3118 1938 3186 Tito,
1953 3119 2046 3190 qui
2065 3115 2277 3169 illorum
2299 3135 2412 3189 poe·

1394 3215 1519 3249 nam
1563 3209 1884 3270 poscerent,
1926 3215 2222 3269 eorumque
2259 3211 2410 3248 emtae

1394 3294 1554 3328 voces
1578 3295 1678 3346 pro
1707 3293 1956 3329 consensu
1979 3277 2144 3327 totius
2171 3275 2411 3328 multitu-

1395 3354 1533 3406 dinis
1574 3352 1788 3405 habitae.
1829 3353 1988 3406 Tales
2029 3367 2168 3405 artes
2214 3356 2410 3406 nostris

1397 3431 1728 3504 temporibus
1763 3431 2002 3504 quotidie
2037 3429 2304 3484 adhibitas
2330 3435 2411 3484 vi-

1398 3511 1592 3564 dimus.

1469 3598 1523 3651 8.
1560 3597 1630 3648 In
1665 3595 1744 3648 his
1780 3595 1843 3647 A.
1885 3596 2178 3657 Coect'nam5
2209 3595 2412 3648 Vitellii

1400 3677 1619 3742 ducem,
1651 3679 1742 3746 qui
1773 3675 1840 3727 ad
1865 3674 2175 3728 Flavianum
2203 3677 2411 3728 exerci-

1398 3771 1513 3809 tum
1541 3756 1854 3808 desciverat.
1891 3755 1972 3806 Cf.
1997 3756 2171 3807 Tacit.
2211 3757 2312 3822 111,
2345 3755 2412 3808 13

1400 3850 1454 3890 et
1492 3837 1580 3891 31.
1625 3837 1706 3888 De
1747 3837 1964 3888 nomine
2004 3836 2118 3905 ejus
2156 3834 2412 3903 Allieno,

1402 3915 1550 3990 quod
1579 3916 1684 3968 hoc
1707 3917 1866 3968 etiam
1895 3915 2018 3967 loco
2045 3927 2198 3982 sunt,
2232 3917 2324 3987 qui
2361 3915 2412 3968 ei

1400 4009 1670 4062 asserant,
1703 3993 1826 4048 vide
1863 3997 2084 4066 interpr.
2131 3992 2198 4046 ad
2235 3995 2408 4048 Tacit.

1398 4079 1534 4130 Hist.
1565 4076 1624 4143 1,
1648 4077 1747 4140 52,
1778 4090 1834 4128 et
1856 4077 2082 4128 Reimar.
2109 4073 2178 4126 ad
2205 4073 2408 4147 Xipbil.

1397 4155 1556 4222 va,
1578 4170 1660 4207 ιο.
1679 4153 1760 4206 De
1780 4167 1952 4205 morte
1973 4151 2210 4224 ejusdem
2229 4154 2302 4205 cf.
2323 4153 2411 4204 Xi-

1398 4233 1588 4308 philin.
1613 4235 1804 4300 val,
1838 4235 1918 4288 16.
1951 4231 2189 4286 Discedit
2220 4235 2274 4286 in
2305 4232 2409 4286 hoc

2021 4330 2100 4408 24
