3050 5004
600 472 727 555 ¹74
1340 466 1415 530 c.
1465 462 1939 531 snE‘roun

684 596 861 661 XIX.
914 568 1490 683 Peregrinationes
1527 589 1698 659 duas
1725 594 2004 659 omnino
2032 594 2330 686 suscepit
2345 644 2363 675 ,
2402 592 2690 663 Alexan·

590 703 857 771 drinam
898 718 968 771 et
1006 702 1395 771 Achaicam:
1440 700 1562 770 sed
1601 700 2053 769 Alexandrina
2077 706 2226 796 ipso
2261 704 2692 797 profectionis

588 814 699 883 die
740 813 1032 897 destitit,
1074 815 1383 883 turbatus
1422 812 1746 905 religione
1789 812 1990 881 simul
2030 838 2110 881 ac
2149 816 2473 907 periculo.
2519 822 2692 885 Nam

589 928 883 997 circuitis
906 925 1177 1019 templis
1202 950 1416 1021 quum
1452 927 1524 991 in
1555 924 1699 992 aede
1727 930 1948 992 Vestae
1985 924 2346 994 resedisset
2363 978 2381 1007 ‚
2419 950 2694 995 consur-

588 1038 775 1127 genti
798 1038 859 1103 ei
886 1038 1181 1128 primum
1212 1034 1453 1102 lacinia
1474 1032 1798 1101 obhaesit:
1831 1032 2076 1117 deinde
2107 1050 2294 1101 tanta
2323 1034 2562 1103 oborta
2589 1061 2695 1105 ca·

587 1147 725 1241 ligo
752 1165 892 1231 est,
928 1167 1007 1217 ut
1038 1148 1369 1240 dispicere
1404 1171 1546 1215 non
1577 1156 1865 1239 posset¹.
1911 1151 1993 1213 In
2028 1146 2274 1215 Achaia
2313 1146 2693 1217 ²1sthmum

587 1260 944 1354 perfodere
982 1282 1343 1354 aggressus
1366 1310 1385 1341 ‚
1436 1260 1880 1350 praetorianos
1921 1282 2050 1350 pro
2095 1262 2419 1327 concione
2462 1260 2552 1329 ad
2593 1265 2695 1331 in-

586 1370 977 1441 choandum
1004 1395 1178 1465 opus
1202 1370 1594 1439 cohortatus
1624 1386 1761 1454 est3-
1788 1370 2088 1464 tubaque
2119 1374 2313 1463 signo
2339 1370 2500 1439 dato
2517 1427 2535 1456 ,
2561 1376 2695 1467 pri-

586 1506 743 1550 mus
772 1482 1059 1552 rastello·
1078 1482 1371 1550 humum
1407 1478 1678 1563 effodit,
1716 1498 1784 1546 et
1818 1478 2116 1548 corb‘ulae
2150 1498 2540 1574 congestam
2575 1481 2696 1551 hu-

588 1595 792 1661 meris
840 1594 1099 1661 extulit.
1150 1592 1437 1660 Parabat
1471 1608 1541 1659 et
1579 1590 1666 1658 ad
1705 1593 1979 1685 Caspias
2021 1589 2294 1683 portas-'³
2336 1590 2696 1685 expeditio-

586 1726 747 1771 nem
766 1756 784 1785 ,
810 1706 1191 1795 conscripta
1219 1726 1301 1770 ex
1326 1702 1575 1769 Italicis
1604 1724 1847 1768 senum
1871 1700 2126 1795 pedum
2153 1703 2484 1770 tironibus
2515 1728 2696 1771 nova

586 1811 849 1905 legione
868 1866 885 1897 ,
929 1838 1134 1907 quam
1170 1814 1402 1906 Magni
1443 1810 1805 1879 Alexandri
1841 1810 2250 1905 phalangem
2281 1810 2692 1907 appellabat.

586 1928 751 1991 Haec
782 1925 1031 2017 partim
1062 1921 1253 1989 nulla
1288 1920 1812 2014 reprehensione
1828 1972 1847 2004 ,
1877 1924 2126 2014 partim
2157 1924 2359 1990 etiam
2393 1946 2534 1990 non
2563 1944 2698 1989 me·

585 2033 796 2103 diocri
818 2033 1021 2103 laude
1044 2034 1247 2127 digna
1276 2035 1347 2101 in
1369 2057 1585 2100 unum
1605 2030 1862 2100 contuli
1880 2085 1898 2114 ,
1926 2048 2005 2099 ut
2031 2054 2454 2101 secernerem
2476 2056 2516 2100 a
2539 2058 2696 2127 pro-

584 2146 725 2217 bris
750 2173 829 2217 ac
853 2144 1220 2217 sceleribus
1245 2144 1393 2239 ejus
1410 2200 1427 2231 ,
1451 2144 1538 2213 de
1562 2146 1809 2240 quibus
1833 2142 2081 2213 dehinc
2102 2145 2344 2213 dicam.

680 2262 825 2325 XX.
878 2264 1065 2327 Inter
1098 2275 1356 2325 ceteras
1386 2254 1778 2348 disciplinas
1807 2257 2114 2348 pueritiae
2145 2272 2448 2349 tempore
2477 2256 2696 2324 imbu-

1684 2448 1963 2502 nunquam
1985 2432 2174 2482 timore
2195 2447 2396 2483 vacuus
2410 2467 2429 2495 ‚
2459 2428 2698 2484 deseruit

1685 2513 1978 2582 inceptum,
1994 2523 2214 2563 cunctas
2230 2509 2330 2561 sibi
2343 2525 2497 2562 eurus
2509 2528 2695 2563 amore

604 2502 611 2510 .
655 2431 798 2485 xlx.
836 2446 880 2483 ι.
914 2432 987 2484 Ut
1005 2432 1255 2504 dispicere
1278 2448 1389 2484 non
1407 2441 1594 2505 posset.

587 2512 671 2565 Al.
706 2524 883 2566 coorta
910 2528 963 2566 et
989 2515 1260 2584 despicere.
1295 2511 1399 2565 sed
1424 2511 1594 2565 oculis

573 2594 827 2645 exeuntis
848 2591 1049 2664 templo
1072 2592 1246 2662 caligo
1272 2589 1465 2643 oborta
1484 2605 1593 2658 est,

586 2686 648 2724 ut
673 2672 829 2728 ovid.
858 2674 974 2725 Art.
1000 2675 1175 2724 Amat.
1201 2674 1273 2738 11,
1302 2671 1371 2726 88
1388 2707 1406 2738 ‚

667 2759 755 2800 Nox
770 2757 899 2800 oculis
916 2757 1063 2815 pevido
1076 2759 1187 2800 venit
1200 2759 1359 2800 oborta
1374 2767 1489 2800 -ιω
1502 2789 1515 2808 ,

588 2847 651 2882 ac
670 2847 733 2882 ea
758 2829 999 2902 quidem,
1028 2847 1188 2901 quam
1208 2831 1325 2882 visu
1348 2842 1596 2902 penetra-

586 2927 643 2960 re
662 2927 771 2959 non
790 2914 1003 2980 poterat
1018 2947 1034 2975 ‚
1058 2909 1206 2981 quod
1228 2923 1305 2970 est
1328 2909 1590 2982 dispicere.

586 2985 715 3036 Inde
740 2985 981 3038 turbatus
1007 2988 1161 3037 etiam
1183 2985 1415 3056 periculo
1439 2987 1594 3038 desti-

585 3063 665 3114 tit.
686 3063 933 3115 Ceterum
952 3065 1121 3116 Tacit.
1144 3063 1333 3114 Annal.
1353 3065 1467 3130 XV,
1493 3065 1590 3128 36,

586 3161 698 3194 rem
722 3145 791 3194 ita
814 3153 1025 3194 narrat:
1056 3165 1081 3190 ι
1100 3141 1213 3193 Nec
1236 3138 1404 3193 multo
1436 3155 1589 3213 post,

586 3224 780 3276 omissa
808 3224 863 3274 in
892 3238 1123 3293 praesens
1157 3217 1357 3272 Achaia
1388 3219 1592 3290 (cause

586 3303 641 3353 in
676 3304 879 3354 incerto
912 3301 1126 3372 fuere),
1164 3299 1356 3352 Urbem
1382 3302 1590 3364 revisit3

586 3383 892 3454 provincias
914 3383 1175 3448 Orientis,
1198 3382 1425 3433 maxime
1444 3383 1596 3454 AEgy-

584 3475 757 3536 ptum,
774 3467 986 3517 secretis
1004 3463 1471 3535 imaginationibus
1485 3465 1597 3533 egi·

583 3557 720 3596 tans.
731 3545 936 3596 Dehinc
947 3543 1121 3595 edicto
1136 3541 1463 3609 testificatus,
1480 3559 1590 3594 non

584 3622 803 3694 longam
836 3625 919 3675 sui
946 3622 1274 3690 absentiam,
1314 3635 1367 3676 et
1398 3633 1592 3674 cuncta

584 3703 639 3753 in
660 3701 886 3774 Repuhl.
910 3701 1133 3773 perinde
1152 3703 1369 3754 immota
1390 3719 1451 3753 ac
1472 3719 1593 3772 pro-

586 3799 740 3853 spera
777 3783 923 3848 fore,
960 3798 1121 3853 super
1154 3799 1215 3832 ea
1255 3783 1591 3854 profectione

586 3859 715 3913 adiit
764 3860 1102 3932 Capitolium.
1148 3858 1261 3912 mic
1310 3873 1588 3913 veneratus

584 3939 763 4005 Deos,
804 3931 967 4011 quum
1000 3939 1171 3991 Vestae
1209 3955 1427 4012 quoque
1459 3952 1594 3992 tem·

584 4017 735 4088 plum
762 4019 977 4082 inisset,
1006 4031 1227 4090 repente
1252 4032 1471 4070 cunctos
1494 4038 1594 4090 per

588 4109 734 4148 nnus
768 4108 1025 4163 tremens,
1057 4116 1152 4149 seu
1185 4098 1401 4149 numine
1424 4111 1592 4149 exter-

585 4189 760 4246 reme,
784 4194 877 4228 seu
901 4177 1199 4230 facinorum
1220 4177 1590 4231 recordatione

1683 2592 1864 2661 patrius
1885 2589 2106 2642 leviores
2127 2589 2390 2640 dictitans.
2418 2609 2440 2634 ι
2467 2591 2547 2642 De
2569 2599 2696 2641 tem·

1683 2670 1778 2743 plo
1815 2671 1979 2724 Vestoe
2015 2667 2159 2721 conf.
2201 2667 2477 2720 Panciroll.
2506 2668 2692 2721 Deser.

1687 2749 1816 2801 Urb.
1845 2749 1999 2801 Rom.
2029 2747 2219 2818 (Thes.
2249 2748 2416 2800 Groev.
2439 2760 2567 2800 tom.
2593 2749 2692 2815 111,

1683 2845 1807 2899 pag.
1839 2827 1992 2899 355).

1758 2925 1805 2960 α.
1843 2907 2126 2971 Isthmum,
2170 2919 2272 2958 etc.
2307 2905 2386 2958 cf.
2426 2905 2694 2977 xiphilin.

1681 2989 1870 3052 mim,
1907 2987 1998 3050 16,
2027 2987 2120 3038 ubi
2143 2987 2369 3038 Reimnr.
2397 2999 2452 3048 et
2476 2999 2589 3039 not.
2619 2987 2692 3039 ad

1681 3069 1809 3120 Caes.
1842 3085 1958 3140 cap.
1987 3067 2072 3134 44.

1753 3143 1803 3202 3.
1843 3149 2076 3201 Par-abae
2095 3159 2146 3199 et
2167 3147 2239 3199 ad
2261 3149 2468 3220 Caspias
2484 3159 2691 3221 portas,

1681 3239 1782 3279 etc.
1817 3227 2018 3299 Xiphil.
2049 3227 2238 3295 LXIII,
2273 3228 2322 3279 8.
2348 3227 2519 3277 Tacit.
2551 3228 2688 3279 flist.

1682 3307 1734 3372 1,
1757 3307 1825 3371 6,
1858 3327 1880 3354 ιι
1901 3305 2054 3357 multi
2077 3303 2256 3357 adhoc
2279 3307 2486 3358 numeri
2511 3323 2540 3356 e
2564 3306 2692 3358 Ger-

1683 3387 1856 3437 mania
1873 3405 1936 3437 ac
1953 3387 2218 3438 Britannia
2236 3399 2286 3437 et
2301 3384 2536 3458 Illyrico,
2553 3399 2690 3456 quos

1685 3463 1824 3516 idem
1853 3467 2024 3529 Nero,
2057 3462 2256 3516 electos
2283 3465 2690 3536 praemissosque

1683 3542 1752 3594 ad
1777 3542 2004 3596 claustra
2027 3543 2364 3614 Caspiarum,
2389 3557 2442 3596 et
2458 3543 2690 3611 bellum,

1683 3622 1830 3694 quod
1865 3625 1920 3675 in
1951 3622 2188 3674 Albanos
2217 3623 2444 3694 parabat
2462 3663 2478 3688 ‚
2507 3625 2692 3694 oppri-

1680 3701 1886 3754 mendis
1911 3700 2152 3754 Vindicis
2185 3703 2372 3774 coeptis
2403 3719 2690 3754 revocave-

1680 3793 1825 3832 rat.»
1859 3781 1941 3834 Cf.
1981 3781 2115 3838 Plin.
2155 3783 2284 3834 nist.
2324 3783 2448 3834 Nat.
2475 3783 2578 3848 Vl,
2624 3781 2687 3834 13

1681 3859 1782 3931 (15
1797 3861 1842 3932 )‚
1870 3874 1920 3914 et
1943 3861 2012 3914 de
2041 3863 2236 3933 Caspiis
2247 3863 2413 3936 portis
2433 3861 2551 3914 vide
2575 3859 2694 3912 Cel-

1679 3939 1784 3993 lar.
1809 3941 2003 4014 Geogr.
2036 3945 2158 3994 Am.
2186 3943 2292 4006 ΙΙΙ,
2329 3945 2424 4008 18,
2453 3953 2588 3993 tom:
2610 3943 2692 4008 11,

1678 4039 1801 4093 pag.
1831 4023 1959 4093 7853
1983 4023 2308 4076 Freinshem.
2331 4023 2401 4076 ad
2419 4023 2566 4073 Curt.
2587 4022 2692 4088 Vl,

1681 4103 1742 4167 4,
1777 4117 1858 4173 ¹9³
1891 4102 2048 4176 Ryek.
2077 4103 2147 4155 ad
2169 4105 2338 4158 Tacit.
2368 4101 2556 4155 Annal.
2583 4101 2690 4166 VI,
