3050 5004
1381 482 1452 544 C.
1505 478 1969 546 SUETONII

675 626 684 635 ·
723 610 837 673 IV.
892 610 985 673 Ut
1021 604 1296 673 tandem
1334 602 1612 671 ultionis
1658 605 1923 671 occasio
1972 601 2133 669 data
2174 618 2276 669 est
2302 655 2319 685 ,
2370 603 2721 673 conatibus

628 714 858 797 Galba}
875 716 1134 807 primus
1153 715 1434 781 accessit
1449 728 1466 759 ¹
1488 740 1501 777 :
1525 711 1900 808 eodemque
1918 727 2263 779 momento
2283 728 2349 780 et
2366 715 2723 806 ipsespem

631 828 890 919 imperii
916 827 1123 917 cepit,
1151 846 1466 915 magnam
1495 821 1771 916 quidem
1796 844 1879 889 ex
1900 820 2285 889 conditione
2306 836 2721 914 temporum,

630 936 748 1003 sed
781 935 1128 1031 aliquanto
1162 932 1490 1027 majorem
1532 956 1616 1001 ex
1648 932 2100 999 affirmatione
2134 929 2392 998 Seleuci
2408 938 2431 967 ²
2462 930 2723 999 mathe-

631 1050 894 1127 matici;
941 1050 1057 1143 qui
1081 1101 1098 1129 ,
1147 1070 1362 1142 quum
1405 1069 1563 1113 eum
1603 1043 1768 1111 olim
1810 1045 2240 1135 superstitem
2288 1046 2539 1111 Neroni
2578 1042 2723 1111 fore

630 1157 1137 1251 spopondisset,
1171 1173 1332 1224 tunc
1361 1155 1543 1223 ultro
1579 1156 1965 1246 inopinatus
2002 1152 2396 1235 advenerat,
2434 1154 2723 1246 impera-

629 1286 863 1337 turum
885 1264 1156 1364 quoque
1189 1269 1376 1337 brevi
1399 1269 1895 1361 repromittens.
1935 1264 2135 1333 Nullo
2160 1267 2361 1357 igitur
2384 1264 2587 1333 officii
2608 1280 2727 1334 aut

631 1378 1061 1447 ambitionis3
1095 1381 1165 1447 in
1199 1402 1614 1474 quemquam
1646 1398 1889 1469 genere
1921 1378 2203 1457 omisso,
2243 1375 2505 1469 quoties
2536 1398 2725 1443 coena

629 1494 1006 1583 Principem
1026 1493 1386 1585 acciperet,
1409 1513 1651 1559 aureos
1676 1486 2033 1557 excubanti
2056 1486 2317 1554 cohorti
2348 1488 2601 1553 viritim
2630 1486 2727 1554 di-

543 1594 554 1601 ’
629 1601 973 1671 νὶἀεδειῑάε
1001 1628 1127 1670 nec
1155 1626 1237 1670 eo
1275 1605 1499 1671 minus
1537 1601 1747 1669 alium
1775 1598 1907 1667 alia
1939 1602 2044 1668 via
2075 1596 2401 1665 militem⁵
2430 1596 2727 1667 demere-

634 484 764 550 280

631 1798 718 1847 cit.
750 1794 941 1847 Annal.
966 1795 1004 1847 l.
1029 1814 1078 1847 c.
1108 1818 1130 1841 ι
1149 1796 1245 1848 ubi
1271 1814 1441 1869 usque
1471 1795 1540 1849 ad
1564 1798 1633 1847 ci·
1722 1792 1803 1845 vel
1826 1794 2009 1865 potius
2032 1795 2295 1865 Poppae,
2327 1811 2395 1845 an
2422 1794 2610 1844 Tacito
2634 1791 2728 1845 de·

629 1874 753 1927 vilia
780 1891 927 1925 arma
949 1894 1058 1927 non
1092 1893 1156 1927 ex
1183 1877 1362 1946 priore
1384 1878 1634 1942 iufamia,

631 1951 726 2005 sed
745 1954 950 2021 integre
973 1966 1261 2024 sancteque
1281 1956 1414 2025 egit,
1434 1972 1633 2025 procax

632 2031 726 2080 otii
773 2042 826 2081 et
865 2032 1142 2100 potestatis
1188 2031 1583 2101 temperantior.
1607 2053 1629 2077 ιι

630 2110 764 2160 Hist.
803 2106 840 2158 l.
879 2126 928 2159 c.
974 2130 996 2155 αι
1015 2109 1236 2160 comiter
1275 2108 1636 2162 administrata

633 2189 926 2259 provincia.
948 2210 971 2233 ιι
1000 2188 1080 2241 Cf.
1107 2187 1372 2242 Plutarch.
1401 2188 1438 2241 l.
1469 2208 1518 2242 c.

703 2268 793 2319 lv,
837 2284 880 2317 1.
924 2267 1194 2321 conatibus
1233 2268 1410 2321 Galboe
1435 2268 1638 2339 primus

634 2345 856 2401 accessit.
880 2347 1052 2399 Tacit.
1081 2349 1213 2400 Hist.
1244 2346 1276 2399 Ι.
1302 2366 1358 2399 c.
1390 2370 1411 2393 ιι
1434 2350 1635 2418 primus

634 2428 689 2477 in
709 2438 888 2495 partes
911 2438 1295 2496 transgressus,
1315 2446 1413 2479 nec
1433 2428 1636 2495 segnis,

635 2519 716 2571 et,
740 2505 913 2557 donec
944 2502 1142 2557 bellum
1181 2507 1304 2572 fuit,
1335 2508 1472 2558 inter
1503 2525 1636 2577 pra!-

637 2599 811 2638 sentes
845 2584 1320 2657 splendidissimus.
1341 2609 1364 2632 ιι
1397 2586 1478 2637 cf.
1517 2585 1638 2636 Plu-

633 2664 803 2716 tarch.
831 2684 951 2736 cap.
979 2682 1062 2717 20.

712 2763 759 2796 2.
801 2747 885 2796 Ex
905 2743 1263 2816 affirmatione
1283 2743 1509 2809 Seleuci,
1536 2758 1634 2796 etc.

636 2823 980 2876 Ptolemoeum
1006 2826 1222 2876 Tacitus
1251 2838 1404 2876 vocat
1434 2837 1484 2875 et
1517 2825 1642 2877 Plu-

637 2901 851 2970 tarchus
876 2900 1059 2972 (Galb.
1085 2922 1202 2974 cap.
1232 2904 1326 2967 23,
1355 2902 1446 2953 ubi
1475 2901 1639 2974 vide).

637 2981 732 3034 me
759 2983 892 3033 nist.
928 2984 978 3048 1,
1018 3000 1113 3034 22:
1163 2982 1402 3034 «Multos
1441 2995 1644 3035 secreta

639 3065 873 3132 Poppaeae
899 3061 1331 3128 mathematicos,
1355 3064 1643 3134 pessimum

639 3137 946 3212 principalis
973 3143 1291 3194 matrimonii
1324 3143 1645 3195 instrumen-

639 3235 787 3286 tum,
823 3219 1149 3280 habuerant;
1183 3241 1212 3276 e
1245 3221 1440 3294 quibus
1469 3221 1645 3275 Ptole·

581 3309 592 3316 ‘
639 3316 828 3364 maeus‚
852 3297 1056 3351 Othoni
1083 3301 1137 3350 in
1161 3301 1413 3371 Hispania
1437 3317 1644 3368 comes,

641 3396 806 3448 quum
850 3378 1234 3449 superfuturum
1279 3397 1396 3430 eum
1445 3381 1646 3433 Neroni

635 3458 997 3528 promisisset,
1031 3471 1316 3528 postquam
1351 3477 1412 3510 ex
1451 3473 1640 3512 eventu

637 3535 806 3602 fides,
849 3538 1155 3606 conjectura
1187 3540 1296 3607 jam
1335 3551 1386 3589 et
1429 3557 1640 3591 rumore

639 3617 844 3666 senium
874 3614 1054 3666 Galbae
1083 3626 1136 3666 et
1156 3618 1433 3684 juventam
1463 3616 1640 3670 Otho-

637 3697 718 3744 nis
761 3695 1184 3764 computantium
1208 3731 1225 3759 ‚
1269 3707 1603 3764 persuaserat
1626 3734 1643 3763 ‚

627 3771 780 3843 fore,
797 3785 856 3825 ut
869 3774 928 3824 in
942 3774 1220 3845 imperium
1234 3773 1602 3827 adscisceretur.
1614 3799 1635 3822 ιι

641 3850 846 3922 Duplex
864 3850 1068 3902 homini
1087 3869 1282 3904 nomen
1302 3853 1479 3920 fuerit,
1493 3853 1640 3925 quod

638 3927 943 3981 difficillime
985 3930 1145 3982 credo
1167 3969 1185 3997 ‚
1223 3949 1291 3982 an
1339 3932 1643 3985 confuderit

639 4021 828 4059 auctor
857 4009 1158 4077 Seleucum,
1189 4011 1500 4082 Vespasiani
1528 4030 1641 4063 ma-

639 4084 1009 4153 thematicum,
1039 4107 1198 4159 quem
1229 4091 1395 4141 Tacit.
1431 4090 1508 4154 11,
1541 4091 1641 4160 78,

639 4179 924 4232 memorat,
945 4185 1066 4218 cum
1087 4167 1396 4234 Ptolemaeo,
1411 4169 1639 4221 Neronis

1722 1876 1885 1945 nique
1894 1872 2207 1924 tribuendus
2216 1873 2395 1943 potius
2406 1890 2573 1936 error,
2582 1870 2731 1943 quod

1721 1953 2005 2004 Burmann.
2032 1952 2188 2011 fecit,
2214 1951 2329 2023 quis
2356 1949 2651 2003 definierit?

1795 2032 1846 2084 3.
1874 2030 2215 2092 Ambitiom's3
2237 2029 2508 2103 captandae
2528 2031 2726 2102 gratiae.

1722 2112 1800 2161 Ita
1820 2110 1931 2164 fere
1954 2127 2054 2161 nos
2072 2110 2434 2180 prevenances.

1794 2189 1845 2255 4.
1870 2190 2125 2241 Aureos...
2146 2190 2422 2241 cohorti....
2442 2189 2727 2257 dividebat,

1727 2283 1828 2321 etc.
1844 2270 2013 2321 Tacit.
2032 2270 2228 2322 Histor.
2250 2270 2300 2336 1,
2320 2271 2388 2338 ²4
2408 2292 2420 2321 :
2446 2293 2467 2316 α
2486 2269 2731 2341 Flagran-

1726 2348 1866 2400 tibus
1890 2351 2001 2419 jam
2030 2348 2254 2400 militum
2284 2350 2467 2401 animis
2488 2348 2631 2401 velut
2650 2349 2731 2401 fa·

1727 2445 1812 2479 ces
1852 2425 2129 2479 addiderat
2168 2428 2381 2479 Moevius
2416 2426 2658 2495 Pudens,
2700 2446 2730 2481 e

1726 2508 1977 2579 proximis
1988 2506 2253 2578 Tigellini.
2265 2510 2313 2559 Is
2326 2507 2731 2560 mobilissimum

1727 2606 1993 2660 quemque
2016 2589 2257 2659 ingenio,
2284 2602 2374 2640 aut
2397 2591 2637 2660 pecuniae
2660 2593 2731 2642 in·

1726 2667 1905 2738 dignm
1926 2707 1942 2734 ,
1994 2680 2048 2720 et
2097 2669 2153 2718 in
2198 2686 2367 2720 novas
2416 2667 2729 2739 cupiditates

1726 2748 2049 2818 praecipitem
2065 2745 2375 2813 alliciendo,
2398 2765 2460 2799 eo
2476 2746 2731 2818 paulatim

1728 2841 2043 2895 progressus
2057 2837 2160 2890 est,
2180 2837 2240 2875 ut
2254 2843 2351 2894 per
2364 2826 2594 2896 speciem
2608 2841 2733 2876 cou-

1730 2905 1881 2970 vivii‚
1908 2904 2154 2973 quotiens
2184 2901 2355 2954 Galba
2382 2899 2529 2973 apud
2558 2901 2731 2954 Otho-

1729 2999 1857 3045 ,nem
1884 2980 2208 3053 epularetur,
2242 2979 2453 3033 cohorti
2484 2980 2731 3033 excubia·

1734 3065 1910 3134 agenti
1934 3065 2124 3115 viritim
2150 3077 2403 3116 centenos
2426 3081 2617 3115 numos
2646 3061 2729 3113 di·

1732 3141 1959 3206 videret;
1980 3160 2141 3214 quam
2163 3141 2308 3195 velut
2333 3141 2601 3214 publicam
2626 3141 2733 3195 iar-

1734 3222 1985 3292 gitionem
2012 3221 2158 3274 Otho
2190 3220 2733 3295 secretioribusapud

1736 3298 1972 3370 singulos
1996 3303 2219 3371 praemiis
2248 3300 2577 3354 intendebat.
2594 3325 2620 3349 ιι
2650 3300 2730 3353 Cf.

1735 3377 1999 3430 Plutarch.
2027 3398 2074 3431 c.
2104 3397 2185 3431 20.
2208 3379 2413 3448 Quibus
2437 3378 2570 3432 locis
2594 3397 2735 3432 com-

1732 3459 1958 3529 paratis,
1995 3458 2085 3510 alii
2107 3461 2217 3526 jam
2252 3477 2497 3524 aureum,
2534 3456 2734 3528 χρυσοῦν

1730 3538 2042 3607 Plutarcho,
2074 3551 2280 3592 centum
2312 3557 2496 3593 numos
2526 3559 2623 3608 seu
2656 3541 2736 3593 vi-

1727 3620 1867 3692 qinti
1900 3621 2132 3691 quinque
2165 3619 2439 3672 drachmas
2474 3619 2735 3688 valuisse,

1732 3696 2094 3749 ostenderunt.

1803 3775 1851 3828 5.
1892 3773 2141 3828 Militem.
2174 3777 2327 3828 Hanc
2364 3777 2519 3828 unice
2557 3795 2735 3830 veram

1728 3851 1903 3905 habeo
1936 3856 2278 3925 scripturam,
2310 3855 2599 3908 exhibitam
2623 3859 2737 3927 jam

1730 3951 1759 3984 a
1779 3934 1957 3985 Burm.
1978 3944 2030 3987 et
2048 3936 2249 3986 Ernest.
2271 3933 2597 4007 Wolfioque.
2622 3937 2737 3989 Ou-

1730 4010 2056 4084 dendorpius
2076 4051 2092 4078 ‚
2136 4027 2195 4065 ut
2228 4027 2395 4084 puto,
2437 4015 2735 4087 religiosius

1731 4095 1951 4145 servavit
1996 4091 2167 4146 Codd.
2220 4094 2507 4147 lectionem
2552 4096 2735 4168 plero-

1730 4191 1952 4244 rumque
1968 4173 2197 4226 militum
2214 4197 2229 4234 ;
2248 4173 2387 4226 idem
2402 4179 2595 4227 taxavit
2610 4175 2735 4228 Bur·
