3050 5004
652 498 795 587 394
1401 495 1475 559 C.
1524 492 1997 561 SUETONII
2171 585 2178 591 ·

646 620 847 691 cendi
878 636 1095 688 artem
1121 617 1279 714 jure
1310 639 1656 689 concesso.
1695 620 1990 687 Casu-ari
2021 640 2244 687 mares
2279 622 2560 689 vetuit-³.
2597 626 2752 716 Spa-

646 730 907 799 donum
920 781 939 813 ‚
968 732 1087 825 qui
1112 727 1367 799 residui
1392 728 1579 823 apud
1606 752 1980 821 mangones
2011 746 2238 812 erant,
2265 734 2488 823 pretia
2517 731 2756 802 mode-

619 858 835 913 *ratus
866 856 969 909 est
979 839 1029 909 4.
1064 839 1165 909 Ad
1196 864 1542 909 summam
1575 838 1921 937 quondam
1951 839 2334 910 ubertatem
2347 841 2372 881 ⁵
2405 844 2544 916 vini
2561 897 2580 927 ‚
2616 846 2756 914 sru-

648 952 861 1021 menti
897 974 1061 1019 vero
1095 952 1399 1043 inopiam
1412 1002 1432 1033 ,
1468 952 1862 1019 existimans
1895 951 2106 1019 nimio
2143 953 2497 1021 vinearum
2529 953 2756 1023 studio

644 1062 896 1155 negligi
927 1088 1126 1147 arva,
1150 1063 1395 1148 edixit,
1416 1068 1517 1131 Ne
1547 1067 1704 1161 quis
1733 1066 1810 1131 in
1844 1060 2038 1132 Italia
2069 1061 2506 1149 novellaret⁶‚
2541 1082 2756 1163 utque

647 1178 719 1243 in
732 1177 1095 1268 provinciis
1116 1178 1345 1245 vineta
1358 1174 1869 1245 succiderentur
1884 1226 1902 1259 ,
1924 1174 2160 1243 relicta
2171 1226 2188 1257 ,
2209 1174 2720 1269 ubi-plurimum
2735 1232 2752 1261 ,

649 1288 927 1357 dimidia
984 1306 1177 1383 parte
1224 1316 1243 1356 ε
1296 1312 1425 1357 nec
1472 1290 1756 1383 exsequi
1815 1311 1960 1355 rem
2014 1292 2494 1381 perseveravit.
2556 1295 2756 1377 Quae-

646 1398 807 1469 dam
842 1424 927 1469 ex
961 1402 1273 1469 maximis
1314 1401 1553 1469 officiis
1588 1403 1766 1469 inter
1795 1399 2164 1469 libertinos·
2181 1402 2595 1497 Equitesque
2631 1406 2756 1469 Ro-

648 1534 888 1581 manos
918 1515 1442 1581 communicavit
1454 1522 1499 1579 ⁷.
1530 1512 1876 1580 Geminari
1905 1509 2252 1603 legionum
2283 1528 2506 1579 castra
2535 1512 2758 1605 prohi-

646 1618 797 1697 buit
812 1619 873 1689 ⁸:
896 1646 1026 1692 nec
1050 1621 1206 1715 plus
1231 1648 1437 1720 quam
1460 1621 1648 1690 mille
1673 1644 1992 1689 nummos
2019 1646 2062 1691 a
2085 1646 2434 1716 quoquam
2457 1619 2544 1689 ad
2565 1624 2758 1715 signa

646 1842 861 1912 LXVII,
898 1845 959 1911 4,
1003 1860 1057 1899 et
1085 1844 1208 1899 vide
1242 1845 1314 1899 ad
1352 1844 1521 1917 calig.
1559 1842 1657 1899 55.
1746 1842 1859 1897 ker.
1883 1862 1946 1897 ex
1975 1845 2199 1914 August.
2232 1843 2336 1895 loc.
2367 1846 2454 1897 cit.
2488 1857 2540 1896 et
2568 1842 2755 1897 Claud.

720 1922 771 1974 3.
808 1924 1029 1976 castrari
1044 1944 1211 1985 mares
1234 1926 1427 1985 vetuit5
1450 1926 1505 1976 in
1533 1942 1661 1976 con-

648 1999 923 2053 tumeliam
947 2004 1174 2053 maxime
1194 2003 1301 2055 Titi
1330 2004 1505 2055 fratris
1523 2042 1541 2069 ‚
1570 2003 1660 2075 qui

650 2092 891 2133 exsectos
924 2094 1217 2149 amaverat,
1254 2100 1591 2155 nequaquam
1629 2098 1660 2134 a

648 2160 937 2213 foedissima
960 2180 1018 2213 re
1043 2161 1362 2230 abhorrens,
1388 2182 1554 2237 quum
1573 2181 1664 2215 eu-

649 2237 814 2291 nuchi
833 2232 1109 2310 cujusdam
1131 2259 1311 2294 amore
1331 2255 1518 2313 captus
1544 2243 1660 2312 ipse

649 2319 827 2375 fuerit.
858 2320 943 2374 Cf.
970 2318 1169 2392 xiphil.
1199 2320 1413 2387 LXVII,
1443 2339 1499 2385 23
1535 2320 1662 2373 Phi-

648 2398 797 2453 lostr.
818 2402 917 2468 vl,
952 2418 1032 2471 17.
1058 2402 1187 2455 Stat.
1214 2402 1333 2457 Silv.
1360 2404 1449 2471 lv,
1476 2404 1537 2469 3,
1568 2404 1660 2467 13,

756 2494 839 2552 Qui
852 2494 1002 2538 fortem
1014 2504 1127 2538 vetat
1139 2494 1309 2538 interire
1325 2510 1463 2540 sexum
1474 2514 1485 2550 ς

648 2572 875 2625 Martial.
903 2575 1083 2646 Epigr.
1108 2575 1204 2642 VI,
1238 2593 1297 2626 2:

648 2666 733 2711 Nec
746 2667 872 2739 spndp
882 2666 971 2722 jam
982 2698 995 2718 ,
1008 2683 1083 2710 nec
1100 2667 1282 2712 moecbus
1296 2669 1397 2720 erit,
1413 2676 1455 2711 te
1468 2665 1658 2726 preside,

782 2742 1019 2785 qum?

576 2809 581 2814 ’
651 2806 774 2861 coll.
804 2809 879 2876 II,
909 2809 997 2862 60.

722 2902 774 2971 4.
792 2903 1158 2974 Spadonum...
1179 2906 1352 2976 pretia
1370 2906 1662 2960 moderatus

651 2991 758 3044 est,·
791 3000 859 3034 ne
888 2982 1257 3053 magnitudine
1283 2985 1473 3055 pretii,
1512 2984 1664 3055 quod

652 3060 935 3131 capiebant
960 3081 1025 3116 ex
1048 3062 1274 3115 venditis
1304 3063 1663 3134 spadonibus,

652 3140 723 3192 ad
740 3138 877 3208 ‘alios
896 3143 1418 3212 pueros·castrandos
1442 3161 1662 3215 mango·

650 3240 749 3276 nes
792 3223 1158 3277 invitarentur.
1205 3223 1434 3278 Martial.
1478 3227 1659 3297 Epigr.

651 3301 752 3370 IX,
783 3320 813 3373 7
828 3340 845 3371 ²

732 3397 826 3438 Nou
838 3411 941 3454 puer
954 3397 1067 3440 avari
1079 3405 1213 3440 sectus
1224 3406 1313 3440 arte
1324 3400 1540 3456 mangonis

732 3457 953 3501 Virilitatis
966 3457 1117 3501 damna
1130 3467 1274 3501 moeret
1286 3468 1447 3516 erepta.

654 3535 738 3588 cf.
763 3537 987 3605 Quintil.
1006 3539 1133 3590 Inst.
1154 3542 1219 3606 V,
1248 3555 1339 3606 ια,
1366 3556 1449 3610 17,
1474 3559 1495 3585 ι
1512 3537 1662 3590 Man-

653 3616 919 3686 eipiorum
942 3619 1300 3688 negotiatores
1323 3618 1508 3669 formae
1532 3636 1662 3689 pue-

656 3712 841 3747 rorum
859 3733 877 3762 ,
918 3695 1162 3750 virilitate
1204 3699 1381 3750 excisa
1400 3737 1418 3765 ‚
1456 3695 1659 3753 lenoci-

654 3789 867 3828 nantur.
887 3798 911 3823 n

726 3869 779 3922 5.
814 3869 907 3924 Ad
929 3889 1185 3926 summam
1214 3873 1481 3944 quondam
1514 3873 1662 3925 uber·-

655 3962 851 4018 utm,
881 3963 981 4003 etc.
1006 3951 1090 4002 Al.
1116 3952 1403 4026 quandam.
1434 3951 1541 4004 Sed
1568 3971 1662 4004 eo-

655 4027 779 4082 dem
822 4029 987 4084 modo
1032 4033 1257 4104 August.
1308 4033 1375 4101 4²
1403 4071 1419 4100 ‚
1467 4051 1664 4107 tna-qna

656 4113 921 4186 quondam
948 4111 1233 4168 sterilitate.
1269 4113 1517 4167 Ceterum
1553 4131 1662 4166 nou

658 4191 957 4246 necessaria
973 4203 1053 4244 est
1067 4193 1331 4246 correctio
1342 4231 1361 4262 ,
1376 4209 1539 4266 quam
1559 4193 1665 4246 Du·

1755 1924 1816 1975 18
1834 1962 1850 1990 ‚
1873 1925 2064 1997 artiore
2089 1942 2338 1988 annona,
2369 1916 2576 1975 induitit
2591 1962 2608 1987 ‚
2636 1945 2659 1969 ιι
2681 1926 2759 1977 Ac

1748 2019 1950 2053 summa
1969 1998 2236 2073 qnondam
2257 2002 2488 2055 ubertate
2502 2004 2636 2069 vini,
2655 2002 2760 2054 fru-

1749 2082 1914 2132 menti
1923 2082 2049 2133 νει-ὸ
2062 2080 2258 2151 inopia.
2269 2104 2291 2129 a·
2305 2083 2612 2133 Promiscua
2621 2083 2760 2132 enim

1749 2160 1946 2213 Latinis
1985 2173 2213 2230 utraque
2257 2162 2431 2227 ratio,
2469 2174 2529 2212 ut
2563 2159 2760 2211 Graecis

1749 2236 1831 2290 vel
1857 2240 2076 2311 genitivi
2105 2236 2363 2303 absoluti,
2392 2237 2472 2290 vel
2499 2239 2762 2309 genitivus

1750 2329 1841 2368 aut
1882 2316 2088 2368 dativus
2129 2334 2254 2367 cum
2293 2314 2762 2388 praepositionibus

1711 2414 1723 2429 ’
1747 2395 1834 2446 ι’πί
1853 2395 1934 2447 vel
1960 2395 2026 2449 iv.

1820 2490 1872 2544 6.
1911 2493 1997 2545 Ne
2024 2492 2239 2564 quis.
2272 2489 2590 2551 novellaret;
2619 2488 2672 2542 h.
2709 2510 2760 2544 e.

1749 2591 1914 2625 novas
1931 2575 2112 2624 vineas
2133 2572 2413 2644 plantaret.
2435 2569 2606 2622 Aliam
2633 2589 2766 2622 cau-

1751 2669 1862 2703 sam
1881 2651 2044 2721 huJus
2065 2650 2248 2717 edicti,
2269 2649 2588 2702 seditionum
2611 2651 2764 2701 uimi-

1749 2747 1866 2781 rum
1888 2731 2162 2780 materiam
2187 2749 2251 2780 ex
2273 2729 2381 2780 vini
2402 2727 2764 2796 abundantia,

1752 2826 2165 2879 successumque
2181 2806 2426 2879 sophista}
2439 2805 2766 2878 Scopeliani,

1751 2906 1813 2940 ea
1856 2887 1924 2939 de
1967 2906 2024 2938 re
2068 2885 2138 2936 ad
2177 2888 2541 2942 Domitianum
2579 2887 2725 2939 missi
2747 2925 2765 2954 ,

1751 2977 1934 3018 narrat
1969 2963 2218 3017 Philostr.
2257 2963 2508 3036 Apollon.
2535 2965 2637 3030 VI,
2677 2983 2762 3036 17.,

1753 3057 1804 3096 et
1828 3046 1934 3095 vit.
1962 3041 2192 3115 Sophist.
2219 3061 2342 3115 pag.
2370 3043 2490 3096 521.

1825 3157 1875 3211 7.
1918 3139 2367 3201 Communicavit‚·
2395 3138 2451 3191 id
2477 3151 2584 3205 est,
2614 3157 2768 3189 com-

1751 3220 1932 3272 munia
1957 3219 2114 3284 fecit,
2144 3215 2384 3284 inchoes,
2410 3231 2472 3270 ut
2497 3215 2765 3270 libertinis

1751 3317 1902 3371 :eque
1921 3311 2083 3370 atque
2103 3296 2382 3369 Equitibus
2404 3299 2655 3348 Romanis
2676 3313 2768 3348 ac·

1753 3378 1931 3448 cipere
1955 3391 2010 3429 et
2034 3376 2399 3429 administrare
2422 3374 2512 3427 illa
2537 3393 2768 3426 munera

1751 3453 1968 3526 liceret{
2018 3477 2135 3529 quae
2179 3459 2395 3530 proprie
2441 3456 2764 3508 Senatorum

1752 3541 1978 3594 fuerant.
2032 3538 2242 3592 Insulsa
2285 3552 2368 3592 est
2412 3538 2570 3590 lectio
2618 3538 2760 3610 vulg.

1751 3618 2044 3692 militesque
2079 3619 2372 3682 Romanos,
2415 3619 2472 3671 in
2515 3635 2620 3688 qua
2663 3615 2764 3668 de·

1752 3697 1860 3750 lere
1899 3697 2084 3750 maluit
2125 3698 2434 3750 Torrentius
2469 3698 2762 3762 Romanos,

1753 3795 1916 3849 quam
1943 3779 2182 3848 recipere
2211 3795 2274 3828 ex
2305 3777 2519 3846 optimis
2552 3772 2762 3825 Codici-

1749 3855 1850 3910 bus
1871 3857 2102 3930 Equites.

1824 3957 1876 4010 8.
1901 3956 2174 4009 Geminam-i
2189 3940 2454 4030 legionum
2469 3963 2632 4006 casem
2645 3969 2762 4021 pm-

1755 4033 1956 4096 hilum,-
2001 4033 2054 4086 h.
2097 4053 2144 4086 e.
2188 4034 2390 4099 vetuit,
2431 4034 2488 4084 in
2521 4029 2760 4083 hibernis

1753 4114 1886 4166 duas
1909 4113 2144 4186 legiones
2167 4115 2224 4166 in
2243 4111 2430 4166 eadem
2450 4125 2628 4165 ‘castra
2651 4111 2759 4162 coi·
2847 4169 2856 4174 ὁ

1750 4211 1834 4260 re,
1859 4192 2184 4246 seditionum
2209 4205 2367 4246 metu.
2391 4195 2508 4246 Huc
2528 4193 2670 4246 enim
2687 4207 2762 4244 re-
