3050 5004
1064 429 1702 532 DOMITIANUS.
2299 475 2428 560 4¹7

335 589 872 661 comissaretur4.
914 595 1085 660 Nam
1118 589 1207 658 ad
1242 591 1483 658 horam
1520 593 1742 658 somni
1777 589 1946 659 nihil
1980 591 2196 679 aliud,
2229 619 2434 690 quam

336 701 523 772 solus
554 718 815 772 secreto
841 700 1336 770 deambulabat.

430 817 645 884 XXII.
692 811 1017 882 Libidinis
1046 815 1275 881 nimiae
1295 822 1339 896 ¹,
1368 809 1830 880 assiduitatem
1855 813 2255 882 concubitus
2273 869 2290 898 ‚
2325 841 2439 883 ve-

337 923 441 992 lut
478 927 967 994 exercitationis
1004 949 1221 1017 genus
1238 977 1257 1006 ,
1290 917 1649 1017 clinopalen
1677 925 1984 993 vocabat.
2019 929 2312 1021 Eratque
2345 929 2443 994 fa·-

338 1059 487 1118 ma‚
524 1038 718 1130 quasi
753 1035 1169 1105 >concubinas
1201 1039 1347 1127 ipse
1381 1032 1748 1101 develleret
1761 1051 1808 1114 ²,
1842 1051 2238 1131 nataretque
2272 1041 2446 1104 inter

340 1143 835 1236 vulgatissimas
858 1147 1269 1212 meretrices,
1296 1143 1549 1210 Fratris
1571 1141 1818 1210 filiam³
1835 1142 2061 1212 adhuc
2083 1149 2410 1238 virginem
2427 1203 2444 1228 ‚

340 1256 639 1326 oblatam
670 1261 741 1325 in
774 1259 1279 1326 matrimonium
1313 1257 1471 1339 sibi,
1504 1281 1724 1351 quum
1756 1255 2108 1325 devinctus
2139 1262 2448 1328 Domituoe

344 1371 601 1462 nuptiis
654 1365 1183 1461 pertinacissime
1228 1383 1639 1448 recusasset,
1687 1389 1828 1434 nou
1875 1368 2092 1436 multo
2136 1385 2294 1462 post
2337 1369 2449 1438 alii

347 1477 741 1548 collocatam
763 1532 782 1565 ‚
829 1483 1130 1572 corrupit
1170 1479 1385 1564 ultro,
1432 1497 1500 1547 et
1539 1477 1820 1575 quidem
1865 1483 2019 1549 vivo
2063 1484 2264 1549 etiam
2303 1499 2450 1548 tum

345 1592 535 1658 Tito:
564 1615 723 1660 mox
744 1608 934 1684 patre
956 1616 1037 1660 ac
1058 1593 1205 1658 viro
1232 1585 1540 1658 orbatam
1557 1643 1574 1673 ,
1600 1589 2065 1659 ardentissime
2093 1590 2453 1685 palamque

349 1698 611 1784 dilexit,
657 1718 737 1770 ut
774 1705 979 1769 etiam
1016 1725 1219 1770 causa
1254 1703 1493 1768 mortis
1532 1702 1890 1786 exstiterit,
1931 1719 2176 1770 coactae
2216 1725 2456 1768 conce-—

346 1814 589 1907 ptum4
612 1839 655 1882 a
682 1839 755 1882 se
782 1813 1072 1908 abigere.

442 1929 683 1992 xxm.
727 1926 1045 1993 Occisum
1065 1949 1221 1993 eum
1245 1924 1542 2018 populus
1565 1925 2061 2010 indifferenter,
2088 1927 2282 1994 miles
2302 1949 2456 2018 gra-

348 2037 620 2102 vissime
642 2035 825 2119 tulit,
855 2039 1216 2130 statimque
1238 2039 1481 2102 Divum
1504 2035 1851 2128 appellare
1873 2054 2156 2104 conatus
2181 2053 2312 2120 est3
2342 2060 2457 2128 pa-

344 2162 539 2214 ratus
560 2162 628 2213 et
648 2133 913 2231 ulcisci,
933 2149 1063 2216 nisi
1082 2147 1291 2218 duces
1310 2145 1722 2216 defuissent:
1751 2147 1935 2242 quod
1956 2146 2228 2242 quidem
2252 2147 2458 2238 paulo

350 2273 511 2349 post
540 2257 726 2340 fecit,
768 2257 1209 2352 expostulatis
1246 2257 1335 2326 ad
1368 2280 1642 2350 poenam
1681 2259 2216 2348 pertinacissime
2255 2253 2462 2322 caedis

348 2367 741 2435 auctoribus
760 2376 801 2434 ¹.
826 2373 1077 2436 Contra
1102 2372 1385 2438 Senatus
1411 2363 1588 2434 adeo
1617 2363 1883 2432 laetatus
1907 2381 2038 2448 est,
2065 2381 2173 2447 ut,
2200 2363 2460 2457 repleta

354 2478 661 2547 certatim
679 2479 878 2547 Curia
894 2530 911 2562 ‚
938 2504 1077 2547 non
1100 2491 1542 2571 temperaret,
1565 2479 1730 2571 quin
1753 2492 2098 2543 mortuum
2118 2492 2462 2543 contume-

350 2588 715 2657 liosissimo
738 2606 945 2685 atque
970 2589 1401 2657 acerbissimo
1424 2586 1990 2653 acclamationum
2017 2608 2260 2677 genere
2287 2585 2460 2654 lace-

423 2752 475 2821 4.
520 2754 897 2808 oomimmtar.
927 2753 1063 2807 Vide
1091 2752 1157 2806 ad
1178 2752 1352 2806 Vitell.

348 2850 415 2887 ca
458 2870 471 2883 .
510 2832 589 2885 13.

416 2852 589 2965 ΕὶΧΠ.
621 2931 666 2965 t.
704 2913 957 2966 Libidinis
982 2914 1177 2965 nimia.
1202 2913 1355 2965 Conf.

352 2990 558 3063 xiphil.
586 2994 800 3059 van,
824 2992 879 3045 6.

430 3088 479 3123 2.
507 3070 830 3134 Beneuen-et,-
853 3072 907 3124 h.
935 3091 981 3124 e.
1006 3070 1247 3139 velleret,
1271 3070 1363 3123 de-

348 3151 563 3225 pilaret.
587 3154 771 3225 Inepte
798 3152 866 3205 al.
890 3152 1169 3205 divelleret.

426 3232 481 3285 3.
508 3230 897 3305 Fratriefiliam
911 3254 930 3293 ,-
954 3232 1165 3284 sutiam.
1192 3231 1367 3284 Collo·

350 3326 473 3366 cata
496 3313 673 3365 fuerat
694 3313 873 3365 Flavio
895 3311 1093 3364 Sabino
1110 3310 1269 3383 (vide
1294 3311 1364 3365 ed

352 3410 477 3464 cap.
514 3392 635 3463 to),
662 3380 945 3445 interemto
982 3407 1011 3442 a
1041 3392 1363 3444 Domitiano.

355 3472 519 3525 Cone.
572 3471 825 3543 xiphilin.
876 3472 1065 3522 van
1080 3508 1097 3535 .,
1155 3471 1187 3523 3
1205 3510 1221 3537 ,
1272 3470 1368 3523 ubi

353 3554 686 3614 Reium-tun,
706 3553 903 3604 erroris
920 3562 1223 3620 arguentem
1246 3549 1368 3601 Phi-

354 3632 561 3685 lostrat.
606 3632 701 3702 qui
738 3632 864 3697 vn,
909 3646 939 3699 7
957 3668 974 3696 ‚
1015 3642 1139 3701 post
1179 3647 1367 3681 necem

354 3708 563 3776 sabini,
594 3708 811 3761 ductam
845 3726 957 3761 esse
982 3708 1177 3760 sutiam
1202 3726 1233 3759 a
1256 3711 1365 3761 Do·

352 3789 577 3840 mitiano
594 3822 613 3854 ‚
658 3788 979 3859 nuptiasque
1019 3786 1089 3839 ab
1126 3786 1367 3859 Ephesiis

356 3866 655 3921 celebratas
682 3864 863 3919 tradit.

430 3945 483 4012 4.
508 3948 857 4016 Οοηοερεαηις
876 3946 911 3997 i.
934 3963 981 3997 e.
1002 3946 1215 4013 fimum,
1242 3944 1369 3999 sub-

356 4027 603 4081 stantive.
636 4024 771 4078 vide
802 4022 999 4078 Duker.
1030 4037 1083 4077 et
1118 4022 1367 4083 Oudend.

356 4105 491 4159 Ptin.
514 4106 681 4178 Epist.
706 4107 795 4170 IV,
826 4121 847 4155 t
863 4123 911 4173 1,
932 4104 995 4172 6,
1028 4128 1053 4152 ι
1072 4122 1239 4176 quum
1256 4106 1370 4177 ipse

356 4186 537 4239 fratris
556 4184 717 4238 filiam
736 4186 942 4237 incesto
965 4203 1076 4237 non
1094 4182 1373 4257 polluisset

550 4276 645 4342 II.

1451 2750 1640 2817 solum,
1651 2767 1838 2803 verum
1849 2752 2006 2803 etiam
2019 2748 2296 2803 occidisset
2310 2772 2323 2811 ;
2338 2770 2458 2803 nam

1450 2829 1614 2883 vidua
1654 2830 1844 2883 abortu
1885 2832 2076 2903 periit,
2102 2854 2125 2878 a
2176 2830 2268 2882 ubi
2311 2832 2460 2885 nullo

1450 2910 1624 2963 modo.
1636 2910 1960 2965 admittenda
1981 2910 2283 2964 emendatio
2301 2914 2464 2965 Hein-

1452 2993 1515 3043 sii
1539 3008 1663 3045 nam
1693 2992 1844 3044 biduo
1863 2994 1930 3045 ab
1950 2992 2138 3045 'abortu
2156 2994 2329 3066 periit.
2351 2994 2464 3045 Ma-

1451 3072 1588 3122 xima
1621 3073 1762 3123 enim
1787 3073 1867 3123 vis
1895 3086 1975 3125 est
2002 3073 2056 3123 in
2085 3073 2250 3125 verbo
2288 3074 2458 3126 vidua.

1452 3150 1535 3203 Ne
1571 3150 1783 3222 gravida
1822 3152 2034 3223 quidem
2073 3170 2191 3205 esse
2231 3150 2465 3205 debebat
2525 3212 2541 3219 ,

1453 3231 1630 3285 vidua.
1665 3232 1747 3284 Cf.
1788 3234 1946 3285 etiam
1975 3234 2198 3285 Gesner.
2235 3232 2302 3285 ad
2333 3230 2386 3285 h.
2427 3234 2462 3285 l.

1454 3310 1738 3378 Ceterum,
1784 3330 1895 3363 non
1936 3312 2178 3365 dissentit
2221 3313 2460 3364 Juvenal.

1454 3390 1562 3442 Sat.
1591 3392 1664 3457 11,
1687 3390 1752 3443 32
1772 3428 1789 3454 .,

1456 3484 1596 3541 Quum
1618 3488 1683 3525 tot
1699 3482 1917 3526 abortivis
1937 3482 2156 3528 fecundam
2173 3486 2278 3529 ,tutta
2299 3486 2464 3528 vulvum

1457 3544 1643 3588 Solveret
1654 3576 1665 3595 .
1680 3555 1724 3586 et
1737 3555 1883 3602 patruo
1897 3546 2051 3589 similet
2064 3547 2298 3591 effunderet.
2310 3548 2428 3590 offas.

1459 3626 1562 3678 Tot
1573 3625 1804 3677 abortiva
1820 3628 1962 3679 enim
1977 3621 2104 3680 sunt'
2116 3626 2466 3680 medicamen·

1456 3718 1539 3772 ta,
1577 3724 1692 3776 quae
1721 3706 2020 3759 effecerunt
2050 3708 2322 3775 abortum,
2353 3727 2464 3759 non

1454 3785 1636 3857 plures
1660 3784 1898 3839 abortus.
1919 3786 2052 3839 Vide
2073 3786 2150 3837 ibi
2172 3788 2391 3859 Rupert.

1527 3864 1716 3917 xxm.
1748 3883 1794 3916 ι.
1831 3866 2286 3939 Expostulatis.....
2315 3866 2467 3919 eoedt's

1456 3946 1766 4000 auctoribus.
1791 3946 1992 4013 Victor,
2021 3948 2161 4019 Epit.
2199 3946 2327 4013 ΧΠ,
2370 3948 2430 4015 14
2448 3988 2466 4015 ,

1464 4024 1734 4093 «Milites,
1773 4023 2019 4096 neglecto
2063 4028 2339 4099 Principe,
2380 4046 2465 4079 re-

1460 4106 1716 4177 quisitos,
1751 4106 2060 4159 Petronium
2099 4104 2342 4176 (Petron.
2373 4108 2467 4159 Se-

1461 4184 1688 4239 cundum
1699 4224 1719 4253 ,
1739 4187 2048 4240 Praefectum
2070 4188 2346 4255 Proetorio,
2364 4190 2464 4241 Eu·

2103 4302 2184 4367 27
