3050 5004
667 471 798 537 218
1425 470 1496 534 C.
1550 469 2013 536 SUETONH

661 596 1062 665 defunctum
1095 618 1166 661 se
1195 592 1508 663 fatalibus
1546 596 1737 663 malis
1777 594 2220 666 existimabat.
2254 603 2343 665 Ut
2372 622 2565 678 vero,
2594 623 2756 667 con-

663 706 840 775 sulto
862 705 1138 797 Delphis
1155 705 1464 797 Apolline
1477 758 1494 787 ‚
1521 711 2093 801 septuagesimum
2108 732 2191 775 ac
2209 710 2479 777 tertium
2498 733 2757 777 annum

660 818 1036 886 cavendum
1063 816 1189 885 sibi
1206 868 1223 899 ,
1249 816 1537 901 audivit,
1563 822 1756 913 quasi
1788 844 1871 887 eo
1898 818 2175 887 demum
2200 820 2529 905 obiturus,
2554 846 2635 889 ac
2658 825 2759 889 ni—

660 926 756 994 hil
793 926 1176 1021 conjectans
1214 924 1299 995 de
1341 943 1537 995 aetate
1570 929 1834 1013 Galbae,
1873 946 2057 997 tanta
2094 928 2341 997 fiducia
2381 955 2521 998 non
2552 931 2757 1003 modo

660 1056 999 1107 senectam
1017 1090 1034 1121 ‚
1064 1036 1184 1105 sed
1213 1040 1414 1105 etiam
1442 1054 1841 1133 perpetuam
1874 1040 2423 1135 singularemque
2451 1047 2759 1135 concepit

657 1149 1040 1217 felicitatem
1063 1202 1081 1233 ‚
1123 1166 1200 1217 ut
1223 1202 1240 1234 ,
1279 1152 1543 1218 amissis
1586 1150 1937 1243 naufragio
1975 1154 2473 1244 pretiosissimis
2510 1153 2753 1238 rebuS,

659 1287 795 1329 non
824 1252 1228 1331 dubitaverit
1253 1266 1430 1331 inter
1457 1286 1619 1331 suos
1648 1262 1871 1331 dicere
1888 1316 1904 1346 ,
1934 1294 1961 1323 α
1980 1266 2198 1357 pisces
2223 1288 2335 1333 eas
2360 1265 2489 1333 sibi
2512 1264 2757 1333 relatu-

656 1391 766 1439 ros
781 1369 829 1438 ⁶.
846 1402 872 1432 υ
897 1370 1176 1463 Neapoli
1193 1382 1216 1421 ⁷
1245 1370 1330 1438 de
1357 1386 1549 1438 motu
1572 1370 1942 1439 Galliarum
1962 1376 2276 1465 cognovit
2296 1373 2404 1442 die
2418 1377 2590 1467 ipso,
2616 1399 2763 1470 quo

655 1498 940 1550 matrem
975 1479 1386 1549 occiderat⁸:
1433 1480 1741 1577 adeoque
1783 1482 2005 1551 lente9
2051 1508 2131 1551 ac
2168 1508 2403 1553 secure
2441 1484 2627 1569 tulit,
2679 1502 2759 1554 ut

653 1591 1008 1685 gaudentis
1050 1595 1253 1661 etiam
1289 1594 1746 1685 suspicionem
1784 1590 2150 1685 praeberet,
2196 1610 2525 1688 tanquam
2564 1618 2754 1663 occa»

651 1706 843 1771 sione
895 1720 1054 1771 nata
1111 1704 1620 1796 spoliandarum
1670 1702 1827 1797 jure
1872 1704 2035 1773 belli
2086 1706 2757 1799 opulentissimarum

651 1816 1150 1907 provinciarum
1171 1827 1245 1883 ¹⁰.
1295 1820 1667 1911 Statimque
1710 1819 1781 1884 in
1829 1821 2259 1911 gymnasium
2304 1842 2703 1912 progressus
2728 1874 2750 1903 ‚

649 1942 984 1994 certantes
1041 1926 1330 1994 athletas
1381 1927 1788 1995 effusissimo
1845 1926 2073 1996 studio
2124 1931 2474 2021 spectavit.
2530 1934 2753 1997 0211oe

650 2061 922 2131 quoque
963 2052 1268 2129 tempore
1309 2036 1775 2129 interpellatus
1822 2038 2455 2119 tumultuosioribus
2500 2038 2711 2107 literis
2730 2092 2750 2121 ‚

651 2145 978 2214 hactenus
1011 2145 1403 2229 excanduit,
1433 2162 1511 2213 ut
1536 2145 1793 2214 malum
1818 2150 1894 2214 iis
1912 2199 1929 2231 ,
1966 2152 2083 2243 qui
2114 2147 2509 2229 descissent,
2536 2151 2753 2215 mina·-

649 2274 858 2325 retur.
909 2260 1219 2353 Denique
1259 2282 1384 2351 per
1427 2274 1581 2326 octo
1622 2262 1979 2327 continuos
2021 2258 2169 2327 dies
2208 2282 2347 2328 non
2384 2259 2754 2327 rescribere

649 2372 966 2463 cuiquam
983 2424 999 2454 ,
1026 2394 1164 2437 non
1189 2368 1512 2437 mandare
1538 2369 1702 2466 quid
1730 2386 1849 2438 aut
1875 2374 2241 2465 praecipere
2266 2387 2579 2454 conatus,
2604 2394 2753 2437 rem

648 2479 914 2549 silentio
951 2479 1352 2550 obliteravit.

741 2595 913 2658 XLI.
946 2592 1196 2661 Edictis
1221 2589 1496 2659 tandem
1509 2590 1809 2659 Vindicis
1834 2590 2335 2660 contumeliosis
2355 2608 2422 2659 et
2443 2591 2755 2687 frequen-

648 2698 828 2769 tibus
857 2719 1204 2793 permotus
1222 2756 1238 2786 ,
1266 2705 1587 2772 Senatum
1610 2703 1893 2794 epistola
1916 2705 1986 2769 in
2011 2698 2337 2770 ultionem
2362 2705 2468 2770 sui
2494 2705 2753 2811 Pfeique

649 2811 940 2905 publicae
989 2813 1386 2881 adhortatus
1437 2829 1571 2896 est,
1629 2829 1947 2882 excusato
2001 2812 2325 2906 languore
2378 2831 2395 2861 ¹
2416 2815 2749 2898 faucium,

649 2938 927 3016 propter
973 2947 1180 3017 quem
1224 2947 1364 2990 non
1419 2923 1705 2991 adesset.
1760 2923 1941 2991 Nihil
1988 2940 2215 2992 autem
2262 2947 2455 3020 aeque
2500 2921 2749 3008 doluit,

642 3056 854 3127 quam
883 3051 963 3100 ut
987 3031 1242 3100 malum
1271 3057 1345 3100 se
1373 3032 1816 3101 citharoedum
1834 3051 1859 3081 ²
1898 3035 2333 3127 increpitum,
2369 3057 2451 3101 ac
2471 3058 2595 3127 pro
2621 3039 2753 3100 Ne-

645 3167 812 3210 rone
835 3143 1294 3211 AEnobarbum
1317 3143 1761 3236 appellatum.
1792 3151 1875 3213 Et
1899 3169 2145 3213 nomen
2167 3144 2443 3240 quidem
2467 3141 2713 3236 gentile
2730 3197 2749 3227 ,

643 3253 834 3349 quod
867 3254 991 3322 sibi
1020 3279 1144 3348 per
1172 3253 1647 3323 contumeliam
1684 3255 2242 3350 eitprobraretuffi
2285 3271 2749 3322 resumturum

643 3389 722 3432 se
757 3367 1100 3459 professus
1139 3383 1272 3449 est,
1307 3365 1617 3459 deposito
1654 3366 1996 3460 adoptive.
2034 3369 2271 3436 Cetera
2300 3369 2637 3448 convicia„
2657 3383 2754 3432 'ut

714 3538 769 3590 6.
804 3539 1654 3611 Pisces...relatums.Comparant
1762 3585 1769 3590 .
1815 3557 1866 3609 9.
1906 3541 2151 3612 Adeoque
2192 3538 2365 3600 lente,·
2414 3535 2485 3590 ad
2530 3537 2749 3590 verbum

647 3618 962 3672 fabulamde
973 3619 1464 3694 annuloPolycratis
1475 3623 1652 3687 Samii,
1744 3636 1873 3683 nos,
1896 3637 2019 3670 avec
2045 3628 2162 3668 tant
2180 3615 2593 3689 d'indiffdrence.

644 3717 805 3770 quam
829 3702 992 3753 refert
1015 3699 1268 3752 Herodot.
1295 3703 1394 3766 111,
1420 3702 1482 3769 41
1501 3721 1613 3772 seq.
1675 3711 1703 3772 ‚⁶
1822 3713 1901 3749 10.
1928 3698 2203 3770 Tanquam
2216 3697 2481 3750 occasione
2492 3707 2621 3748 nata
2632 3713 2749 3766 spo·

721 3796 770 3848 7.
807 3779 1064 3853 Neapoli,
1097 3779 1647 3852 etc.Cf.Xiphil.cap.
1740 3778 2037 3830 liundorum
2043 3814 2137 3830 .....
2148 3777 2577 3851 provinciarum.
2612 3775 2751 3829 vide

655 3859 744 3920 263
769 3858 1033 3911 Plutarch.
1057 3858 1212 3911 Galb.
1239 3879 1286 3910 c.
1312 3858 1361 3911 5.
1740 3857 2006 3910 Plutarch.
2021 3856 2176 3909 Galb.
2194 3856 2229 3907 l.
2249 3854 2507 3926 exiphil.
2525 3873 2643 3924 cap.
2660 3855 2747 3908 ²6.

723 3939 772 3989 8.
809 3939 965 3990 Die...
995 3957 1100 4015 qno
1123 3948 1342 3990 matrem
1365 3939 1653 4000 occidet-an
1811 3939 1943 3989 xm.
1982 3955 2027 3990 ι.
2056 3937 2317 3990 Excusat«)
2347 3936 2601 4010 languore
2614 3935 2753 4006 fau-

647 4033 826 4067 mense
849 4018 1224 4086 igitur-Martio
1239 4057 1255 4084 ,
1275 4019 1330 4069 in
1351 4035 1508 4087 quem
1525 4018 1653 4069 inci·
1740 4019 1915 4085 ciunt,
1934 4030 2035 4070 etc.
2060 4016 2143 4068 cf.
2162 4015 2367 4086 xiphil.
2396 4033 2519 4085 cap.
2548 4015 2638 4065 cit.

651 4093 848 4146 debant
887 4097 1270 4169 Quinquatrus.
1309 4098 1386 4149 Cf.
1427 4099 1647 4169 August.
1816 4115 1863 4150 a.
1906 4099 2079 4167 Quam
2104 4106 2163 4148 ut
2194 4095 2395 4147 malum
2426 4113 2479 4146 σε
2506 4093 2749 4146 citharoe-

647 4190 713 4240 7ι
732 4211 749 4238 ,
779 4187 830 4226 et
857 4193 1014 4246 supra
1039 4197 1086 4228 c·
1113 4177 1199 4244 43.
1740 4179 1893 4241 dum,
1924 4189 2025 4230 etc.
2054 4175 2296 4230 Philostr-
2324 4173 2571 4247 Apollon.
2597 4176 2665 4240 V,
2692 4174 2745 4225 3.
