3050 5004
1192 467 1485 534 OTHO.

2251 471 2384 559 287

294 597 481 664 natui
522 595 654 664 fuit
688 592 1041 664 mittendoe
1072 593 1427 687 legationis
1444 609 1470 642 ²
1484 647 1503 678 ,
1545 617 1702 690 quoe
1743 591 2018 664 doceret
2035 647 2054 680 ,
2099 595 2392 666 electum

283 705 427 800 jam
463 709 877 800 Principem3
922 710 1219 802 quietem
1252 723 1321 776 et
1351 706 1782 776 concordiam
1815 707 2152 778 suaderet.
2185 713 2272 776 Et
2299 725 2394 778 ta-

287 844 447 888 men
471 843 597 913 per
616 821 1081 888 internuncios
1104 841 1186 887 ac
1208 818 1437 888 literas
1452 867 1471 900 ,
1502 831 1884 888 consortem
1907 820 2174 912 imperii
2199 844 2396 912 gene-

288 953 582 1026 rumque
618 953 693 998 se
728 927 1001 998 Vitellio
1030 927 1277 998 obtulit
1296 929 1347 996 3.
1387 932 1647 997 Verum
1685 928 1870 998 haud
1919 927 2130 998 dubio
2168 928 2348 998 bello
2369 983 2390 1014 ‚

283 1037 563 1136 jamque
584 1039 875 1110 ducibus
898 1055 967 1108 et
990 1042 1201 1133 copiis
1222 1089 1241 1122 ,
1268 1063 1441 1134 quas
1462 1037 1772 1108 Vitellius
1805 1043 2256 1133 praemiserat,
2281 1065 2394 1134 ap-

288 1149 909 1246 propinquantibus
926 1148 988 1233 4,
1012 1152 1323 1218 animum
1346 1149 1689 1245 fidemque
1712 1153 2275 1242 praetorianorum
2295 1176 2394 1220 er-

254 1257 261 1267 '
290 1284 375 1353 fla
392 1283 471 1330 se
489 1283 695 1353 paene
718 1262 1183 1328 internecione
1206 1259 1608 1353 amplissimi
1633 1260 1890 1330 ordinis
1913 1279 2232 1355 expertus
2263 1277 2388 1332 est.

290 1374 375 1440 Et
393 1369 747 1465 placuerat
768 1371 793 1416 ⁵
816 1393 941 1464 per
963 1370 1340 1440 classiarios
1368 1394 1560 1440 arma
1586 1372 1936 1441 transferri
1954 1427 1972 1458 ,
2005 1376 2394 1467 remittique

290 1479 575 1548 navibus
588 1480 641 1545 ⁶.
677 1483 771 1548 Ea
802 1503 1017 1574 quum
1049 1481 1122 1546 in
1154 1483 1389 1548 castris
1424 1479 1554 1547 sub
1587 1494 1860 1548 noctem
1883 1499 2394 1574 promerentur,

288 1697 421 1754 Vide
428 1697 583 1754 Galb.
604 1697 883 1765 163vite11.
897 1715 959 1770 9;
973 1699 1141 1754 Tacit.
1158 1701 1293 1752 nist.

288 1783 345 1850 1,
368 1781 441 1836 60
462 1800 577 1853 seq.

360 1877 409 1913 2.
446 1859 703 1914 Auctor...
722 1859 841 1932 ficit
860 1858 1127 1912 mittendae
1158 1857 1297 1933 lega·

286 1940 467 2006 tionss,
484 1952 589 1994 etc.
604 1940 772 1994 Tacit.
789 1958 837 1992 e.
858 1939 951 2009 74:
979 1962 1002 1986 ιι
1018 1937 1193 2006 Otho,
1212 1957 1297 1991 re-

286 2023 525 2082 vocatis,
550 2037 685 2092 quos
702 2018 873 2074 Galba
893 2021 1135 2086 miserat,
1158 2019 1296 2090 lega·

286 2100 381 2168 tis,
400 2117 583 2153 rursus
604 2099 739 2152 alios
763 2099 833 2152 ad
853 2111 1140 2172 utrumque
1162 2099 1295 2152 Ger-

285 2181 555 2234 manicum
569 2180 858 2232 exercitum
877 2193 930 2232 et
943 2177 1015 2232 ad
1030 2179 1295 2250 legionem

284 2259 525 2314 Italicam
544 2277 757 2331 easque,
778 2277 893 2331 quoe
908 2257 1153 2330 Lugduni
1174 2275 1297 2330 age-

286 2339 449 2408 bant,
486 2342 675 2412 copias
696 2339 861 2414 specie
884 2341 1102 2394 Senatus
1135 2341 1290 2392 misit.

285 2422 470 2493 Legati
499 2419 645 2493 apud
668 2418 937 2473 Vitellium
966 2437 1295 2486 remansere,

284 2501 575 2571 promtius,
597 2516 757 2571 quam
772 2511 831 2550 ut
845 2492 1037 2551 reten'ti
1048 2494 1296 2550 videren-

286 2592 390 2633 tur.
418 2580 750 2644 Protei-iani,
775 2597 939 2651 quos,
960 2596 1057 2650 per
1074 2577 1295 2630 simula-

285 2660 487 2713 tionem
516 2659 707 2727 officii,
728 2658 915 2731 legatis
937 2656 1081 2713 Otho
1114 2657 1296 2727 adjun-

285 2755 436 2795 xerat
454 2780 473 2809 ‚
513 2741 755 2807 remissi,
796 2752 1083 2810 antequam
1122 2738 1292 2811 legio·

284 2820 445 2876 nibus
470 2824 873 2875 miscerentur.»
909 2821 989 2873 cf.
1024 2818 1291 2875 Plutarch.

284 2902 412 2957 Oth.
440 2922 561 2975 cap.
580 2903 617 2970 4
631 2937 650 2968 ,
673 2915 729 2955 et
752 2900 825 2955 ad
846 2900 1029 2955 locum
1050 2914 1293 2955 nostrum

286 2982 589 3057 Baumgart.

355 3063 409 3117 ³.
445 3064 523 3117 Et
546 3076 721 3117 samen
744 3080 843 3136 per
866 3062 1290 3117 internuncios...

286 3158 393 3197 sc...
418 3141 625 3195 obtulit.
658 3144 827 3195 Tacit.
850 3159 972 3213 cap.
1005 3140 1101 3212 74³
1136 3140 1295 3195 «Cre-

286 3220 392 3275 broe
412 3224 624 3277 interim
645 3234 699 3275 et
712 3219 1063 3277 muliebribus
1082 3218 1296 3273 blandi-

286 3302 373 3355 tiis
397 3304 611 3357 infecte
629 3301 699 3355 ab
712 3300 929 3356 Othone
944 3298 1014 3353 ad
1024 3298 1296 3353 Vitellium

286 3378 525 3455 epistol·
534 3381 826 3435 offerebant
835 3381 1113 3452 pecuniam
1124 3392 1298 3452 etgra-

284 3465 433 3529 tiam,
448 3476 503 3515 et
513 3478 903 3534 quemcumque
914 3478 983 3532 qu
989 3460 1106 3513 ictis
1118 3459 1297 3513 locum

282 3541 523 3613 prodigae
544 3543 663 3596 vitae
686 3539 916 3614 legisset.
956 3539 1111 3592 Paria
1127 3538 1297 3591 Vitel-

282 3620 387 3677 lius
424 3621 735 3676 ostentabat
752 3656 770 3687 ‚
832 3620 1006 3693 primo
1052 3617 1295 3685 mollius,

284 3700 449 3755 stulta
468 3703 735 3774 utrimque
763 3712 818 3754 et
844 3697 1101 3753 indecora
1128 3700 1293 3751 simu-

280 3778 511 3843 lationeg
539 3796 692 3846 mox,
720 3780 873 3852 quasi
896 3779 1157 3842 rixantes,
1186 3789 1295 3830 stu-

282 3874 385 3927 pra
432 3869 489 3910 et
535 3856 737 3929 flagitia
778 3857 1004 3911 invicem
1056 3846 1329 3927 objecta-¹

282 3955 406 3991 vere
429 3970 447 3998 ‚
472 3950 664 3991 neuter
692 3936 849 3991 falso.
869 3960 893 3985 ι
928 3934 1063 3989 Vide
1088 3933 1291 4007 xiphil.

282 4014 469 4083 LXIV,
504 4030 586 4067 ιο.

352 4095 406 4161 4.
446 4095 673 4166 Jamque
702 4092 913 4145 ducibus
949 4103 1002 4144 et
1026 4092 1261 4163 copiis...
1280 4129 1293 4142 .

278 4168 852 4245 appropinquantibus,
874 4184 973 4225 etc.
997 4172 1155 4225 Conf.
1177 4170 1297 4223 Plu-

1386 1700 1554 1754 tarch.
1575 1700 1704 1755 Oth.
1725 1721 1772 1756 c.
1797 1703 1856 1764 53
1882 1703 2050 1755 Tacit.
2069 1703 2202 1757 Hist.
2229 1704 2279 1770 1,
2305 1721 2391 1774 70.

1454 1780 1505 1834 5.
1545 1781 1620 1834 Et
1650 1781 1951 1854 placuerat,
1987 1794 2089 1834 etc.
2133 1782 2394 1837 Omittere

1384 1857 1503 1912 aliis
1531 1857 1732 1930 placuit
1751 1861 1823 1911 Et
1843 1870 2036 1912 contra
2056 1859 2250 1925 libros,
2277 1859 2394 1914 aliis

1384 1951 1590 1990 mutare
1607 1973 1625 2004 ,
1647 1951 1707 1990 ut
1725 1939 1908 2010 Lipsio
1931 1939 1986 1990 in
2005 1937 2247 2005 Etenim,
2269 1938 2396 1992 Gla-

1382 2033 1546 2069 reano
1561 2017 1618 2068 in
1635 2015 1872 2086 Quando.
1895 2015 2247 2089 Oudendorp.
2271 2037 2396 2070 con-

1374 2097 1507 2165 jecit
1531 2096 1728 2150 Ostiam
1745 2094 2034 2169 placuerat.
2059 2096 2192 2150 Mihi
2214 2099 2395 2168 genui-

1384 2194 1513 2230 num
1533 2175 1740 2230 videtur
1753 2213 1772 2244 ‚
1797 2190 1851 2230 et
1868 2178 2121 2231 inducere
2136 2181 2394 2232 narratio·

1384 2275 1530 2322 nem,
1538 2260 1819 2328 superiora
1831 2257 2310 2330 explicantem‚pro
2321 2261 2396 2312 Et

1383 2337 1626 2409 quidem,
1647 2337 1860 2390 Etenim
1873 2375 1890 2404 ‚
1903 2339 2166 2409 Namque.
2189 2341 2270 2390 lta
2287 2339 2394 2391 Ta-

1384 2417 1475 2468 cit.
1505 2415 1700 2469 Annal.
1725 2417 1795 2467 111
1812 2454 1830 2482 ‚
1857 2415 1959 2483 38,
1991 2435 2140 2467 «non
2167 2433 2392 2469 accusa-

1383 2509 1525 2549 tores
1569 2493 1905 2547 fatiscebant.
1971 2495 2046 2547 Et
2091 2493 2390 2549 Ancharius

1384 2576 1619 2639 Priscus,
1642 2589 1778 2628 etc.-

1452 2654 1507 2708 6.
1547 2656 1652 2705 Per
1681 2652 2064 2707 classiarios...
2100 2654 2394 2727 remittique

1383 2733 1611 2787 navibus.
1641 2732 1756 2785 Lux
1781 2731 2015 2804 petenda
2044 2750 2072 2783 e
2099 2732 2314 2803 Tacito,
2339 2736 2394 2801 1,

1384 2811 1453 2865 80
1480 2830 1592 2885 seq.
1625 2826 1678 2864 et
1705 2810 1970 2865 Plutarch.
2011 2810 2138 2866 Oth.
2167 2812 2230 2880 3,
2267 2812 2392 2866 coll.

1381 2891 1586 2965 Xiphil.
1627 2894 1818 2961 LXIV,
1858 2909 1920 2962 9,
1963 2894 2058 2965 qui
2095 2896 2395 2949 accuratius

1383 2988 1494 3027 rom
1506 2986 1743 3040 narrant,
1752 2989 1950 3043 eosque
1961 2970 2107 3023 haud
2118 2972 2243 3025 satis
2255 2992 2396 3025 com-

1382 3053 1626 3122 pararint
1657 3069 1874 3105 necesse
1908 3064 1988 3103 est
2026 3052 2394 3121 Burmannus,

1383 3132 1660 3202 magisque
1691 3130 1866 3183 adhuc
1881 3131 2184 3197 Emoniia,
2211 3133 2302 3203 qui
2325 3132 2394 3185 ad

1383 3209 1438 3263 h.
1450 3210 1487 3263 l.
1500 3210 1790 3281 disputavit
1799 3228 2018 3282 prorsus
2030 3208 2391 3279 ἑηοςδιὸνυσι.

1384 3291 1550 3344 Arma
1587 3290 1680 3345 illa
1716 3304 1864 3345 erant
1905 3294 2137 3363 septimae
2176 3291 2392 3345 decime

1386 3369 1624 3423 cohortis
1634 3368 1876 3441 (auctore
1885 3371 2056 3422 Tacit.
2074 3369 2109 3421 l.
2123 3373 2215 3437 c.),
2232 3390 2392 3443 quam

1386 3469 1415 3503 e
1436 3450 1652 3503 colonia
1672 3450 1906 3503 Ostiensi
1930 3451 1986 3503 in
2007 3449 2206 3502 Urbem
2237 3452 2394 3505 acciri

1384 3530 1531 3584 Otho
1546 3532 1810 3602 jusserat,
1839 3529 2103 3582 armanda
2127 3533 2240 3601 ejus
2266 3549 2392 3583 cura

1382 3612 1544 3662 Vario
1567 3610 1838 3681 Crispino,
1881 3608 2121 3661 Tribuno
2145 3630 2174 3663 e
2194 3611 2392 3663 Praeto-

1381 3688 1546 3741 rianis
1562 3726 1578 3755 ,
1594 3688 1734 3742 data.
1774 3688 1881 3756 Qui
1895 3706 2060 3760 quum
2075 3726 2094 3755 ,
2108 3702 2294 3760 aperto
2309 3708 2394 3742 ar·
2435 3700 2442 3708 ‘

1380 3770 1755 3837 rnamenta-io,
1777 3767 2022 3824 vehicula
2037 3768 2290 3837 cohortis,
2304 3774 2390 3824 in-

1381 3851 1611 3923 cipiente
1647 3862 1805 3903 nocte
1831 3886 1848 3915 ‚
1887 3850 2095 3903 onerari
2123 3848 2204 3904 his
2233 3853 2389 3903 armis

1374 3929 1819 4001 jussisset,miles,
1833 3929 1903 3985 ad
1916 3933 2206 4004 perniciem
2222 3930 2392 3985 otho-

1380 4012 1465 4062 nis
1481 4011 1734 4065 familiam
1752 4011 2064 4063 Senatorum
2074 4014 2269 4065 armari
2282 4050 2300 4078 ,
2321 4026 2392 4065 te·

1383 4107 1528 4142 mere
1557 4092 1885 4157 existimans,
1921 4092 2084 4163 raptis
2109 4093 2265 4145 armis
2291 4094 2389 4143 Ur-

1384 4171 1505 4223 bem
1543 4191 1604 4225 ac
1634 4172 1890 4225 Palatium
1917 4174 2078 4245 petit,
2116 4186 2170 4225 et
2196 4192 2226 4227 a
2254 4192 2388 4227 con-
