3050 5004
1121 717 1774 846 LUCANI
1869 714 2326 838 VITA.

690 1336 831 1445 M.
872 1380 1149 1446 ANNAEUS
1178 1380 1516 1455 LUCANUS,
1545 1371 2033 1457 Cordubensis,
2062 1376 2281 1465 prima
2307 1374 2560 1465 ingenii
2586 1394 2786 1464 expe·

684 1492 974 1555 rimenta
1016 1492 1086 1555 in
1130 1489 1411 1555 Neronis
1456 1486 1771 1554 laudibus
1817 1484 2004 1553 dedit
2043 1482 2532 1579 quinquennali
2577 1469 2788 1550 cerm-

684 1600 889 1665 mine.
930 1600 1101 1666 Dein
1142 1596 1335 1664 civile
1376 1595 1665 1679 bellum,
1715 1594 1900 1691 quod
1939 1620 1980 1663 a
2015 1598 2370 1689 Pompeio¹
2417 1613 2483 1662 et
2523 1598 2787 1661 Caesare

688 1726 953 1798 gestum
988 1725 1123 1791 est,
1169 1710 1492 1776 recitavit.
1537 1710 1668 1794 Qui
1709 1722 1914 1774 tantae
1948 1705 2233 1774 levitatis
2277 1723 2346 1773 et
2374 1720 2512 1771 tam
2553 1706 2786 1771 immo·

686 1818 937 1887 deratae
975 1818 1221 1911 lingua-‘3
1258 1820 1418 1901 fuit,
1453 1835 1533 1886 ut
1561 1822 1630 1887 in
1664 1820 2051 1912 praefatione
2085 1815 2376 1912 quadam
2417 1832 2686 1883 aetatem
2721 1831 2790 1880 et

685 1931 877 1995 initia
909 1954 1031 1996 sua
1062 1954 1219 1997 cum
1246 1928 1524 2020 Virgilio
1559 1952 1987 2021 comparans,
2023 1952 2229 1996 ausus
2261 1930 2346 1995 sit
2373 1926 2630 1993 dicere:
2676 1942 2788 1992 «et

690 2055 1020 2131 quantum
1058 2038 1223 2105 mihi
1270 2056 1516 2106 restat²
1559 2038 1646 2106 ad
1685 2038 2080 2108 Culicem?w
2141 2042 2294 2122 Hic,
2337 2039 2529 2104 initio
2569 2034 2786 2103 adole·

690 2152 991 2231 scentiae,
1030 2174 1242 2244 quum
1274 2149 1362 2217 ob
1395 2151 1714 2218 infestum
1753 2153 2254 2219 matrimonium
2287 2164 2552 2241 patrem
2588 2170 2786 2215 suum
2841 2176 2849 2182 ·

690 2262 834 2325 ruri
857 2282 1056 2351 agere
1075 2260 1272 2353 longe
1293 2264 1746 2353 cognovisset,
1766 2276 2118 2329 revocatus
2141 2257 2418 2326 Athenis
2434 2283 2477 2324 a
2493 2262 2786 2339 Nerone,

689 2368 1083 2466 cohortique
1112 2374 1487 2437 amicorum
1513 2369 1817 2470 additu5‚¹
1849 2386 2050 2464 atque
2078 2372 2279 2436 etiam
2307 2384 2655 2462 quaestura
2676 2366 2790 2435 ho-

690 2499 998 2565 noratus,
1028 2508 1168 2551 non
1208 2499 1435 2551 tamen
1476 2484 1847 2577 permansit
1873 2485 1945 2549 in
1981 2484 2210 2574 gratia.
2243 2480 2584 2577 Siquidem
2615 2502 2787 2572 aegre

690 2593 942 2675 ferens,
973 2597 1297 2663 recitante
1328 2618 1398 2662 se
1416 2648 1431 2675 ‚
1459 2594 1713 2676 subito,
1743 2618 1822 2663 ac
1844 2590 2032 2660 nulla
2060 2597 2188 2661 nisi
2214 2593 2653 2685 refrigerandi
2684 2596 2788 2660 sui

692 2725 923 2785 causa,
950 2704 1200 2774 indicto
1226 2709 1503 2786 Senatu,
1535 2710 1870 2772 Neronem
1901 2707 2288 2788 recessisse;
2319 2728 2540 2799 neque
2567 2703 2787 2772 verbis

693 2812 1017 2882 adversus
1057 2819 1464 2908 Principem,
1506 2838 1730 2909 neque
1771 2814 1962 2881 factis
2005 2813 2421 2882 exstantibus
2457 2831 2612 2908 post
2646 2814 2788 2881 haec

696 2928 1126 3014 temperavit:
1168 2924 1337 2994 adeo
1375 2943 1451 2992 ut
1490 2923 1830 3020 quondam
1869 2927 1940 2990 in
1974 2927 2262 2993 Latrinis
2303 2925 2621 3018 publicis,
2664 2925 2788 2992 cla-

700 3035 876 3101 riore
900 3039 1182 3126 strepitu
1202 3035 1226 3075 ³
1256 3041 1505 3104 ventris
1541 3039 1784 3104 emisso
1800 3089 1817 3118 ,
1839 3035 2335 3104 hemistichium
2353 3039 2636 3105 Neronis
2657 3059 2788 3103 ma-

699 3168 832 3237 gna
857 3169 1323 3214 consessorum
1348 3148 1507 3240 fuga
1533 3150 2026 3241 pronunciarit:
2067 3178 2093 3208 ιι
2117 3147 2251 3217 Sub
2274 3151 2468 3216 terris
2497 3151 2788 3215 tonuisse

697 3270 917 3346 putes.
945 3284 971 3314 n
1005 3254 1131 3323 Sed
1160 3271 1226 3322 et
1251 3255 1507 3324 famoso
1539 3261 1834 3326 carmine
1864 3281 2077 3352 quum
2107 3259 2362 3350 ipsum,
2391 3277 2540 3324 tum
2563 3275 2790 3349 poten-

700 3367 992 3433 tissimos
1028 3370 1399 3435 amicorum
1421 3421 1438 3451 ,
1476 3372 1866 3460 gravissime
1904 3369 2244 3460 proscidit.
2281 3368 2381 3435 Ad
2417 3384 2788 3436 extremum

701 3497 897 3567 paene
921 3477 1194 3567 signifer
1220 3481 1592 3546 Pisonianae
1620 3475 2101 3570 conjurationis
2126 3481 2406 3546 exstitit:
2438 3479 2695 3548 multus
2723 3482 2788 3546 in

780 3733 821 3766 ι.
846 3715 896 3766 A
910 3716 1191 3790 Pompeio,
1208 3732 1308 3770 ete.
1325 3719 1528 3790 Vulgo,
1551 3735 1703 3772 «cum
1792 3719 1880 3782 IV,
1907 3717 2010 3787 875
2037 3717 2213 3786 (Poet.
2241 3719 2354 3769 Lat.
2385 3717 2518 3768 Min.
2545 3728 2583 3768 t.
2609 3717 2711 3782 Vl,
2735 3733 2786 3786 p.

702 3795 954 3865 Pompeio
992 3809 1045 3848 et
1080 3797 1298 3849 Caesare.
1321 3821 1342 3844 υ
1387 3798 1530 3849 Libri
1565 3817 1704 3849 non·
1795 3793 1960 3866 528):
1994 3819 2015 3842 ι
2034 3797 2101 3849 Et
2124 3809 2382 3868 quantum
2405 3793 2534 3846 mihi
2556 3805 2792 3866 superest

701 3871 866 3937 nulli,
901 3895 923 3919 κ
942 3891 1061 3926 cum
1092 3878 1343 3946 Pompeio
1368 3897 1401 3928 a
1428 3876 1654 3928 Coesare.
1678 3899 1699 3922 ι
1795 3875 1863 3927 ad
1889 3876 2122 3927 Maronis
2150 3873 2406 3926 culicem?
2425 3897 2448 3920 n·
2489 3875 2583 3925 En.

702 3955 835 4004 Puto
860 3952 1031 4004 alieno
1054 3953 1173 4006 loeo
1192 3957 1421 4027 positam
1444 3956 1606 4008 fuisse
1624 3975 1707 4008 ve·
1864 3953 1916 4005 3.
1959 3953 2184 4006 Clan'ore
2204 3955 2448 4026 strepitu,
2472 3966 2574 4005 etc.
2597 3947 2791 4004 Delevi-

701 4049 813 4084 ram
836 4031 1257 4086 emendationem
1282 4055 1331 4085 α.
1607 4067 1614 4072 -
1793 4053 1910 4087 mus
1929 4053 2048 4086 cum
2063 4035 2263 4086 Graevio
2279 4053 2395 4086 cum
2411 4047 2536 4105 post
2550 4032 2788 4096 clariore,

777 4129 823 4164 2.
862 4114 934 4164 Et
956 4125 1207 4184 quantum
1233 4114 1365 4166 mihi
1390 4125 1571 4179 restat,
1598 4126 1698 4166 etc.
1791 4126 1843 4165 et
1869 4115 2171 4184 scripsimus
2195 4131 2538 4167 consessorum
2555 4131 2655 4186 pro
2678 4130 2789 4166 etun

704 4189 935 4260 Scaliger
946 4190 1058 4244 baec
1078 4195 1151 4244 ita
1170 4195 1293 4246 citat
1314 4193 1379 4246 ad
1398 4191 1703 4258 Manilium,
1791 4211 2050 4246 sessorum.
