3050 5004
1063 492 1714 562 DOMITIANUS.

340 619 757 704 distribu‘tis3
797 622 1067 688 initium
1103 619 1422 688 vescendi
1465 622 1728 714 primus
1769 620 1969 690 fecit:
2016 621 2260 717 dieque
2294 647 2450 718 pro—

342 735 526 801 ximo
566 754 769 799 omne
809 753 1023 823 genus
1062 752 1297 798 rerum
1334 728 1612 798 missilia
1655 732 1938 822 sparsit:
1983 747 2052 799 et
2093 735 2252 827 quia
2285 757 2446 826 pars

340 840 561 936 major
581 845 759 910 intra
781 839 1137 936 popularia
1148 837 1199 878 ²³
1223 838 1568 910 deciderat
1581 893 1598 924 ,
1623 842 2138 935 quinquagenas
2161 859 2450 912 tesseras

341 956 417 1022 in
448 952 751 1046 singulos
774 974 1025 1052 cuneos
1053 954 1385 1045 equestris
1408 954 1837 1020 ac0senat01-ii
1861 951 2118 1038 ordinis
2147 976 2452 1046 pronun-

341 1081 565 1133 elavit.

2314 495 2450 582 391·

439 1197 519 1260 V.
572 1190 871 1260 Plurima
914 1206 984 1259 et
1024 1190 1442 1284 amplissima
1488 1201 1732 1283 opera¹
1783 1191 2094 1264 incendio
2139 1189 2453 1258 absumta

343 1305 673 1372 restituit:
711 1305 785 1369 in
828 1305 981 1396 quis
1022 1318 1091 1370 et
1124 1300 1564 1398 Capitolium,
1606 1301 1792 1398 quod
1829 1325 2068 1370 rursus
2107 1318 2367 1370 arserat
2387 1319 2404 1348 ¹
2433 1329 2447 1368 :

345 1411 468 1482 sed
490 1413 717 1482 omnia
742 1412 869 1480 sub
892 1411 1089 1481 titulo
1112 1428 1378 1481 tantum
1403 1435 1561 1497 su0,
1595 1435 1676 1480 ac
1700 1414 1849 1480 sine
1877 1411 2016 1479 ulla
2038 1414 2303 1506 pristini
2331 1437 2452 1479 au-

342 1527 550 1595 ctoris
591 1527 939 1594 memoria.
974 1529 1230 1592 Novam
1266 1542 1495 1594 autem
1544 1528 1856 1594 excitavit
1893 1524 2108 1618 aedem
2151 1527 2222 1591 in
2262 1527 2456 1616 Capi-

344 1632 510 1703 tolio
546 1632 823 1702 Custodi
860 1631 1087 1719 Jovi³‚
1128 1651 1196 1702 et
1234 1640 1521 1720 Forum,
1560 1635 1744 1730 quod
1781 1658 1964 1703 nunc
2001 1635 2221 1705 Nervae
2254 1657 2452 1702 voca·

344 1743 553 1814 tut-4:
614 1749 773 1814 item
828 1744 1073 1813 Flaviae
1123 1745 1452 1839 templum
1507 1749 1726 1839 gentis
1751 1747 1774 1784 ⁵
1799 1798 1814 1828 ,
1872 1761 1940 1814 et
1999 1744 2292 1813 stadium
2314 1798 2331 1829 ‚
2389 1761 2456 1812 et

342 1851 613 1923 Odeum
629 1840 692 1937 ⁶,
719 1870 788 1924 et
804 1855 1277 1926 naumachiam
1300 1883 1317 1938 ;
1346 1882 1382 1924 e
1401 1854 1507 1950 cuj
1516 1881 1596 1924 us
1622 1874 1856 1949 postea
1877 1856 2103 1950 lapide
2121 1859 2455 1925 maximus

342 1967 579 2034 Circus
596 2017 615 2049 ,
640 1962 897 2033 deustis
920 1968 1241 2060 utrinque
1266 1966 1586 2035 lateribus
1608 2019 1625 2050 ,
1653 1983 2035 2036 exstructus
2059 1978 2222 2035 est7.

342 2223 584 2264 montem
608 2213 891 2283 septimum
914 2213 1056 2266 circa
1076 2212 1235 2266 finem
1253 2215 1357 2265 De·

344 2287 577 2343 cembris
622 2291 736 2343 fieri
776 2289 939 2343 solito
960 2329 977 2356 ,
1018 2289 1136 2343 vide
1171 2293 1352 2344 Rosin.

341 2369 473 2420 Ant.
495 2368 651 2424 Rom.
671 2372 759 2434 lv,
792 2368 884 2434 16,
909 2386 1033 2440 pag.
1060 2367 1181 2437 296.

420 2445 508 2500 23.
544 2447 697 2505 Intra
725 2445 1044 2523 popularia3
1080 2447 1194 2500 scil.
1230 2446 1375 2500 sub-.

346 2523 515 2579 sellia.

418 2604 483 2657 V.
511 2620 556 2655 ι.
575 2602 818 2657 Pha-ima
832 2616 883 2656 et
894 2603 1219 2676 amplissima
1239 2620 1357 2675 ope·

1443 2213 1704 2286 adeptus,
1725 2214 1852 2268 Jove·
1875 2212 2080 2266 Custodi
2102 2211 2356 2283 templum
2376 2214 2457 2264 in-

1444 2311 1605 2361 gens,
1629 2311 1794 2364 seque
1817 2292 1874 2342 in
1895 2293 2015 2343 sinu
2037 2290 2136 2343 Dei
2159 2291 2403 2342 sacravit.
2427 2313 2449 2336 n

1444 2370 1928 2424 Ceterum-verbum
1947 2369 2194 2422 excitavit
2211 2369 2370 2420 etiam
2386 2368 2462 2419 ad

1444 2452 1646 2502 Forum
1667 2451 1896 2502 refertur
1919 2467 2016 2520 per
2036 2465 2252 2519 zeugma
2262 2487 2282 2516 ,
2311 2460 2364 2500 et
2384 2449 2469 2499 ob.

1444 2529 1693 2596 aedificia,
1723 2550 1838 2601 quae
1862 2530 2083 2601 cingunt
2103 2530 2318 2580 Forum.

1517 2609 1572 2675 4.
1597 2610 1672 2660 Et
1691 2611 1882 2663 Forum
1897 2648 1915 2675 ‚
1939 2607 2086 2679 quod
2105 2624 2245 2659 nunc
2265 2606 2454 2661 Nerva:

344 2702 439 2750 m,
468 2698 575 2737 etc.
592 2683 726 2737 Vide
748 2684 981 2737 Martial.
1010 2686 1109 2750 IX,
1138 2685 1191 2752 4.

422 2780 473 2815 a.
509 2762 581 2816 In
615 2763 731 2834 quis
760 2774 811 2826 et
842 2761 1193 2833 Capitolium,
1218 2760 1359 2834 quad

344 2858 521 2895 rmus
536 2854 748 2895 arserat.
761 2842 847 2895 Cf.
864 2840 1135 2893 Plutarch.
1154 2839 1353 2911 Poplic.

354 2924 439 2977 15.
462 2924 667 2989 Victor,
695 2924 888 2977 Caesar.
924 2940 941 2974 ι
960 2940 1007 2990 1,
1038 2946 1061 2969 ιι
1081 2921 1357 2993 multaque

346 3022 515 3075 opera
528 3002 781 3056 inchoata
795 3022 893 3073 per
906 3016 1113 3075 patrem
1123 3040 1140 3068 ,
1154 3000 1237 3053 vel
1258 3003 1359 3055 fra-

342 3082 447 3135 tris
473 3078 683 3146 studio,
714 3093 874 3153 atque
902 3082 957 3133 in
992 3081 1177 3151 primis
1202 3080 1357 3151 Capi-

346 3158 543 3213 tol-inm·
564 3159 809 3213 absolvit.
826 3182 849 3207 n
872 3161 1097 3231 Eutrop.
1117 3160 1237 3226 vn,
1268 3158 1358 3225 15,

354 3262 379 3285 ιι
399 3238 579 3289 Romae
600 3256 815 3310 quoque
838 3237 1005 3290 multa
1024 3256 1185 3310 opera
1206 3238 1357 3302 fecit;

342 3320 407 3371 in
423 3316 509 3369 his
528 3318 881 3390 Capitolium,
904 3332 959 3371 ct
979 3319 1171 3372 Forum
1192 3328 1357 3371 trans-

344 3398 597 3463 itorium,
622 3396 861 3465 Odeum,
896 3396 1151 3449 Divomm
1184 3398 1359 3467 porti-

347 3494 449 3531 cus
467 3513 486 3542 ,
526 3478 699 3531 Iseum
722 3516 740 3545 ,
782 3478 1068 3549 Serapeum
1090 3516 1107 3543 ‚
1148 3494 1211 3529 ac
1248 3490 1356 3531 sta-

346 3556 517 3613 dium.
540 3581 565 3605 ι
609 3595 616 3602 ·

422 3641 478 3695 3.
503 3638 715 3693 Custodi
734 3640 889 3701 Jovi,·
913 3639 985 3691 ob
1005 3640 1169 3692 vitam
1186 3640 1243 3692 in
1262 3658 1356 3713 op-

345 3721 685 3793 pugnatione
720 3718 969 3792 Capitolii
1005 3739 1038 3772 a
1062 3718 1357 3772 Vitellianis

346 3812 601 3872 suscepta
612 3800 742 3852 mire
753 3812 1011 3853 servatam
1019 3838 1030 3851 .
1040 3800 1209 3851 Tacit.
1222 3800 1353 3852 Hist.

340 3878 424 3935 ΙΙΙ
438 3916 455 3946 ‚
476 3880 547 3949 74
558 3900 575 3931 ε
602 3901 627 3927 α
642 3882 721 3931 Ac
734 3882 977 3952 potiente
990 3896 1165 3931 rerum
1179 3893 1359 3950 patre,

346 3958 576 4033 disjecto
595 3958 771 4013 editui
792 3960 1171 4026 contubernio,
1192 3960 1361 4013 modi-

346 4058 477 4091 cum
514 4038 774 4093 sacellum
802 4038 928 4093 Jom'
966 4040 1356 4105 Conservatori,

348 4136 607 4192 aramque
628 4121 837 4192 posuit,
860 4138 1124 4192 casusque
1150 4136 1276 4173 suos
1301 4120 1361 4171 in

348 4217 617 4253 marmore
626 4202 897 4272 expressit.
919 4200 1065 4266 Mox,
1079 4200 1359 4270 imperium

1446 2698 1663 2741 vocatur
1677 2710 1704 2749 ‚·.
1725 2706 1758 2739 a
1782 2707 1890 2759 quo
1914 2688 2208 2759 perfectum
2230 2698 2282 2738 et
2306 2684 2454 2737 dedi-

1444 2780 1626 2821 catum
1655 2782 1752 2821 est.
1781 2768 1938 2819 Conf.
1963 2768 2168 2829 Victor,
2197 2766 2326 2819 Caes.
2363 2782 2422 2817 12
2439 2788 2459 2827 ;.

1445 2846 1713 2917 Lamprid.
1743 2845 1890 2899 Alex.
1931 2848 2012 2899 28.
2053 2846 2266 2897 Dictum
2295 2858 2376 2895 est
2403 2859 2456 2897 et

1441 2925 1682 2998 pervium
1724 2924 1808 2975 vel
1853 2923 2206 2977 taunst'ton'um
2247 2942 2278 2975 a
2317 2925 2454 2975 Jano

1449 3000 1818 3074 quadrifronte
1835 3002 1917 3054 ihi
1937 3004 2140 3074 posito,
2160 3002 2243 3055 vel
2267 3022 2300 3055 a
2321 3002 2459 3055 hasi-

1446 3082 1552 3134 lica
1583 3085 1905 3141 transitoria.
1931 3082 2066 3135 Vide
2098 3096 2294 3154 praeter
2323 3083 2456 3137 alios

1448 3164 1645 3214 Donat.
1681 3162 1748 3231 de
1790 3161 1920 3216 Urb.
1961 3164 2114 3214 Rom.
2151 3164 2232 3227 11,
2270 3162 2367 3228 23,
2403 3176 2456 3214 et

1446 3242 1668 3295 Nat-din.
1691 3244 1846 3294 Rom.
1874 3241 2120 3307 veum,
2152 3240 2242 3307 14,
2269 3243 2363 3313 qui
2389 3242 2455 3294 de

1448 3323 1652 3391 origine
1675 3323 1904 3374 nominis
1925 3320 2216 3392 disputant.

1520 3399 1571 3457 5.
1600 3401 1736 3452 Item
1759 3399 1959 3453 Flaviae
1983 3396 2242 3470 templum
2259 3400 2456 3472 qemi&

1449 3480 1595 3534 unde
1617 3479 1898 3555 collegium
1919 3480 2242 3533 Flavialium
2261 3499 2380 3552 cap.
2402 3480 2455 3547 4.

1518 3559 1574 3611 6.
1615 3561 1688 3610 Ec
1725 3560 1922 3611 Odeum
1939 3580 1959 3619 ‚·
1997 3556 2066 3611 ad
2105 3560 2456 3614 imitationem

1449 3643 1607 3711 ejus?
1629 3638 1775 3710 quod
1807 3637 2028 3691 Athenis
2059 3640 2177 3691 fuit.
2211 3640 2459 3691 Destina-

1448 3734 1564 3773 tum
1579 3733 1694 3773 erat
1707 3719 2085 3773 certaminibus
2097 3721 2328 3773 musicis.
2339 3722 2461 3790 Egit

1448 3801 1515 3854 de
1539 3812 1772 3873 quatuor
1793 3800 1952 3852 Urbis
1975 3802 2154 3853 Romae
2175 3799 2342 3853 Odeis
2361 3802 2460 3851 Fa-

1448 3881 1584 3933 bric.
1603 3881 1865 3951 Descript.
1887 3880 2018 3941 Urb.
2049 3882 2201 3933 Rom.
2227 3899 2348 3951 cap.
2375 3898 2394 3931 1
2409 3897 2456 3931 2.

1449 3958 1709 4032 xiphilin.
1746 3958 1939 4026 LXIX,
1978 3959 2040 4025 4.,
2075 3961 2214 4012 inter
2243 3961 2459 4030 Trajaui

1450 4060 1612 4113 opera
1627 4080 1643 4108 ‚
1687 4040 1756 4091 ab
1794 4037 2086 4092 architecto
2124 4038 2458 4111 Apollodoro

1448 4132 1712 4173 exstructa
1726 4156 1744 4185 ,
1767 4118 1976 4172 Odeum
1998 4132 2276 4171 memorat.

1524 4216 1572 4269 7.
1609 4200 1659 4251 Ε
1685 4201 1845 4271 cujus.
1869 4238 1878 4249 .
1901 4236 1914 4249 .
1939 4238 1950 4249 .
1991 4198 2164 4268 lapide
2199 4198 2461 4251 maximus
