3050 5004
1421 482 1493 545 C.
1544 482 2010 548 SUETONII

669 603 1034 687 modulata,
1063 627 1218 699 quae
1251 604 1457 698 vulgo
1477 606 1914 691 notuerunt³,
1934 611 2137 677 etiam
2164 610 2593 701 gesticulatus
2620 632 2756 697 est;

667 740 748 783 ac
783 716 1182 809 spectaculis
1217 715 1461 785 theatri
1494 717 1671 785 clam
1708 718 1965 803 illatus,
2006 720 2275 789 cuidam
2311 726 2575 791 scenico
2613 725 2759 818 pla-

668 830 843 895 centi
867 830 1195 895 nuncium
1220 830 1435 911 misit,
1469 858 1498 889 a
1515 828 1701 897 abuti
1730 854 1888 897 eum
1916 832 2467 924 occupationibus
2498 832 2700 902 ⁴suiS.
2726 866 2761 894 n·

761 942 976 1005 XLIII
985 992 998 1005 .
1053 941 1250 1005 Initio
1287 939 1511 1006 statim
1541 938 1903 1026 tumultus,
1931 941 2148 1009 multa
2175 957 2244 1009 et
2268 945 2620 1027 immania,
2652 968 2763 1012 ve-

670 1073 824 1116 rum
855 1074 990 1115 non
1015 1047 1450 1117 abhorrentia
1481 1074 1522 1115 a
1560 1073 1683 1117 sua
1716 1065 1985 1134 natura,
2026 1051 2331 1120 creditur·
2346 1051 2758 1123 destinasse:

669 1184 1092 1229 successores
1120 1185 1693 1257 percussoresque
1722 1166 2140 1232 summittere
2160 1166 2491 1233 exercitus
2518 1183 2588 1233 et
2608 1190 2735 1260 pro

669 1275 918 1340 vincias
951 1274 1372 1365 regentibus,
1399 1277 1591 1369 quasi
1628 1278 2025 1368 conspiratis
2046 1330 2063 1361 ,
2098 1276 2412 1371 idemque
2444 1294 2513 1344 et
2548 1303 2764 1345 unum

670 1384 1111 1453 sentientibus
1145 1412 1159 1451 ε
1219 1385 1544 1479 quicquid
1604 1386 1857 1481 ubique
1911 1387 2225 1455 exsulum
2248 1440 2265 1472 ,
2319 1387 2639 1485 quicquid
2691 1392 2763 1456 in

675 1493 854 1561 Urbe
877 1494 1229 1563 hominum
1252 1494 1757 1564 Gallicanorum
1782 1514 1988 1582 esset,
2022 1498 2531 1567 contrt‘icidare:
2570 1497 2724 1567 illos
2742 1552 2760 1583 ,

673 1628 758 1671 ue
785 1603 1310 1673 desciscentibus
1339 1624 1899 1699 aggregarentur3
1934 1607 2059 1675 hos
2076 1660 2094 1691 ,
2121 1624 2199 1675 ut
2222 1610 2524 1676 conscios
2552 1632 2769 1701 popu-

671 1713 916 1782 larium
949 1740 1228 1783 suorum
1267 1733 1472 1811 atque
1513 1717 1843 1785 fautores:
1884 1716 2135 1785 Gallias
2168 1717 2567 1785 exercitibus
2598 1715 2767 1785 deri·

673 1824 952 1918 piendas
967 1828 1356 1919 permittere
1378 1854 1393 1893 :
1421 1831 1741 1895 Senatum
1760 1830 2156 1895 universum
2174 1852 2435 1896 veneno
2456 1853 2582 1921 per
2604 1852 2767 1896 con-

674 1940 849 2005 vivia
889 1962 1164 2007 necare:
1217 1938 1472 2007 Urbem
1506 1938 1867 2007 incendere
1888 1950 1902 1977 ¹
1926 1992 1942 2019 ,
1980 1941 2141 2009 feris
2178 1943 2249 2008 in
2280 1940 2609 2034 populum
2644 1944 2771 2007 im-

675 2051 929 2131 missiS,
952 2072 1088 2143 quo
1108 2046 1444 2116 difficilius
1468 2048 1943 2117 defenderetur
1960 2058 2005 2117 ².
2028 2050 2155 2119 Sed
2180 2050 2576 2118 absterritus
2590 2101 2607 2131 ,
2629 2074 2767 2117 non

677 2178 814 2227 tam
843 2162 1267 2253 poenitentia,
1297 2184 1502 2255 quam
1525 2160 1918 2253 perficiendi
1940 2162 2434 2256 desperatione,
2460 2159 2767 2229 credens-

679 2295 811 2365 que
849 2268 1345 2363 expeditionem
1383 2275 1827 2340 necessariam
1847 2326 1865 2355 ,
1904 2271 2274 2342 Consules³
2302 2288 2458 2340 ante
2500 2290 2769 2367 tempus

680 2384 967 2476 privavit
983 2382 1242 2450 honore
1258 2437 1276 2467 ,
1300 2401 1504 2478 atque
1529 2387 1599 2451 in
1614 2387 1969 2480 utriusque
1989 2384 2214 2453 locum
2233 2384 2417 2452 solus
2441 2386 2587 2451 iniit
2604 2409 2769 2451 ‘con-

682 2495 973 2563 sulatum
992 2548 1010 2576 ,
1035 2499 1227 2591 quasi
1255 2496 1455 2565 fatale
1481 2515 1689 2581 esset,
1726 2522 1864 2567 non
1898 2521 2099 2591 posse
2129 2495 2377 2565 Gallias
2412 2494 2765 2582 debellari,

682 2611 808 2675 nisi
833 2635 874 2676 a
907 2633 978 2676 se
1005 2607 1325 2677 Consule.
1366 2615 1459 2676 Ac
1483 2613 1813 2704 susceptis
1841 2610 2131 2678 fascibus
2148 2663 2165 2693 ‚
2191 2634 2405 2704 quum
2432 2625 2587 2703 post
2610 2634 2773 2702 epu·

683 2718 782 2786 las
824 2720 1110 2788 triclinio
1144 2719 1636 2812 digrederetur,
1670 2723 1940 2789 innixus
1968 2721 2267 2789 humeris
2299 2719 2731 2788 familiarium
2750 2773 2769 2804 ,

670 504 804 585 229

753 2915 806 2966 3.
833 2915 1142 2968 Nomen-unt.
1169 2916 1246 2968 Ita
1267 2915 1409 2969 dedit
1429 2935 1551 2968 cum
1574 2917 1683 2970 Ou-

683 2989 982 3061 dendorpio
1022 2991 1251 3044 wolfius
1271 3031 1288 3059 ,
1335 3013 1365 3045 e
1410 2995 1686 3046 Memmia-

683 3088 755 3120 no
797 3069 1019 3141 aliisque
1063 3071 1346 3126 codicibus
1389 3093 1491 3145 pro
1538 3075 1688 3126 inno·

685 3160 916 3202 luerunt.

755 3233 808 3299 4.
828 3229 1114 3284 Abutieum
1131 3232 1549 3304 occupationibus
1562 3235 1686 3296 suia·

684 3309 737 3362 h.
758 3330 803 3362 e.
820 3307 962 3361 haud
977 3309 1111 3361 bene
1137 3329 1257 3362 eum
1282 3311 1484 3376 facere,
1511 3311 1684 3384 quod,

682 3390 810 3442 dum
827 3391 940 3461 ipse
959 3391 1180 3460 negotiis
1195 3390 1423 3462 publicis
1441 3390 1687 3443 detentus

683 3471 738 3521 in
755 3489 962 3522 scenam
985 3469 1223 3540 prodire,
1243 3484 1405 3542 atque
1425 3471 1491 3524 de
1510 3469 1688 3542 palma

683 3568 804 3600 cum
827 3567 890 3600 eo
917 3562 1114 3600 certare
1135 3563 1394 3620 nequeat,
1418 3563 1599 3601 utatur
1623 3567 1687 3600 eo

685 3641 924 3699 tempore
957 3628 1025 3680 ad
1060 3629 1298 3680 favorem
1333 3628 1520 3700 populi
1558 3646 1687 3680 voce

683 3705 1117 3776 comparandum.
1169 3709 1247 3758 Ita
1289 3703 1402 3779 Cic.
1450 3706 1516 3758 de
1562 3707 1686 3760 Nat.

684 3785 842 3835 Deor.
873 3785 947 3849 Il,
975 3783 1073 3848 60,
1101 3807 1122 3830 ι
1139 3783 1252 3836 Nos
1281 3783 1687 3854 elephantorum

684 3865 996 3916 acutissimis
1007 3881 1100 3914 sen
1107 3862 1250 3914 sibus
1261 3901 1278 3929 ,
1291 3881 1388 3915 nos
1399 3865 1687 3934 sagacitate

685 3961 876 3994 canum
905 3943 976 3994 ad
995 3943 1274 3994 utilitatem
1306 3955 1532 3996 nostram
1561 3945 1689 3996 abu-

687 4023 858 4074 timur.
878 4046 900 4070 ιι
943 4023 1096 4075 Plura
1138 4023 1374 4094 exempla
1421 4042 1592 4095 quiere
1633 4025 1687 4076 in

685 4101 905 4154 Lexieis.

758 4179 934 4231 XLIII.
982 4197 994 4230 1
1011 4217 1022 4228 .
1053 4181 1304 4232 Senatum
1313 4219 1440 4234 .....
1471 4200 1655 4234 necare
1670 4205 1687 4233 .-

1778 2918 1961 2971 Urbem
1996 2917 2282 2970 incendere.
2323 2917 2481 2970 Couf.
2516 2913 2771 2986 xiphilin.

1772 3015 1835 3048 ca
1879 3037 1891 3050 .
1924 3015 1953 3048 2
1996 3035 2008 3048 .

1838 3017 1895 3127 Id.
1938 3015 2053 3146 Q7uo
2084 3071 2357 3147 difficilius
2382 3073 2773 3145 defenderetur,-

1775 3151 2135 3223 scil.populus
2154 3169 2185 3203 a
2198 3152 2349 3220 feris,
2370 3154 2413 3204 si
2433 3163 2557 3224 post
2578 3171 2667 3204 eas
2686 3153 2778 3202 im-

1778 3232 1958 3284 missas
1977 3230 2117 3283 Urbs
2140 3250 2352 3303 quoque
2376 3229 2747 3283 incenderetur
2762 3268 2777 3296 ,

1776 3323 1836 3362 ut
1880 3325 2020 3362 recte
2058 3311 2287 3382 explicat
2312 3309 2664 3381 Oudendorp.
2690 3311 2775 3362 Al.

1776 3390 2203 3462 defenderentur,
2227 3389 2335 3443 scil.
2362 3391 2510 3456 ferte,
2534 3388 2590 3440 h.
2618 3407 2667 3442 e.
2698 3408 2781 3441 nr·

1776 3483 2039 3521 cet-entur.
2070 3469 2177 3521 MS.
2204 3467 2335 3521 alter
2351 3469 2707 3540 defenderent.

1850 3548 1899 3600 3.
1940 3547 2187 3601 Consules
2199 3569 2217 3608 ‚·
2237 3547 2296 3598 C.
2314 3547 2495 3599 Silium
2508 3545 2749 3598 Italicum
2762 3583 2779 3611 ,

1776 3639 2007 3698 poetam,
2017 3640 2067 3678 et
2078 3629 2152 3678 M.
2165 3625 2431 3678 Galerium
2440 3624 2777 3677 Trachalum.

1776 3707 1899 3757 Non
1926 3706 2227 3757 meminisse
2252 3702 2457 3756 videtur
2485 3706 2653 3756 nostri
2677 3703 2779 3756 loci

1777 3783 2019 3853 Pighius,
2039 3783 2229 3836 Annal.
2252 3797 2377 3834 tom.
2396 3785 2492 3848 111,
2506 3801 2627 3854 pag.
2646 3785 2781 3849 604,

1778 3867 1871 3934 qui
1895 3863 2024 3916 nihil
2043 3863 2111 3916 de
2130 3862 2407 3916 consulatu
2428 3861 2592 3914 solius
2616 3864 2783 3914 Nero·

1776 3945 1874 3998 nis.
1920 3947 2045 3998 Mox
2084 3967 2119 3996 a
2158 3964 2209 3998 se
2253 3943 2473 3997 Consule
2506 3943 2664 3995 lectio
2707 3955 2785 3994 est

1779 4043 2075 4096 paucorum
2102 4023 2305 4088 Codd.,
2355 4023 2423 4074 ab
2450 4023 2693 4074 Ernestio
2732 4034 2785 4072 et

1778 4103 2025 4158 Oudend.
2042 4104 2279 4175 recepta,
2302 4123 2403 4175 pro
2422 4099 2563 4173 vulg.
2595 4121 2626 4154 α
2650 4103 2782 4154 Con-

1779 4179 1903 4236 sule.
