<?xml version="1.0" encoding="UTF-8"?>
<!DOCTYPE html PUBLIC "-//W3C//DTD XHTML 1.0 Transitional//EN"
    "http://www.w3.org/TR/xhtml1/DTD/xhtml1-transitional.dtd">
<html xmlns="http://www.w3.org/1999/xhtml" xml:lang="en" lang="en">
 <head>
  <title>
</title>
<meta http-equiv="Content-Type" content="text/html;charset=utf-8" />
  <meta name='ocr-system' content='tesseract 3.04.00' />
  <meta name='ocr-capabilities' content='ocr_page ocr_carea ocr_par ocr_line ocrx_word'/>
</head>
<body>
  <div class='ocr_page' id='page_1' title='image "./csuetoniitranqu09suetgoog_0424.png"; bbox 0 0 3050 5004; ppageno 0'>
   <div class='ocr_carea' id='block_1_1' title="bbox 289 552 2402 591">
    <p class='ocr_par' dir='ltr' id='par_1_1' title="bbox 289 552 2402 591">
     <span class='ocr_line' id='line_1_1' title="bbox 289 552 2402 591; baseline 0.004 -8"><span class='ocrx_word' id='word_1_1' title='bbox 289 562 451 583; x_wconf 71' lang='grc' dir='ltr'>ννυνι</span> <span class='ocrx_word' id='word_1_2' title='bbox 1522 552 2402 591; x_wconf 46' lang='lat' dir='ltr'><strong>§ovs-§mmmmm</strong></span> 
     </span>
    </p>
   </div>
   <div class='ocr_carea' id='block_1_2' title="bbox 321 783 2362 926">
    <p class='ocr_par' dir='ltr' id='par_1_2' title="bbox 321 783 2362 926">
     <span class='ocr_line' id='line_1_2' title="bbox 321 783 2362 926; baseline 0.002 -30"><span class='ocrx_word' id='word_1_3' title='bbox 321 786 440 896; x_wconf 91' lang='lat' dir='ltr'><strong>C.</strong></span> <span class='ocrx_word' id='word_1_4' title='bbox 528 783 1279 895; x_wconf 88' lang='lat' dir='ltr'><strong>SUETONII</strong></span> <span class='ocrx_word' id='word_1_5' title='bbox 1359 785 2362 926; x_wconf 78' lang='lat' dir='ltr'><strong>TRANQUILLI</strong></span> 
     </span>
    </p>
   </div>
   <div class='ocr_carea' id='block_1_3' title="bbox 856 994 1824 1181">
    <p class='ocr_par' dir='ltr' id='par_1_3' title="bbox 856 994 1824 1181">
     <span class='ocr_line' id='line_1_3' title="bbox 856 994 1824 1181; baseline 0.002 -3"><span class='ocrx_word' id='word_1_6' title='bbox 856 994 1223 1179; x_wconf 53' lang='lat' dir='ltr'>T1&#39;13US</span> <span class='ocrx_word' id='word_1_7' title='bbox 1290 1084 1824 1181; x_wconf 85' lang='lat' dir='ltr'><strong>FLAVIUS</strong></span> 
     </span>
    </p>
   </div>
   <div class='ocr_carea' id='block_1_4' title="bbox 599 1363 2040 1518">
    <p class='ocr_par' dir='ltr' id='par_1_4' title="bbox 599 1363 2040 1518">
     <span class='ocr_line' id='line_1_4' title="bbox 599 1363 2040 1518; baseline -0.001 -6"><span class='ocrx_word' id='word_1_8' title='bbox 599 1363 2040 1518; x_wconf 85' lang='lat' dir='ltr'><strong>DOMITIANUS.</strong></span> 
     </span>
    </p>
   </div>
   <div class='ocr_carea' id='block_1_5' title="bbox 188 2062 2396 2980">
    <p class='ocr_par' dir='ltr' id='par_1_5' title="bbox 188 2062 2396 2980">
     <span class='ocr_line' id='line_1_5' title="bbox 276 2062 2396 2205; baseline 0.002 -32"><span class='ocrx_word' id='word_1_9' title='bbox 276 2111 333 2173; x_wconf 91' lang='lat'><strong>1.</strong></span> <span class='ocrx_word' id='word_1_10' title='bbox 386 2062 852 2173; x_wconf 69' lang='lat' dir='ltr'><strong>Domnfflus</strong></span> <span class='ocrx_word' id='word_1_11' title='bbox 884 2120 1083 2172; x_wconf 84' lang='lat' dir='ltr'><strong>natus</strong></span> <span class='ocrx_word' id='word_1_12' title='bbox 1109 2118 1213 2173; x_wconf 89' lang='lat' dir='ltr'><strong>est</strong></span> <span class='ocrx_word' id='word_1_13' title='bbox 1231 2125 1417 2171; x_wconf 92' lang='lat' dir='ltr'><strong>nono</strong></span> <span class='ocrx_word' id='word_1_14' title='bbox 1441 2102 1778 2174; x_wconf 84' lang='lat' dir='ltr'><strong>Kalendas</strong></span> <span class='ocrx_word' id='word_1_15' title='bbox 1812 2108 2210 2177; x_wconf 84' lang='lat' dir='ltr'><strong>Novembris</strong></span> <span class='ocrx_word' id='word_1_16' title='bbox 2229 2164 2246 2193; x_wconf 93' lang='lat'>‚</span> <span class='ocrx_word' id='word_1_17' title='bbox 2279 2136 2396 2205; x_wconf 77' lang='lat' dir='ltr'><strong>pa-</strong></span> 
     </span>
     <span class='ocr_line' id='line_1_6' title="bbox 188 2213 2396 2313; baseline 0.004 -30"><span class='ocrx_word' id='word_1_18' title='bbox 188 2243 196 2249; x_wconf 95' lang='lat'>·</span> <span class='ocrx_word' id='word_1_19' title='bbox 274 2231 381 2283; x_wconf 80' lang='lat' dir='ltr'><strong>tre</strong></span> <span class='ocrx_word' id='word_1_20' title='bbox 412 2214 708 2283; x_wconf 78' lang='lat' dir='ltr'>Consule</span> <span class='ocrx_word' id='word_1_21' title='bbox 740 2213 1094 2308; x_wconf 75' lang='lat' dir='ltr'><strong>designato</strong></span> <span class='ocrx_word' id='word_1_22' title='bbox 1112 2225 1155 2298; x_wconf 89' lang='lat'><strong>¹,</strong></span> <span class='ocrx_word' id='word_1_23' title='bbox 1186 2217 1572 2309; x_wconf 89' lang='lat' dir='ltr'><strong>inituroque</strong></span> <span class='ocrx_word' id='word_1_24' title='bbox 1605 2239 1839 2285; x_wconf 87' lang='lat' dir='ltr'><strong>mense</strong></span> <span class='ocrx_word' id='word_1_25' title='bbox 1865 2218 2246 2313; x_wconf 83' lang='lat' dir='ltr'><strong>insequenti</strong></span> <span class='ocrx_word' id='word_1_26' title='bbox 2278 2222 2396 2292; x_wconf 86' lang='lat' dir='ltr'><strong>ho-</strong></span> 
     </span>
     <span class='ocr_line' id='line_1_7' title="bbox 275 2324 2391 2418; baseline 0.005 -26"><span class='ocrx_word' id='word_1_27' title='bbox 275 2348 514 2392; x_wconf 87' lang='lat' dir='ltr'><strong>norem</strong></span> <span class='ocrx_word' id='word_1_28' title='bbox 532 2378 550 2408; x_wconf 94' lang='lat'><strong>,</strong></span> <span class='ocrx_word' id='word_1_29' title='bbox 570 2328 847 2417; x_wconf 77' lang='lat' dir='ltr'><strong>regione</strong></span> <span class='ocrx_word' id='word_1_30' title='bbox 866 2325 1055 2393; x_wconf 86' lang='lat' dir='ltr'><strong>urbis</strong></span> <span class='ocrx_word' id='word_1_31' title='bbox 1081 2341 1269 2394; x_wconf 81' lang='lat' dir='ltr'><strong>sexta</strong></span> <span class='ocrx_word' id='word_1_32' title='bbox 1285 2379 1303 2409; x_wconf 93' lang='lat'><strong>,</strong></span> <span class='ocrx_word' id='word_1_33' title='bbox 1325 2324 1413 2392; x_wconf 86' lang='lat' dir='ltr'><strong>ad</strong></span> <span class='ocrx_word' id='word_1_34' title='bbox 1437 2324 1702 2393; x_wconf 81' lang='lat' dir='ltr'><strong>Malum</strong></span> <span class='ocrx_word' id='word_1_35' title='bbox 1722 2331 2052 2397; x_wconf 87' lang='lat' dir='ltr'><strong>Punicum</strong></span> <span class='ocrx_word' id='word_1_36' title='bbox 2071 2339 2094 2367; x_wconf 86' lang='lat'>²</span> <span class='ocrx_word' id='word_1_37' title='bbox 2109 2385 2127 2415; x_wconf 91' lang='lat'>‚</span> <span class='ocrx_word' id='word_1_38' title='bbox 2155 2332 2359 2403; x_wconf 88' lang='lat' dir='ltr'><strong>domo</strong></span> <span class='ocrx_word' id='word_1_39' title='bbox 2374 2389 2391 2418; x_wconf 94' lang='lat'>‚</span> 
     </span>
     <span class='ocr_line' id='line_1_8' title="bbox 276 2434 2394 2532; baseline 0.004 -28"><span class='ocrx_word' id='word_1_40' title='bbox 276 2459 487 2532; x_wconf 80' lang='lat' dir='ltr'><strong>quam</strong></span> <span class='ocrx_word' id='word_1_41' title='bbox 518 2452 753 2530; x_wconf 84' lang='lat' dir='ltr'><strong>postea</strong></span> <span class='ocrx_word' id='word_1_42' title='bbox 783 2438 854 2505; x_wconf 92' lang='lat' dir='ltr'><strong>in</strong></span> <span class='ocrx_word' id='word_1_43' title='bbox 886 2434 1218 2530; x_wconf 86' lang='lat' dir='ltr'><strong>templum</strong></span> <span class='ocrx_word' id='word_1_44' title='bbox 1243 2438 1461 2529; x_wconf 82' lang='lat' dir='ltr'><strong>gentis</strong></span> <span class='ocrx_word' id='word_1_45' title='bbox 1495 2436 1740 2506; x_wconf 83' lang='lat' dir='ltr'><strong>Flaviae</strong></span> <span class='ocrx_word' id='word_1_46' title='bbox 1772 2442 2119 2510; x_wconf 86' lang='lat' dir='ltr'><strong>convertit.</strong></span> <span class='ocrx_word' id='word_1_47' title='bbox 2147 2443 2394 2513; x_wconf 86' lang='lat' dir='ltr'><strong>Puber-</strong></span> 
     </span>
     <span class='ocr_line' id='line_1_9' title="bbox 275 2547 2393 2645; baseline 0.004 -29"><span class='ocrx_word' id='word_1_48' title='bbox 275 2552 433 2616; x_wconf 75' lang='lat' dir='ltr'><strong>tatis</strong></span> <span class='ocrx_word' id='word_1_49' title='bbox 468 2572 549 2616; x_wconf 86' lang='lat' dir='ltr'><strong>ac</strong></span> <span class='ocrx_word' id='word_1_50' title='bbox 574 2551 811 2642; x_wconf 84' lang='lat' dir='ltr'><strong>primae</strong></span> <span class='ocrx_word' id='word_1_51' title='bbox 843 2547 1319 2616; x_wconf 74' lang='lat' dir='ltr'><strong>adolescentiae</strong></span> <span class='ocrx_word' id='word_1_52' title='bbox 1350 2564 1654 2641; x_wconf 79' lang='lat' dir='ltr'><strong>tempuS,</strong></span> <span class='ocrx_word' id='word_1_53' title='bbox 1688 2565 1875 2617; x_wconf 81' lang='lat' dir='ltr'><strong>tanta</strong></span> <span class='ocrx_word' id='word_1_54' title='bbox 1909 2553 2140 2645; x_wconf 81' lang='lat' dir='ltr'><strong>inopia</strong></span> <span class='ocrx_word' id='word_1_55' title='bbox 2176 2571 2393 2624; x_wconf 80' lang='lat' dir='ltr'><strong>tanta-</strong></span> 
     </span>
     <span class='ocr_line' id='line_1_10' title="bbox 274 2657 2391 2754; baseline 0.006 -31"><span class='ocrx_word' id='word_1_56' title='bbox 274 2681 415 2754; x_wconf 85' lang='lat' dir='ltr'><strong>que</strong></span> <span class='ocrx_word' id='word_1_57' title='bbox 439 2659 712 2726; x_wconf 82' lang='lat' dir='ltr'><strong>infamia</strong></span> <span class='ocrx_word' id='word_1_58' title='bbox 735 2661 1022 2750; x_wconf 78' lang='lat' dir='ltr'><strong>gessisse</strong></span> <span class='ocrx_word' id='word_1_59' title='bbox 1051 2657 1269 2725; x_wconf 88' lang='lat' dir='ltr'><strong>fertur</strong></span> <span class='ocrx_word' id='word_1_60' title='bbox 1280 2659 1333 2744; x_wconf 86' lang='grc'><strong>3,</strong></span> <span class='ocrx_word' id='word_1_61' title='bbox 1364 2675 1443 2726; x_wconf 91' lang='lat' dir='ltr'><strong>ut</strong></span> <span class='ocrx_word' id='word_1_62' title='bbox 1464 2657 1735 2726; x_wconf 90' lang='lat' dir='ltr'><strong>nullum</strong></span> <span class='ocrx_word' id='word_1_63' title='bbox 1759 2677 2155 2752; x_wconf 77' lang='lat' dir='ltr'><strong>argenteum</strong></span> <span class='ocrx_word' id='word_1_64' title='bbox 2179 2689 2296 2734; x_wconf 85' lang='lat' dir='ltr'><strong>vas</strong></span> <span class='ocrx_word' id='word_1_65' title='bbox 2321 2670 2391 2735; x_wconf 91' lang='lat' dir='ltr'><strong>in</strong></span> 
     </span>
     <span class='ocr_line' id='line_1_11' title="bbox 272 2769 2392 2872; baseline 0.005 -32"><span class='ocrx_word' id='word_1_66' title='bbox 272 2794 411 2840; x_wconf 89' lang='lat' dir='ltr'><strong>usu</strong></span> <span class='ocrx_word' id='word_1_67' title='bbox 436 2769 750 2840; x_wconf 77' lang='lat' dir='ltr'><strong>haberet:</strong></span> <span class='ocrx_word' id='word_1_68' title='bbox 777 2774 1079 2868; x_wconf 71' lang='lat' dir='ltr'><strong>satisque</strong></span> <span class='ocrx_word' id='word_1_69' title='bbox 1098 2788 1395 2855; x_wconf 84' lang='lat' dir='ltr'><strong>constat,</strong></span> <span class='ocrx_word' id='word_1_70' title='bbox 1420 2769 1735 2841; x_wconf 88' lang='lat' dir='ltr'><strong>Clodium</strong></span> <span class='ocrx_word' id='word_1_71' title='bbox 1759 2775 2130 2845; x_wconf 90' lang='lat' dir='ltr'><strong>Pollionem</strong></span> <span class='ocrx_word' id='word_1_72' title='bbox 2150 2797 2392 2872; x_wconf 83' lang='lat' dir='ltr'><strong>praeto-</strong></span> 
     </span>
     <span class='ocr_line' id='line_1_12' title="bbox 272 2883 2394 2980; baseline 0.006 -32"><span class='ocrx_word' id='word_1_73' title='bbox 272 2884 459 2948; x_wconf 85' lang='lat' dir='ltr'><strong>rium</strong></span> <span class='ocrx_word' id='word_1_74' title='bbox 474 2883 694 2948; x_wconf 84' lang='lat' dir='ltr'><strong>virum</strong></span> <span class='ocrx_word' id='word_1_75' title='bbox 711 2933 730 2966; x_wconf 90' lang='lat'><strong>,</strong></span> <span class='ocrx_word' id='word_1_76' title='bbox 755 2884 826 2948; x_wconf 90' lang='lat' dir='ltr'><strong>in</strong></span> <span class='ocrx_word' id='word_1_77' title='bbox 850 2907 1057 2977; x_wconf 90' lang='lat' dir='ltr'><strong>quem</strong></span> <span class='ocrx_word' id='word_1_78' title='bbox 1071 2898 1175 2952; x_wconf 85' lang='lat' dir='ltr'><strong>est</strong></span> <span class='ocrx_word' id='word_1_79' title='bbox 1190 2907 1435 2976; x_wconf 87' lang='lat' dir='ltr'><strong>poema</strong></span> <span class='ocrx_word' id='word_1_80' title='bbox 1458 2887 1742 2952; x_wconf 86' lang='lat' dir='ltr'><strong>Neronis</strong></span> <span class='ocrx_word' id='word_1_81' title='bbox 1757 2939 1774 2968; x_wconf 94' lang='lat'>‚</span> <span class='ocrx_word' id='word_1_82' title='bbox 1795 2886 1981 2980; x_wconf 89' lang='lat' dir='ltr'><strong>quod</strong></span> <span class='ocrx_word' id='word_1_83' title='bbox 2005 2890 2394 2960; x_wconf 75' lang='lat' dir='ltr'><strong>inscribitur</strong></span> 
     </span>
    </p>
   </div>
   <div class='ocr_carea' id='block_1_6' title="bbox 270 3102 1293 4209">
    <p class='ocr_par' dir='ltr' id='par_1_6' title="bbox 270 3102 1291 3416">
     <span class='ocr_line' id='line_1_13' title="bbox 348 3102 1289 3181; baseline 0.002 -27"><span class='ocrx_word' id='word_1_84' title='bbox 348 3106 389 3155; x_wconf 94' lang='lat'><strong>1.</strong></span> <span class='ocrx_word' id='word_1_85' title='bbox 437 3120 483 3155; x_wconf 77' lang='grc' dir='ltr'><strong>ι.</strong></span> <span class='ocrx_word' id='word_1_86' title='bbox 526 3104 686 3158; x_wconf 72' lang='lat' dir='ltr'><strong>Pam</strong></span> <span class='ocrx_word' id='word_1_87' title='bbox 730 3102 950 3172; x_wconf 64' lang='lat' dir='ltr'><strong>Consule</strong></span> <span class='ocrx_word' id='word_1_88' title='bbox 986 3105 1289 3181; x_wconf 65' lang='lat' dir='ltr'><strong>designato,-</strong></span> 
     </span>
     <span class='ocr_line' id='line_1_14' title="bbox 272 3183 1290 3256; baseline 0.001 -21"><span class='ocrx_word' id='word_1_89' title='bbox 272 3185 341 3234; x_wconf 84' lang='grc' dir='ltr'><strong>Δ.</strong></span> <span class='ocrx_word' id='word_1_90' title='bbox 372 3185 439 3236; x_wconf 87' lang='lat' dir='ltr'><strong>U.</strong></span> <span class='ocrx_word' id='word_1_91' title='bbox 470 3183 603 3250; x_wconf 74' lang='grc'><strong>804,</strong></span> <span class='ocrx_word' id='word_1_92' title='bbox 638 3203 747 3256; x_wconf 88' lang='lat' dir='ltr'><strong>quo</strong></span> <span class='ocrx_word' id='word_1_93' title='bbox 770 3185 1129 3256; x_wconf 74' lang='lat' dir='ltr'><strong>Vespasianus</strong></span> <span class='ocrx_word' id='word_1_94' title='bbox 1154 3203 1290 3237; x_wconf 88' lang='lat' dir='ltr'><strong>con-</strong></span> 
     </span>
     <span class='ocr_line' id='line_1_15' title="bbox 270 3261 1291 3338; baseline 0 -19"><span class='ocrx_word' id='word_1_95' title='bbox 270 3261 507 3319; x_wconf 77' lang='lat' dir='ltr'><strong>sulatum</strong></span> <span class='ocrx_word' id='word_1_96' title='bbox 528 3267 689 3336; x_wconf 78' lang='lat' dir='ltr'><strong>gessit</strong></span> <span class='ocrx_word' id='word_1_97' title='bbox 704 3283 803 3338; x_wconf 81' lang='lat' dir='ltr'><strong>per</strong></span> <span class='ocrx_word' id='word_1_98' title='bbox 822 3265 961 3319; x_wconf 83' lang='lat' dir='ltr'><strong>duos</strong></span> <span class='ocrx_word' id='word_1_99' title='bbox 976 3268 1291 3319; x_wconf 74' lang='lat' dir='ltr'><strong>novissimos</strong></span> 
     </span>
     <span class='ocr_line' id='line_1_16' title="bbox 270 3344 1145 3416; baseline -0.001 -20"><span class='ocrx_word' id='word_1_100' title='bbox 270 3360 504 3396; x_wconf 75' lang='lat' dir='ltr'><strong>menses.</strong></span> <span class='ocrx_word' id='word_1_101' title='bbox 529 3344 664 3396; x_wconf 86' lang='lat' dir='ltr'><strong>Vide</strong></span> <span class='ocrx_word' id='word_1_102' title='bbox 690 3347 911 3416; x_wconf 80' lang='lat' dir='ltr'><strong>Vespas.</strong></span> <span class='ocrx_word' id='word_1_103' title='bbox 942 3363 1064 3416; x_wconf 80' lang='lat' dir='ltr'><strong>cap.</strong></span> <span class='ocrx_word' id='word_1_104' title='bbox 1095 3345 1145 3412; x_wconf 94' lang='grc'><strong>4.</strong></span> 
     </span>
    </p>

    <p class='ocr_par' dir='ltr' id='par_1_7' title="bbox 270 3421 1291 4209">
     <span class='ocr_line' id='line_1_17' title="bbox 351 3421 1289 3496; baseline 0 -22"><span class='ocrx_word' id='word_1_105' title='bbox 351 3439 403 3475; x_wconf 73' lang='lat'><strong>2.</strong></span> <span class='ocrx_word' id='word_1_106' title='bbox 440 3421 529 3474; x_wconf 83' lang='lat' dir='ltr'><strong>Ad</strong></span> <span class='ocrx_word' id='word_1_107' title='bbox 560 3421 772 3475; x_wconf 78' lang='lat' dir='ltr'><strong>Malum</strong></span> <span class='ocrx_word' id='word_1_108' title='bbox 809 3424 1072 3476; x_wconf 75' lang='lat' dir='ltr'><strong>Punicum</strong></span> <span class='ocrx_word' id='word_1_109' title='bbox 1084 3445 1104 3486; x_wconf 66' lang='grc' dir='ltr'><strong><em>ς</em></strong></span> <span class='ocrx_word' id='word_1_110' title='bbox 1144 3423 1289 3496; x_wconf 85' lang='lat' dir='ltr'><strong>quod</strong></span> 
     </span>
     <span class='ocr_line' id='line_1_18' title="bbox 270 3502 1289 3556; baseline -0.001 0"><span class='ocrx_word' id='word_1_111' title='bbox 270 3504 395 3556; x_wconf 81' lang='lat' dir='ltr'><strong>vico</strong></span> <span class='ocrx_word' id='word_1_112' title='bbox 421 3520 621 3555; x_wconf 84' lang='lat' dir='ltr'><strong>nomen</strong></span> <span class='ocrx_word' id='word_1_113' title='bbox 645 3502 726 3556; x_wconf 77' lang='lat' dir='ltr'><strong>vel</strong></span> <span class='ocrx_word' id='word_1_114' title='bbox 758 3522 791 3556; x_wconf 80' lang='lat' dir='ltr'>a</span> <span class='ocrx_word' id='word_1_115' title='bbox 813 3502 954 3554; x_wconf 79' lang='lat' dir='ltr'>malo</span> <span class='ocrx_word' id='word_1_116' title='bbox 982 3504 1183 3555; x_wconf 88' lang='lat' dir='ltr'><strong>Punico</strong></span> <span class='ocrx_word' id='word_1_117' title='bbox 1216 3503 1289 3556; x_wconf 88' lang='lat' dir='ltr'><strong>ibi</strong></span> 
     </span>
     <span class='ocr_line' id='line_1_19' title="bbox 273 3580 1287 3652; baseline -0.002 -16"><span class='ocrx_word' id='word_1_118' title='bbox 273 3580 461 3636; x_wconf 80' lang='lat' dir='ltr'><strong>efficto</strong></span> <span class='ocrx_word' id='word_1_119' title='bbox 483 3619 500 3646; x_wconf 87' lang='lat'>‚</span> <span class='ocrx_word' id='word_1_120' title='bbox 542 3581 687 3652; x_wconf 86' lang='lat' dir='ltr'><strong>quod</strong></span> <span class='ocrx_word' id='word_1_121' title='bbox 729 3583 923 3634; x_wconf 84' lang='lat' dir='ltr'><strong>nostris</strong></span> <span class='ocrx_word' id='word_1_122' title='bbox 967 3582 1023 3632; x_wconf 92' lang='lat' dir='ltr'><strong>in</strong></span> <span class='ocrx_word' id='word_1_123' title='bbox 1066 3580 1287 3634; x_wconf 76' lang='lat' dir='ltr'><strong>urbibus</strong></span> 
     </span>
     <span class='ocr_line' id='line_1_20' title="bbox 270 3661 1291 3734; baseline 0 -20"><span class='ocrx_word' id='word_1_124' title='bbox 270 3663 765 3734; x_wconf 81' lang='lat' dir='ltr'><strong>frequentissimum</strong></span> <span class='ocrx_word' id='word_1_125' title='bbox 777 3699 795 3730; x_wconf 83' lang='lat'>,</span> <span class='ocrx_word' id='word_1_126' title='bbox 812 3661 895 3714; x_wconf 80' lang='lat' dir='ltr'><strong>vel</strong></span> <span class='ocrx_word' id='word_1_127' title='bbox 916 3661 986 3714; x_wconf 77' lang='lat' dir='ltr'><strong>ab</strong></span> <span class='ocrx_word' id='word_1_128' title='bbox 1006 3661 1198 3714; x_wconf 78' lang='lat' dir='ltr'><strong>arbore</strong></span> <span class='ocrx_word' id='word_1_129' title='bbox 1218 3673 1291 3714; x_wconf 75' lang='lat' dir='ltr'><strong>ta-</strong></span> 
     </span>
     <span class='ocr_line' id='line_1_21' title="bbox 270 3740 1289 3814; baseline -0.001 -20"><span class='ocrx_word' id='word_1_130' title='bbox 270 3741 317 3794; x_wconf 82' lang='lat' dir='ltr'><strong>li</strong></span> <span class='ocrx_word' id='word_1_131' title='bbox 340 3740 417 3792; x_wconf 85' lang='lat' dir='ltr'><strong>ibi</strong></span> <span class='ocrx_word' id='word_1_132' title='bbox 439 3741 710 3812; x_wconf 77' lang='lat' dir='ltr'><strong>plantata,</strong></span> <span class='ocrx_word' id='word_1_133' title='bbox 732 3741 879 3814; x_wconf 84' lang='lat' dir='ltr'><strong>quod</strong></span> <span class='ocrx_word' id='word_1_134' title='bbox 896 3742 1153 3794; x_wconf 79' lang='lat' dir='ltr'><strong>Latinitas</strong></span> <span class='ocrx_word' id='word_1_135' title='bbox 1178 3760 1289 3795; x_wconf 86' lang='lat' dir='ltr'><strong>non</strong></span> 
     </span>
     <span class='ocr_line' id='line_1_22' title="bbox 272 3818 1293 3873; baseline -0.001 -1"><span class='ocrx_word' id='word_1_136' title='bbox 272 3821 419 3872; x_wconf 79' lang='lat' dir='ltr'><strong>ferre</strong></span> <span class='ocrx_word' id='word_1_137' title='bbox 444 3818 670 3871; x_wconf 79' lang='lat' dir='ltr'><strong>videtur.</strong></span> <span class='ocrx_word' id='word_1_138' title='bbox 696 3820 851 3872; x_wconf 87' lang='lat' dir='ltr'><strong>Conf.</strong></span> <span class='ocrx_word' id='word_1_139' title='bbox 878 3819 1157 3873; x_wconf 80' lang='lat' dir='ltr'><strong>Panciroll.</strong></span> <span class='ocrx_word' id='word_1_140' title='bbox 1187 3822 1293 3872; x_wconf 85' lang='lat' dir='ltr'><strong>De-</strong></span> 
     </span>
     <span class='ocr_line' id='line_1_23' title="bbox 272 3897 1291 3970; baseline -0.001 -16"><span class='ocrx_word' id='word_1_141' title='bbox 272 3899 464 3970; x_wconf 75' lang='lat' dir='ltr'><strong>script.</strong></span> <span class='ocrx_word' id='word_1_142' title='bbox 510 3897 642 3951; x_wconf 80' lang='lat' dir='ltr'><strong>Urb.</strong></span> <span class='ocrx_word' id='word_1_143' title='bbox 684 3899 838 3950; x_wconf 82' lang='lat' dir='ltr'>Rom.</span> <span class='ocrx_word' id='word_1_144' title='bbox 886 3899 1075 3970; x_wconf 87' lang='lat' dir='ltr'><strong>(Thes.</strong></span> <span class='ocrx_word' id='word_1_145' title='bbox 1123 3900 1291 3953; x_wconf 61' lang='grc' dir='ltr'><strong>(ἧι-εν.</strong></span> 
     </span>
     <span class='ocr_line' id='line_1_24' title="bbox 272 3978 1289 4053; baseline -0.001 -19"><span class='ocrx_word' id='word_1_146' title='bbox 272 3981 527 4046; x_wconf 77' lang='lat' dir='ltr'><strong>tom-111,</strong></span> <span class='ocrx_word' id='word_1_147' title='bbox 539 3997 661 4052; x_wconf 75' lang='lat' dir='ltr'><strong>pag.</strong></span> <span class='ocrx_word' id='word_1_148' title='bbox 680 3978 783 4047; x_wconf 75' lang='lat'><strong>345</strong></span> <span class='ocrx_word' id='word_1_149' title='bbox 795 3982 843 4053; x_wconf 85' lang='lat'><strong>);</strong></span> <span class='ocrx_word' id='word_1_150' title='bbox 858 3980 1059 4032; x_wconf 77' lang='lat' dir='ltr'><strong>Donat.</strong></span> <span class='ocrx_word' id='word_1_151' title='bbox 1074 3979 1141 4033; x_wconf 82' lang='lat' dir='ltr'><strong>de</strong></span> <span class='ocrx_word' id='word_1_152' title='bbox 1156 3981 1289 4033; x_wconf 81' lang='lat' dir='ltr'><strong>Urb-</strong></span> 
     </span>
     <span class='ocr_line' id='line_1_25' title="bbox 270 4059 1289 4125; baseline -0.002 -13"><span class='ocrx_word' id='word_1_153' title='bbox 270 4061 435 4112; x_wconf 81' lang='lat' dir='ltr'><strong>Rom.</strong></span> <span class='ocrx_word' id='word_1_154' title='bbox 468 4060 571 4125; x_wconf 87' lang='lat'>111,</span> <span class='ocrx_word' id='word_1_155' title='bbox 611 4060 671 4114; x_wconf 71' lang='lat'><strong>15</strong></span> <span class='ocrx_word' id='word_1_156' title='bbox 690 4080 704 4122; x_wconf 79' lang='lat'>3</span> <span class='ocrx_word' id='word_1_157' title='bbox 726 4059 961 4112; x_wconf 66' lang='lat' dir='ltr'><strong>‘Nar-din.</strong></span> <span class='ocrx_word' id='word_1_158' title='bbox 982 4060 1147 4111; x_wconf 67' lang='lat' dir='ltr'><strong>Rom.</strong></span> <span class='ocrx_word' id='word_1_159' title='bbox 1171 4062 1289 4112; x_wconf 76' lang='lat' dir='ltr'><strong>Vct.</strong></span> 
     </span>
     <span class='ocr_line' id='line_1_26' title="bbox 274 4141 450 4209; baseline -0.017 -18"><span class='ocrx_word' id='word_1_160' title='bbox 274 4141 369 4203; x_wconf 74' lang='lat' dir='ltr'><strong>IV,</strong></span> <span class='ocrx_word' id='word_1_161' title='bbox 399 4155 450 4209; x_wconf 86' lang='lat'><strong>7.</strong></span> 
     </span>
    </p>
   </div>
   <div class='ocr_carea' id='block_1_7' title="bbox 352 4215 1163 4290">
    <p class='ocr_par' dir='ltr' id='par_1_8' title="bbox 352 4215 1163 4290">
     <span class='ocr_line' id='line_1_27' title="bbox 352 4215 1163 4290; baseline 0.002 -22"><span class='ocrx_word' id='word_1_162' title='bbox 352 4215 403 4268; x_wconf 85' lang='lat'><strong>3.</strong></span> <span class='ocrx_word' id='word_1_163' title='bbox 436 4215 745 4268; x_wconf 77' lang='lat' dir='ltr'><strong>Pubertatis.</strong></span> <span class='ocrx_word' id='word_1_164' title='bbox 761 4256 773 4269; x_wconf 93' lang='lat'><em>.</em></span> <span class='ocrx_word' id='word_1_165' title='bbox 789 4255 800 4266; x_wconf 92' lang='lat'><em>.</em></span> <span class='ocrx_word' id='word_1_166' title='bbox 817 4257 829 4268; x_wconf 89' lang='lat'><strong><em>.</em></strong></span> <span class='ocrx_word' id='word_1_167' title='bbox 859 4226 1077 4290; x_wconf 76' lang='lat' dir='ltr'><strong>tempus.</strong></span> <span class='ocrx_word' id='word_1_168' title='bbox 1092 4255 1107 4269; x_wconf 94' lang='lat'><strong>.</strong></span> <span class='ocrx_word' id='word_1_169' title='bbox 1122 4259 1133 4269; x_wconf 94' lang='lat'><strong><em>.</em></strong></span> <span class='ocrx_word' id='word_1_170' title='bbox 1150 4258 1163 4270; x_wconf 92' lang='lat'><strong>.</strong></span> 
     </span>
    </p>
   </div>
   <div class='ocr_carea' id='block_1_8' title="bbox 1182 4235 1292 4290">
    <p class='ocr_par' dir='ltr' id='par_1_9' title="bbox 1182 4235 1292 4290">
     <span class='ocr_line' id='line_1_28' title="bbox 1182 4235 1292 4290; baseline 0 -20"><span class='ocrx_word' id='word_1_171' title='bbox 1182 4235 1292 4290; x_wconf 75' lang='lat' dir='ltr'><strong>qes-</strong></span> 
     </span>
    </p>
   </div>
   <div class='ocr_carea' id='block_1_9' title="bbox 1376 3105 2393 4286">
    <p class='ocr_par' dir='ltr' id='par_1_10' title="bbox 1376 3105 2391 3424">
     <span class='ocr_line' id='line_1_29' title="bbox 1379 3105 2389 3178; baseline 0.008 -18"><span class='ocrx_word' id='word_1_172' title='bbox 1379 3105 1956 3178; x_wconf 70' lang='lat' dir='ltr'><strong>sisseferluretc.Ju1-e</strong></span> <span class='ocrx_word' id='word_1_173' title='bbox 1971 3107 2212 3164; x_wconf 83' lang='lat' dir='ltr'><strong>defendit</strong></span> <span class='ocrx_word' id='word_1_174' title='bbox 2221 3114 2389 3170; x_wconf 83' lang='lat' dir='ltr'>Wolf.</span> 
     </span>
     <span class='ocr_line' id='line_1_30' title="bbox 1376 3187 2391 3268; baseline 0.013 -33"><span class='ocrx_word' id='word_1_175' title='bbox 1376 3187 1608 3260; x_wconf 68' lang='lat' dir='ltr'><strong>gessisse,</strong></span> <span class='ocrx_word' id='word_1_176' title='bbox 1642 3199 1700 3237; x_wconf 87' lang='lat' dir='ltr'><strong>ut</strong></span> <span class='ocrx_word' id='word_1_177' title='bbox 1728 3187 1950 3260; x_wconf 74' lang='lat' dir='ltr'><strong>Vespas-</strong></span> <span class='ocrx_word' id='word_1_178' title='bbox 1979 3188 2048 3255; x_wconf 69' lang='lat'><strong>²4</strong></span> <span class='ocrx_word' id='word_1_179' title='bbox 2071 3209 2274 3244; x_wconf 80' lang='lat' dir='ltr'><strong>annum</strong></span> <span class='ocrx_word' id='word_1_180' title='bbox 2295 3214 2391 3268; x_wconf 74' lang='lat' dir='ltr'><strong>qe-</strong></span> 
     </span>
     <span class='ocr_line' id='line_1_31' title="bbox 1380 3265 2389 3344; baseline 0.013 -30"><span class='ocrx_word' id='word_1_181' title='bbox 1380 3283 1522 3330; x_wconf 79' lang='lat' dir='ltr'><strong>rens,</strong></span> <span class='ocrx_word' id='word_1_182' title='bbox 1539 3277 1726 3317; x_wconf 80' lang='lat' dir='ltr'><strong>contra</strong></span> <span class='ocrx_word' id='word_1_183' title='bbox 1740 3265 1969 3318; x_wconf 82' lang='lat' dir='ltr'><strong>Casaub.</strong></span> <span class='ocrx_word' id='word_1_184' title='bbox 1989 3281 2042 3319; x_wconf 89' lang='lat' dir='ltr'><strong>et</strong></span> <span class='ocrx_word' id='word_1_185' title='bbox 2058 3269 2389 3344; x_wconf 82' lang='lat' dir='ltr'><strong>Ernestium,</strong></span> 
     </span>
     <span class='ocr_line' id='line_1_32' title="bbox 1380 3344 2392 3424; baseline 0.013 -31"><span class='ocrx_word' id='word_1_186' title='bbox 1380 3344 1706 3413; x_wconf 71' lang='lat' dir='ltr'><strong>corrigentes</strong></span> <span class='ocrx_word' id='word_1_187' title='bbox 1729 3345 1900 3418; x_wconf 65' lang='lat' dir='ltr'><strong>eyisse.</strong></span> <span class='ocrx_word' id='word_1_188' title='bbox 1921 3347 2000 3398; x_wconf 86' lang='lat' dir='ltr'><strong>Ita</strong></span> <span class='ocrx_word' id='word_1_189' title='bbox 2021 3359 2226 3402; x_wconf 74' lang='lat' dir='ltr'><strong>&lt;etatem</strong></span> <span class='ocrx_word' id='word_1_190' title='bbox 2245 3370 2392 3424; x_wconf 74' lang='lat' dir='ltr'><strong>qm-</strong></span> 
     </span>
    </p>

    <p class='ocr_par' dir='ltr' id='par_1_11' title="bbox 1376 3420 2390 3741">
     <span class='ocr_line' id='line_1_33' title="bbox 1382 3420 2390 3504; baseline 0.013 -30"><span class='ocrx_word' id='word_1_191' title='bbox 1382 3443 1436 3474; x_wconf 84' lang='lat' dir='ltr'><strong>re</strong></span> <span class='ocrx_word' id='word_1_192' title='bbox 1458 3441 1574 3475; x_wconf 81' lang='lat' dir='ltr'><strong>cum</strong></span> <span class='ocrx_word' id='word_1_193' title='bbox 1599 3420 1779 3495; x_wconf 77' lang='lat' dir='ltr'><strong>aliquo</strong></span> <span class='ocrx_word' id='word_1_194' title='bbox 1797 3423 1992 3496; x_wconf 81' lang='lat' dir='ltr'><strong>Sulpic.</strong></span> <span class='ocrx_word' id='word_1_195' title='bbox 2019 3426 2088 3478; x_wconf 81' lang='lat' dir='ltr'><strong>ad</strong></span> <span class='ocrx_word' id='word_1_196' title='bbox 2107 3428 2272 3482; x_wconf 79' lang='lat' dir='ltr'><strong>Cicer.</strong></span> <span class='ocrx_word' id='word_1_197' title='bbox 2300 3431 2390 3504; x_wconf 79' lang='lat' dir='ltr'><strong>(ad</strong></span> 
     </span>
     <span class='ocr_line' id='line_1_34' title="bbox 1376 3504 2388 3579; baseline 0.012 -25"><span class='ocrx_word' id='word_1_198' title='bbox 1376 3504 1497 3554; x_wconf 84' lang='lat' dir='ltr'><strong>Div.</strong></span> <span class='ocrx_word' id='word_1_199' title='bbox 1529 3505 1616 3568; x_wconf 80' lang='lat' dir='ltr'><strong>lv,</strong></span> <span class='ocrx_word' id='word_1_200' title='bbox 1641 3504 1724 3574; x_wconf 88' lang='lat'><strong>5).</strong></span> <span class='ocrx_word' id='word_1_201' title='bbox 1747 3504 1876 3556; x_wconf 83' lang='lat' dir='ltr'><strong>Mox</strong></span> <span class='ocrx_word' id='word_1_202' title='bbox 1901 3523 2022 3558; x_wconf 87' lang='lat' dir='ltr'><strong>cum</strong></span> <span class='ocrx_word' id='word_1_203' title='bbox 2044 3507 2188 3579; x_wconf 86' lang='lat' dir='ltr'><strong>Lips.</strong></span> <span class='ocrx_word' id='word_1_204' title='bbox 2214 3510 2388 3567; x_wconf 81' lang='lat' dir='ltr'><strong>Burm.</strong></span> 
     </span>
     <span class='ocr_line' id='line_1_35' title="bbox 1381 3581 2389 3661; baseline 0.01 -26"><span class='ocrx_word' id='word_1_205' title='bbox 1381 3596 1435 3635; x_wconf 85' lang='lat' dir='ltr'><strong>et</strong></span> <span class='ocrx_word' id='word_1_206' title='bbox 1475 3581 1724 3636; x_wconf 85' lang='lat' dir='ltr'><strong>Oudend.</strong></span> <span class='ocrx_word' id='word_1_207' title='bbox 1767 3584 1946 3636; x_wconf 76' lang='lat' dir='ltr'><strong>malim</strong></span> <span class='ocrx_word' id='word_1_208' title='bbox 1981 3598 2206 3656; x_wconf 74' lang='lat' dir='ltr'><strong>constet,</strong></span> <span class='ocrx_word' id='word_1_209' title='bbox 2249 3609 2389 3661; x_wconf 87' lang='lat' dir='ltr'><strong>quo-</strong></span> 
     </span>
     <span class='ocr_line' id='line_1_36' title="bbox 1376 3661 2386 3741; baseline 0.006 -27"><span class='ocrx_word' id='word_1_210' title='bbox 1376 3663 1521 3715; x_wconf 82' lang='lat' dir='ltr'><strong>niam</strong></span> <span class='ocrx_word' id='word_1_211' title='bbox 1549 3661 1656 3715; x_wconf 87' lang='lat' dir='ltr'><strong>hoc</strong></span> <span class='ocrx_word' id='word_1_212' title='bbox 1684 3681 1894 3716; x_wconf 80' lang='lat' dir='ltr'><strong>comma</strong></span> <span class='ocrx_word' id='word_1_213' title='bbox 1923 3668 2224 3720; x_wconf 82' lang='lat' dir='ltr'><strong>annectitur</strong></span> <span class='ocrx_word' id='word_1_214' title='bbox 2249 3689 2386 3741; x_wconf 75' lang='lat' dir='ltr'><strong>prae-</strong></span> 
     </span>
    </p>

    <p class='ocr_par' dir='ltr' id='par_1_12' title="bbox 1378 3744 2393 4286">
     <span class='ocr_line' id='line_1_37' title="bbox 1378 3744 2392 3818; baseline 0 -22"><span class='ocrx_word' id='word_1_215' title='bbox 1378 3746 1548 3797; x_wconf 81' lang='lat' dir='ltr'><strong>missae</strong></span> <span class='ocrx_word' id='word_1_216' title='bbox 1569 3744 1678 3796; x_wconf 78' lang='lat' dir='ltr'><strong>de</strong></span> <span class='ocrx_word' id='word_1_217' title='bbox 1659 3745 1839 3818; x_wconf 73' lang='lat' dir='ltr'><strong>mopia</strong></span> <span class='ocrx_word' id='word_1_218' title='bbox 1861 3757 1914 3797; x_wconf 80' lang='lat' dir='ltr'><strong>et</strong></span> <span class='ocrx_word' id='word_1_219' title='bbox 1931 3745 2158 3818; x_wconf 77' lang='lat' dir='ltr'><strong>infamia</strong></span> <span class='ocrx_word' id='word_1_220' title='bbox 2181 3765 2392 3804; x_wconf 83' lang='lat' dir='ltr'><strong>senten-</strong></span> 
     </span>
     <span class='ocr_line' id='line_1_38' title="bbox 1379 3822 2392 3902; baseline 0.008 -26"><span class='ocrx_word' id='word_1_221' title='bbox 1379 3824 1464 3876; x_wconf 71' lang='lat' dir='ltr'><strong>tiae</strong></span> <span class='ocrx_word' id='word_1_222' title='bbox 1486 3837 1548 3875; x_wconf 84' lang='lat' dir='ltr'><strong>ut</strong></span> <span class='ocrx_word' id='word_1_223' title='bbox 1572 3822 1812 3895; x_wconf 69' lang='lat' dir='ltr'><strong>infamt‘oe</strong></span> <span class='ocrx_word' id='word_1_224' title='bbox 1831 3827 2156 3897; x_wconf 77' lang='lat' dir='ltr'><strong>exemplum,</strong></span> <span class='ocrx_word' id='word_1_225' title='bbox 2181 3843 2240 3882; x_wconf 89' lang='lat' dir='ltr'><strong>ut</strong></span> <span class='ocrx_word' id='word_1_226' title='bbox 2259 3851 2392 3902; x_wconf 71' lang='lat' dir='ltr'><strong>pm-</strong></span> 
     </span>
     <span class='ocr_line' id='line_1_39' title="bbox 1381 3901 2392 3973; baseline 0.012 -21"><span class='ocrx_word' id='word_1_227' title='bbox 1381 3901 1576 3954; x_wconf 82' lang='lat' dir='ltr'><strong>cedens</strong></span> <span class='ocrx_word' id='word_1_228' title='bbox 1607 3902 1816 3973; x_wconf 76' lang='lat' dir='ltr'><strong>inopioe.</strong></span> <span class='ocrx_word' id='word_1_229' title='bbox 1841 3902 1946 3956; x_wconf 86' lang='lat' dir='ltr'><strong>Sed</strong></span> <span class='ocrx_word' id='word_1_230' title='bbox 1967 3904 2042 3955; x_wconf 78' lang='lat' dir='ltr'><strong>ita</strong></span> <span class='ocrx_word' id='word_1_231' title='bbox 2071 3907 2229 3958; x_wconf 81' lang='lat' dir='ltr'><strong>etiam</strong></span> <span class='ocrx_word' id='word_1_232' title='bbox 2251 3911 2392 3964; x_wconf 81' lang='lat' dir='ltr'><strong>male</strong></span> 
     </span>
     <span class='ocr_line' id='line_1_40' title="bbox 1380 3983 2390 4053; baseline 0.01 -19"><span class='ocrx_word' id='word_1_233' title='bbox 1380 3999 1439 4034; x_wconf 77' lang='lat' dir='ltr'><strong>se</strong></span> <span class='ocrx_word' id='word_1_234' title='bbox 1464 3983 1738 4053; x_wconf 82' lang='lat' dir='ltr'><strong>excipiunt</strong></span> <span class='ocrx_word' id='word_1_235' title='bbox 1765 3983 1972 4051; x_wconf 77' lang='lat' dir='ltr'><strong>fertur..</strong></span> <span class='ocrx_word' id='word_1_236' title='bbox 1960 4021 1991 4036; x_wconf 88' lang='lat'><strong>..</strong></span> <span class='ocrx_word' id='word_1_237' title='bbox 2030 3997 2090 4037; x_wconf 79' lang='lat' dir='ltr'><strong>ut</strong></span> <span class='ocrx_word' id='word_1_238' title='bbox 2113 3987 2236 4041; x_wconf 77' lang='lat' dir='ltr'><strong>satis</strong></span> <span class='ocrx_word' id='word_1_239' title='bbox 2259 4009 2390 4044; x_wconf 80' lang='lat' dir='ltr'><strong>con-</strong></span> 
     </span>
     <span class='ocr_line' id='line_1_41' title="bbox 1380 4058 2393 4131; baseline 0.01 -18"><span class='ocrx_word' id='word_1_240' title='bbox 1380 4069 1507 4127; x_wconf 77' lang='lat' dir='ltr'><strong>stet,</strong></span> <span class='ocrx_word' id='word_1_241' title='bbox 1543 4058 1691 4130; x_wconf 80' lang='lat' dir='ltr'><strong>quod</strong></span> <span class='ocrx_word' id='word_1_242' title='bbox 1720 4063 1961 4131; x_wconf 65' lang='lat' dir='ltr'><strong>regessit</strong></span> <span class='ocrx_word' id='word_1_243' title='bbox 1976 4062 2224 4118; x_wconf 71' lang='lat' dir='ltr'><strong>Wolfius.</strong></span> <span class='ocrx_word' id='word_1_244' title='bbox 2253 4068 2393 4123; x_wconf 75' lang='lat' dir='ltr'><strong>Utut.</strong></span> 
     </span>
     <span class='ocr_line' id='line_1_42' title="bbox 1379 4137 2386 4210; baseline 0.013 -20"><span class='ocrx_word' id='word_1_245' title='bbox 1379 4137 1568 4210; x_wconf 78' lang='lat' dir='ltr'><strong>legeris</strong></span> <span class='ocrx_word' id='word_1_246' title='bbox 1585 4177 1603 4207; x_wconf 87' lang='lat'><strong>‚</strong></span> <span class='ocrx_word' id='word_1_247' title='bbox 1644 4141 1812 4192; x_wconf 81' lang='lat' dir='ltr'><strong>oratio</strong></span> <span class='ocrx_word' id='word_1_248' title='bbox 1855 4140 2136 4204; x_wconf 77' lang='lat' dir='ltr'><strong>claudicat.</strong></span> <span class='ocrx_word' id='word_1_249' title='bbox 2177 4145 2386 4203; x_wconf 71' lang='lat' dir='ltr'><strong>Mulier.</strong></span> 
     </span>
     <span class='ocr_line' id='line_1_43' title="bbox 1382 4219 1896 4286; baseline 0.006 -18"><span class='ocrx_word' id='word_1_250' title='bbox 1382 4219 1600 4286; x_wconf 87' lang='lat' dir='ltr'><strong>conjicit</strong></span> <span class='ocrx_word' id='word_1_251' title='bbox 1625 4227 1896 4271; x_wconf 61' lang='lat' dir='ltr'><strong>constaret.</strong></span> 
     </span>
    </p>
   </div>
  </div>
 </body>
</html>
