<?xml version="1.0" encoding="UTF-8"?>
<!DOCTYPE html PUBLIC "-//W3C//DTD XHTML 1.0 Transitional//EN"
    "http://www.w3.org/TR/xhtml1/DTD/xhtml1-transitional.dtd">
<html xmlns="http://www.w3.org/1999/xhtml" xml:lang="en" lang="en">
 <head>
  <title>
</title>
<meta http-equiv="Content-Type" content="text/html;charset=utf-8" />
  <meta name='ocr-system' content='tesseract 3.04.00' />
  <meta name='ocr-capabilities' content='ocr_page ocr_carea ocr_par ocr_line ocrx_word'/>
</head>
<body>
  <div class='ocr_page' id='page_1' title='image "./csuetoniitranqu09suetgoog_0407.png"; bbox 0 0 3050 5004; ppageno 0'>
   <div class='ocr_carea' id='block_1_1' title="bbox 675 506 807 575">
    <p class='ocr_par' dir='ltr' id='par_1_1' title="bbox 675 506 807 575">
     <span class='ocr_line' id='line_1_1' title="bbox 675 506 807 575; baseline -0.015 0"><span class='ocrx_word' id='word_1_1' title='bbox 675 506 807 575; x_wconf 85' lang='lat'>366</span> 
     </span>
    </p>
   </div>
   <div class='ocr_carea' id='block_1_2' title="bbox 1428 502 2028 569">
    <p class='ocr_par' dir='ltr' id='par_1_2' title="bbox 1428 502 2028 569">
     <span class='ocr_line' id='line_1_2' title="bbox 1428 502 2028 569; baseline 0.003 -2"><span class='ocrx_word' id='word_1_2' title='bbox 1428 504 1501 567; x_wconf 92' lang='lat' dir='ltr'>C.</span> <span class='ocrx_word' id='word_1_3' title='bbox 1555 502 2028 569; x_wconf 87' lang='lat' dir='ltr'><strong>SUETONII</strong></span> 
     </span>
    </p>
   </div>
   <div class='ocr_carea' id='block_1_3' title="bbox 666 631 2781 1728">
    <p class='ocr_par' dir='ltr' id='par_1_3' title="bbox 666 631 2781 1728">
     <span class='ocr_line' id='line_1_3' title="bbox 670 631 2774 729; baseline 0 -24"><span class='ocrx_word' id='word_1_4' title='bbox 670 641 847 707; x_wconf 85' lang='lat' dir='ltr'>sieut</span> <span class='ocrx_word' id='word_1_5' title='bbox 892 651 1177 729; x_wconf 85' lang='lat' dir='ltr'>apparet</span> <span class='ocrx_word' id='word_1_6' title='bbox 1216 650 1283 701; x_wconf 88' lang='lat' dir='ltr'>et</span> <span class='ocrx_word' id='word_1_7' title='bbox 1330 648 1708 703; x_wconf 79' lang='lat' dir='ltr'>statuarum</span> <span class='ocrx_word' id='word_1_8' title='bbox 1755 650 1824 701; x_wconf 89' lang='lat' dir='ltr'>et</span> <span class='ocrx_word' id='word_1_9' title='bbox 1865 635 2242 728; x_wconf 75' lang='lat' dir='ltr'><strong>imaginum</strong></span> <span class='ocrx_word' id='word_1_10' title='bbox 2289 631 2437 729; x_wconf 82' lang='lat' dir='ltr'>ejus</span> <span class='ocrx_word' id='word_1_11' title='bbox 2485 636 2774 705; x_wconf 82' lang='lat' dir='ltr'>multitu-</span> 
     </span>
     <span class='ocr_line' id='line_1_4' title="bbox 668 735 2776 839; baseline -0.001 -24"><span class='ocrx_word' id='word_1_12' title='bbox 668 745 897 829; x_wconf 81' lang='lat' dir='ltr'>dine³‚</span> <span class='ocrx_word' id='word_1_13' title='bbox 921 771 1002 815; x_wconf 85' lang='lat' dir='ltr'>ac</span> <span class='ocrx_word' id='word_1_14' title='bbox 1020 744 1231 815; x_wconf 84' lang='lat' dir='ltr'>titulis</span> <span class='ocrx_word' id='word_1_15' title='bbox 1256 768 1383 839; x_wconf 87' lang='lat' dir='ltr'>per</span> <span class='ocrx_word' id='word_1_16' title='bbox 1408 760 1774 839; x_wconf 89' lang='lat' dir='ltr'>utramque</span> <span class='ocrx_word' id='word_1_17' title='bbox 1800 735 2242 837; x_wconf 80' lang='lat' dir='ltr'>provinciam.</span> <span class='ocrx_word' id='word_1_18' title='bbox 2271 749 2432 815; x_wconf 84' lang='lat' dir='ltr'><strong>Post</strong></span> <span class='ocrx_word' id='word_1_19' title='bbox 2454 744 2776 839; x_wconf 86' lang='lat' dir='ltr'>stipendia</span> 
     </span>
     <span class='ocr_line' id='line_1_5' title="bbox 672 856 2772 953; baseline -0 -27"><span class='ocrx_word' id='word_1_20' title='bbox 672 868 844 927; x_wconf 85' lang='lat' dir='ltr'>Foro</span> <span class='ocrx_word' id='word_1_21' title='bbox 880 883 1159 953; x_wconf 89' lang='lat' dir='ltr'>operam</span> <span class='ocrx_word' id='word_1_22' title='bbox 1196 856 1382 926; x_wconf 88' lang='lat' dir='ltr'><strong>dedit</strong></span> <span class='ocrx_word' id='word_1_23' title='bbox 1401 910 1418 939; x_wconf 93' lang='lat'>‚</span> <span class='ocrx_word' id='word_1_24' title='bbox 1465 856 1826 926; x_wconf 82' lang='lat' dir='ltr'><strong>honestam</strong></span> <span class='ocrx_word' id='word_1_25' title='bbox 1864 860 2111 949; x_wconf 74' lang='lat' dir='ltr'>magia,</span> <span class='ocrx_word' id='word_1_26' title='bbox 2149 882 2358 953; x_wconf 89' lang='lat' dir='ltr'>quam</span> <span class='ocrx_word' id='word_1_27' title='bbox 2397 858 2772 928; x_wconf 83' lang='lat' dir='ltr'>assiduam:</span> 
     </span>
     <span class='ocr_line' id='line_1_6' title="bbox 669 965 2778 1064; baseline -0.001 -27"><span class='ocrx_word' id='word_1_28' title='bbox 669 970 1045 1064; x_wconf 90' lang='lat' dir='ltr'>eodemque</span> <span class='ocrx_word' id='word_1_29' title='bbox 1067 984 1375 1061; x_wconf 82' lang='lat' dir='ltr'>tempore</span> <span class='ocrx_word' id='word_1_30' title='bbox 1401 966 1800 1035; x_wconf 85' lang='lat' dir='ltr'>Arricidiam</span> <span class='ocrx_word' id='word_1_31' title='bbox 1827 965 2203 1035; x_wconf 82' lang='lat' dir='ltr'>Tertullam</span> <span class='ocrx_word' id='word_1_32' title='bbox 2219 966 2248 1019; x_wconf 76' lang='lat'>⁴</span> <span class='ocrx_word' id='word_1_33' title='bbox 2265 1020 2283 1051; x_wconf 92' lang='lat'>‚</span> <span class='ocrx_word' id='word_1_34' title='bbox 2317 982 2510 1060; x_wconf 90' lang='lat' dir='ltr'>patre</span> <span class='ocrx_word' id='word_1_35' title='bbox 2543 972 2778 1062; x_wconf 86' lang='lat' dir='ltr'>Equite</span> 
     </span>
     <span class='ocr_line' id='line_1_7' title="bbox 668 1076 2780 1172; baseline -0.001 -24"><span class='ocrx_word' id='word_1_36' title='bbox 668 1086 1007 1163; x_wconf 82' lang='lat' dir='ltr'><strong>Romane,</strong></span> <span class='ocrx_word' id='word_1_37' title='bbox 1047 1078 1169 1147; x_wconf 86' lang='lat' dir='ltr'>sed</span> <span class='ocrx_word' id='word_1_38' title='bbox 1206 1080 1532 1146; x_wconf 83' lang='lat' dir='ltr'>Proefeeto</span> <span class='ocrx_word' id='word_1_39' title='bbox 1569 1076 1918 1172; x_wconf 89' lang='lat' dir='ltr'>quondam</span> <span class='ocrx_word' id='word_1_40' title='bbox 1953 1080 2513 1171; x_wconf 67' lang='lat' dir='ltr'>praetorianarum</span> <span class='ocrx_word' id='word_1_41' title='bbox 2549 1078 2780 1146; x_wconf 88' lang='lat' dir='ltr'>cohor·</span> 
     </span>
     <span class='ocr_line' id='line_1_8' title="bbox 667 1190 2781 1277; baseline -0.002 -14"><span class='ocrx_word' id='word_1_42' title='bbox 667 1199 870 1277; x_wconf 85' lang='lat' dir='ltr'>tium,</span> <span class='ocrx_word' id='word_1_43' title='bbox 900 1193 1095 1261; x_wconf 87' lang='lat' dir='ltr'>duxit</span> <span class='ocrx_word' id='word_1_44' title='bbox 1119 1214 1434 1259; x_wconf 85' lang='lat' dir='ltr'>uxorem:</span> <span class='ocrx_word' id='word_1_45' title='bbox 1469 1194 1632 1259; x_wconf 88' lang='lat' dir='ltr'>etin</span> <span class='ocrx_word' id='word_1_46' title='bbox 1655 1190 1992 1259; x_wconf 63' lang='lat' dir='ltr'>defunctae</span> <span class='ocrx_word' id='word_1_47' title='bbox 2017 1191 2242 1259; x_wconf 88' lang='lat' dir='ltr'>locum</span> <span class='ocrx_word' id='word_1_48' title='bbox 2271 1194 2598 1259; x_wconf 79' lang='lat' dir='ltr'>Marciam</span> <span class='ocrx_word' id='word_1_49' title='bbox 2623 1198 2781 1259; x_wconf 88' lang='lat' dir='ltr'>Fur-</span> 
     </span>
     <span class='ocr_line' id='line_1_9' title="bbox 666 1300 2774 1397; baseline -0.002 -24"><span class='ocrx_word' id='word_1_50' title='bbox 666 1306 947 1375; x_wconf 71' lang='lat' dir='ltr'>uillam⁵</span> <span class='ocrx_word' id='word_1_51' title='bbox 986 1302 1323 1397; x_wconf 87' lang='lat' dir='ltr'><strong>splendidi</strong></span> <span class='ocrx_word' id='word_1_52' title='bbox 1362 1305 1666 1395; x_wconf 76' lang='lat' dir='ltr'>generi33</span> <span class='ocrx_word' id='word_1_53' title='bbox 1711 1324 1868 1369; x_wconf 88' lang='lat' dir='ltr'>cum</span> <span class='ocrx_word' id='word_1_54' title='bbox 1911 1322 2077 1396; x_wconf 86' lang='lat' dir='ltr'>qua,</span> <span class='ocrx_word' id='word_1_55' title='bbox 2123 1300 2390 1369; x_wconf 84' lang='lat' dir='ltr'>sublata</span> <span class='ocrx_word' id='word_1_56' title='bbox 2427 1300 2642 1385; x_wconf 81' lang='lat' dir='ltr'>filia⁶‚</span> <span class='ocrx_word' id='word_1_57' title='bbox 2685 1302 2774 1370; x_wconf 91' lang='lat' dir='ltr'>di-</span> 
     </span>
     <span class='ocr_line' id='line_1_10' title="bbox 666 1411 2778 1508; baseline -0.002 -23"><span class='ocrx_word' id='word_1_58' title='bbox 666 1419 961 1487; x_wconf 85' lang='lat' dir='ltr'>vortium</span> <span class='ocrx_word' id='word_1_59' title='bbox 992 1416 1173 1483; x_wconf 85' lang='lat' dir='ltr'>fecit.</span> <span class='ocrx_word' id='word_1_60' title='bbox 1214 1419 1313 1481; x_wconf 80' lang='lat' dir='ltr'>Ex</span> <span class='ocrx_word' id='word_1_61' title='bbox 1345 1430 1715 1508; x_wconf 83' lang='lat' dir='ltr'>quaesturae</span> <span class='ocrx_word' id='word_1_62' title='bbox 1752 1411 1996 1481; x_wconf 89' lang='lat' dir='ltr'>deinde</span> <span class='ocrx_word' id='word_1_63' title='bbox 2034 1412 2294 1481; x_wconf 87' lang='lat' dir='ltr'>honore</span> <span class='ocrx_word' id='word_1_64' title='bbox 2331 1411 2580 1505; x_wconf 82' lang='lat' dir='ltr'>legioni</span> <span class='ocrx_word' id='word_1_65' title='bbox 2617 1438 2778 1507; x_wconf 70' lang='lat' dir='ltr'>prae-</span> 
     </span>
     <span class='ocr_line' id='line_1_11' title="bbox 666 1520 2778 1620; baseline -0 -26"><span class='ocrx_word' id='word_1_66' title='bbox 666 1529 931 1620; x_wconf 84' lang='lat' dir='ltr'>positus</span> <span class='ocrx_word' id='word_1_67' title='bbox 947 1536 971 1576; x_wconf 91' lang='lat'>⁷</span> <span class='ocrx_word' id='word_1_68' title='bbox 993 1578 1011 1606; x_wconf 89' lang='lat'><strong>‚</strong></span> <span class='ocrx_word' id='word_1_69' title='bbox 1046 1520 1473 1593; x_wconf 81' lang='lat' dir='ltr'>Tarichaeas⁸</span> <span class='ocrx_word' id='word_1_70' title='bbox 1498 1538 1568 1589; x_wconf 90' lang='lat' dir='ltr'>et</span> <span class='ocrx_word' id='word_1_71' title='bbox 1597 1521 1980 1605; x_wconf 88' lang='lat' dir='ltr'>Gamalam,</span> <span class='ocrx_word' id='word_1_72' title='bbox 2007 1523 2212 1591; x_wconf 87' lang='lat' dir='ltr'>urbes</span> <span class='ocrx_word' id='word_1_73' title='bbox 2239 1521 2496 1592; x_wconf 81' lang='lat' dir='ltr'>Judaeoe</span> <span class='ocrx_word' id='word_1_74' title='bbox 2519 1523 2778 1593; x_wconf 81' lang='lat' dir='ltr'>validis·</span> 
     </span>
     <span class='ocr_line' id='line_1_12' title="bbox 668 1631 2776 1728; baseline -0.002 -23"><span class='ocrx_word' id='word_1_75' title='bbox 668 1640 871 1705; x_wconf 86' lang='lat' dir='ltr'>simas</span> <span class='ocrx_word' id='word_1_76' title='bbox 890 1688 908 1719; x_wconf 93' lang='lat'>‚</span> <span class='ocrx_word' id='word_1_77' title='bbox 940 1639 1009 1701; x_wconf 91' lang='lat' dir='ltr'>in</span> <span class='ocrx_word' id='word_1_78' title='bbox 1036 1650 1441 1727; x_wconf 87' lang='lat' dir='ltr'>potestatem</span> <span class='ocrx_word' id='word_1_79' title='bbox 1478 1631 1778 1723; x_wconf 77' lang='lat' dir='ltr'>redegit3</span> <span class='ocrx_word' id='word_1_80' title='bbox 1813 1655 1988 1727; x_wconf 88' lang='lat' dir='ltr'>equo</span> <span class='ocrx_word' id='word_1_81' title='bbox 2018 1632 2312 1728; x_wconf 88' lang='lat' dir='ltr'>quadam</span> <span class='ocrx_word' id='word_1_82' title='bbox 2347 1636 2492 1701; x_wconf 88' lang='lat' dir='ltr'>acie</span> <span class='ocrx_word' id='word_1_83' title='bbox 2523 1634 2652 1702; x_wconf 88' lang='lat' dir='ltr'>sub</span> <span class='ocrx_word' id='word_1_84' title='bbox 2684 1635 2776 1701; x_wconf 84' lang='lat' dir='ltr'>fe-</span> 
     </span>
    </p>
   </div>
   <div class='ocr_carea' id='block_1_4' title="bbox 654 1894 1684 4200">
    <p class='ocr_par' dir='ltr' id='par_1_4' title="bbox 654 1894 1684 3864">
     <span class='ocr_line' id='line_1_13' title="bbox 664 1894 1681 1969; baseline 0 -20"><span class='ocrx_word' id='word_1_85' title='bbox 664 1896 790 1969; x_wconf 72' lang='lat' dir='ltr'>gula</span> <span class='ocrx_word' id='word_1_86' title='bbox 814 1896 869 1949; x_wconf 89' lang='lat' dir='ltr'>in</span> <span class='ocrx_word' id='word_1_87' title='bbox 893 1894 1179 1949; x_wconf 77' lang='lat' dir='ltr'>scribendo</span> <span class='ocrx_word' id='word_1_88' title='bbox 1200 1915 1393 1968; x_wconf 78' lang='lat' dir='ltr'>parum</span> <span class='ocrx_word' id='word_1_89' title='bbox 1414 1894 1681 1967; x_wconf 75' lang='lat' dir='ltr'>disjunge-</span> 
     </span>
     <span class='ocr_line' id='line_1_14' title="bbox 667 1975 1681 2048; baseline -0.002 -18"><span class='ocrx_word' id='word_1_90' title='bbox 667 1992 869 2043; x_wconf 85' lang='lat' dir='ltr'>rentur,</span> <span class='ocrx_word' id='word_1_91' title='bbox 896 1975 1264 2048; x_wconf 73' lang='lat' dir='ltr'><strong>diphthongus</strong></span> <span class='ocrx_word' id='word_1_92' title='bbox 1292 1994 1335 2028; x_wconf 74' lang='grc' dir='ltr'><em>ω</em></span> <span class='ocrx_word' id='word_1_93' title='bbox 1360 1976 1681 2047; x_wconf 80' lang='lat' dir='ltr'>plerumque</span> 
     </span>
     <span class='ocr_line' id='line_1_15' title="bbox 668 2054 1682 2128; baseline -0.002 -21"><span class='ocrx_word' id='word_1_94' title='bbox 668 2075 767 2128; x_wconf 84' lang='lat' dir='ltr'>per</span> <span class='ocrx_word' id='word_1_95' title='bbox 791 2075 852 2123; x_wconf 84' lang='lat' dir='ltr'>e,</span> <span class='ocrx_word' id='word_1_96' title='bbox 892 2067 944 2107; x_wconf 88' lang='lat' dir='ltr'>et</span> <span class='ocrx_word' id='word_1_97' title='bbox 980 2054 1177 2126; x_wconf 80' lang='lat' dir='ltr'>copula</span> <span class='ocrx_word' id='word_1_98' title='bbox 1204 2066 1255 2107; x_wconf 79' lang='lat' dir='ltr'>et</span> <span class='ocrx_word' id='word_1_99' title='bbox 1293 2072 1391 2127; x_wconf 83' lang='lat' dir='ltr'>per</span> <span class='ocrx_word' id='word_1_100' title='bbox 1422 2074 1682 2127; x_wconf 86' lang='lat' dir='ltr'>compen·</span> 
     </span>
     <span class='ocr_line' id='line_1_16' title="bbox 665 2134 1684 2207; baseline -0.003 -18"><span class='ocrx_word' id='word_1_101' title='bbox 665 2137 813 2189; x_wconf 85' lang='lat' dir='ltr'>dium</span> <span class='ocrx_word' id='word_1_102' title='bbox 830 2138 1229 2207; x_wconf 80' lang='lat' dir='ltr'>exprimeretur.</span> <span class='ocrx_word' id='word_1_103' title='bbox 1244 2135 1515 2199; x_wconf 84' lang='lat' dir='ltr'>Ceterum,</span> <span class='ocrx_word' id='word_1_104' title='bbox 1537 2134 1684 2206; x_wconf 84' lang='lat' dir='ltr'>quod</span> 
     </span>
     <span class='ocr_line' id='line_1_17' title="bbox 654 2216 1682 2289; baseline -0.002 -19"><span class='ocrx_word' id='word_1_105' title='bbox 654 2218 873 2289; x_wconf 80' lang='lat' dir='ltr'>famam</span> <span class='ocrx_word' id='word_1_106' title='bbox 895 2217 1203 2289; x_wconf 71' lang='lat' dir='ltr'>simpliciter</span> <span class='ocrx_word' id='word_1_107' title='bbox 1226 2217 1301 2267; x_wconf 87' lang='lat' dir='ltr'>ita</span> <span class='ocrx_word' id='word_1_108' title='bbox 1324 2216 1433 2269; x_wconf 87' lang='lat' dir='ltr'>diei</span> <span class='ocrx_word' id='word_1_109' title='bbox 1454 2228 1682 2287; x_wconf 77' lang='lat' dir='ltr'>negant,</span> 
     </span>
     <span class='ocr_line' id='line_1_18' title="bbox 668 2295 1682 2369; baseline 0 -20"><span class='ocrx_word' id='word_1_110' title='bbox 668 2300 761 2369; x_wconf 84' lang='lat' dir='ltr'>qui</span> <span class='ocrx_word' id='word_1_111' title='bbox 783 2295 1053 2369; x_wconf 77' lang='lat' dir='ltr'>vulgatam</span> <span class='ocrx_word' id='word_1_112' title='bbox 1082 2298 1429 2368; x_wconf 78' lang='lat' dir='ltr'>impugnant,</span> <span class='ocrx_word' id='word_1_113' title='bbox 1456 2296 1513 2349; x_wconf 86' lang='lat' dir='ltr'>id</span> <span class='ocrx_word' id='word_1_114' title='bbox 1541 2298 1682 2349; x_wconf 84' lang='lat' dir='ltr'>refu-</span> 
     </span>
     <span class='ocr_line' id='line_1_19' title="bbox 666 2376 1680 2446; baseline -0.002 -16"><span class='ocrx_word' id='word_1_115' title='bbox 666 2379 825 2446; x_wconf 82' lang='lat' dir='ltr'>tavit,</span> <span class='ocrx_word' id='word_1_116' title='bbox 845 2380 901 2430; x_wconf 89' lang='lat' dir='ltr'>in</span> <span class='ocrx_word' id='word_1_117' title='bbox 922 2376 1117 2430; x_wconf 81' lang='lat' dir='ltr'>tuenda</span> <span class='ocrx_word' id='word_1_118' title='bbox 1138 2376 1227 2428; x_wconf 84' lang='lat' dir='ltr'>illa</span> <span class='ocrx_word' id='word_1_119' title='bbox 1246 2376 1377 2429; x_wconf 81' lang='lat' dir='ltr'>alias</span> <span class='ocrx_word' id='word_1_120' title='bbox 1392 2378 1680 2443; x_wconf 71' lang='lat' dir='ltr'>morosior,</span> 
     </span>
     <span class='ocr_line' id='line_1_20' title="bbox 667 2458 1684 2530; baseline -0.004 -16"><span class='ocrx_word' id='word_1_121' title='bbox 667 2458 932 2514; x_wconf 84' lang='lat' dir='ltr'>Walther.</span> <span class='ocrx_word' id='word_1_122' title='bbox 963 2458 1183 2513; x_wconf 81' lang='lat' dir='ltr'>Observ.</span> <span class='ocrx_word' id='word_1_123' title='bbox 1219 2476 1342 2530; x_wconf 75' lang='lat' dir='ltr'>pag.</span> <span class='ocrx_word' id='word_1_124' title='bbox 1380 2459 1469 2525; x_wconf 82' lang='grc'>31,</span> <span class='ocrx_word' id='word_1_125' title='bbox 1505 2476 1684 2512; x_wconf 84' lang='lat' dir='ltr'>exem-</span> 
     </span>
     <span class='ocr_line' id='line_1_21' title="bbox 666 2537 1679 2612; baseline -0.003 -20"><span class='ocrx_word' id='word_1_126' title='bbox 666 2541 759 2612; x_wconf 88' lang='lat' dir='ltr'>plo</span> <span class='ocrx_word' id='word_1_127' title='bbox 788 2540 990 2605; x_wconf 78' lang='lat' dir='ltr'>Taciti,</span> <span class='ocrx_word' id='word_1_128' title='bbox 1021 2537 1217 2590; x_wconf 81' lang='lat' dir='ltr'>Annal.</span> <span class='ocrx_word' id='word_1_129' title='bbox 1248 2539 1391 2603; x_wconf 81' lang='lat' dir='ltr'>xlv,</span> <span class='ocrx_word' id='word_1_130' title='bbox 1428 2537 1519 2607; x_wconf 73' lang='lat'>47,</span> <span class='ocrx_word' id='word_1_131' title='bbox 1559 2559 1581 2584; x_wconf 76' lang='grc' dir='ltr'><strong>α</strong></span> <span class='ocrx_word' id='word_1_132' title='bbox 1601 2537 1679 2590; x_wconf 87' lang='grc' dir='ltr'>Εο</span> 
     </span>
     <span class='ocr_line' id='line_1_22' title="bbox 666 2615 1680 2671; baseline -0.002 -1"><span class='ocrx_word' id='word_1_133' title='bbox 666 2637 809 2671; x_wconf 82' lang='lat' dir='ltr'>anno</span> <span class='ocrx_word' id='word_1_134' title='bbox 838 2631 1064 2670; x_wconf 85' lang='lat' dir='ltr'>mortem</span> <span class='ocrx_word' id='word_1_135' title='bbox 1093 2615 1229 2669; x_wconf 88' lang='lat' dir='ltr'>obiit</span> <span class='ocrx_word' id='word_1_136' title='bbox 1255 2617 1538 2669; x_wconf 77' lang='lat' dir='ltr'>Memmius</span> <span class='ocrx_word' id='word_1_137' title='bbox 1574 2617 1680 2668; x_wconf 81' lang='lat' dir='ltr'>Re-</span> 
     </span>
     <span class='ocr_line' id='line_1_23' title="bbox 663 2695 1680 2771; baseline -0.002 -21"><span class='ocrx_word' id='word_1_138' title='bbox 663 2699 851 2771; x_wconf 71' lang='lat' dir='ltr'>gulus,</span> <span class='ocrx_word' id='word_1_139' title='bbox 872 2699 1215 2763; x_wconf 82' lang='lat' dir='ltr'>auctoritate,</span> <span class='ocrx_word' id='word_1_140' title='bbox 1240 2699 1570 2763; x_wconf 80' lang='lat' dir='ltr'>constantia,</span> <span class='ocrx_word' id='word_1_141' title='bbox 1583 2695 1680 2767; x_wconf 85' lang='lat' dir='ltr'>fa-</span> 
     </span>
     <span class='ocr_line' id='line_1_24' title="bbox 666 2775 1680 2849; baseline -0.003 -19"><span class='ocrx_word' id='word_1_142' title='bbox 666 2797 757 2830; x_wconf 82' lang='lat' dir='ltr'>ma</span> <span class='ocrx_word' id='word_1_143' title='bbox 772 2816 791 2843; x_wconf 93' lang='lat'>,</span> <span class='ocrx_word' id='word_1_144' title='bbox 838 2781 893 2830; x_wconf 89' lang='lat' dir='ltr'>in</span> <span class='ocrx_word' id='word_1_145' title='bbox 940 2791 1203 2849; x_wconf 85' lang='lat' dir='ltr'>quantum</span> <span class='ocrx_word' id='word_1_146' title='bbox 1222 2814 1239 2842; x_wconf 94' lang='grc'>,</span> <span class='ocrx_word' id='word_1_147' title='bbox 1284 2775 1680 2848; x_wconf 73' lang='lat' dir='ltr'>praeumbrante</span> 
     </span>
     <span class='ocr_line' id='line_1_25' title="bbox 668 2855 1680 2929; baseline -0.001 -20"><span class='ocrx_word' id='word_1_148' title='bbox 668 2859 1004 2929; x_wconf 69' lang='lat' dir='ltr'>imperatorie</span> <span class='ocrx_word' id='word_1_149' title='bbox 1041 2856 1255 2928; x_wconf 79' lang='lat' dir='ltr'>fastigio</span> <span class='ocrx_word' id='word_1_150' title='bbox 1275 2893 1292 2922; x_wconf 89' lang='lat'>‚</span> <span class='ocrx_word' id='word_1_151' title='bbox 1336 2855 1523 2924; x_wconf 84' lang='lat' dir='ltr'>datur,</span> <span class='ocrx_word' id='word_1_152' title='bbox 1565 2855 1680 2908; x_wconf 85' lang='lat' dir='ltr'>cla·</span> 
     </span>
     <span class='ocr_line' id='line_1_26' title="bbox 668 2935 1683 2990; baseline -0.001 -2"><span class='ocrx_word' id='word_1_153' title='bbox 668 2955 776 2988; x_wconf 77' lang='lat' dir='ltr'>rus.</span> <span class='ocrx_word' id='word_1_154' title='bbox 800 2959 823 2982; x_wconf 71' lang='grc' dir='ltr'><strong>ο</strong></span> <span class='ocrx_word' id='word_1_155' title='bbox 846 2935 1111 2989; x_wconf 72' lang='lat' dir='ltr'>Industria</span> <span class='ocrx_word' id='word_1_156' title='bbox 1136 2949 1317 2988; x_wconf 76' lang='lat' dir='ltr'>autem</span> <span class='ocrx_word' id='word_1_157' title='bbox 1334 2949 1415 2988; x_wconf 76' lang='lat' dir='ltr'>est</span> <span class='ocrx_word' id='word_1_158' title='bbox 1436 2938 1490 2988; x_wconf 91' lang='lat' dir='ltr'>in</span> <span class='ocrx_word' id='word_1_159' title='bbox 1517 2935 1683 2990; x_wconf 85' lang='lat' dir='ltr'>admi-</span> 
     </span>
     <span class='ocr_line' id='line_1_27' title="bbox 666 3013 1678 3086; baseline 0 -18"><span class='ocrx_word' id='word_1_160' title='bbox 666 3015 943 3068; x_wconf 74' lang='lat' dir='ltr'>nistranda</span> <span class='ocrx_word' id='word_1_161' title='bbox 966 3033 1023 3067; x_wconf 74' lang='lat' dir='ltr'>re</span> <span class='ocrx_word' id='word_1_162' title='bbox 1046 3014 1263 3066; x_wconf 86' lang='lat' dir='ltr'>militari</span> <span class='ocrx_word' id='word_1_163' title='bbox 1284 3013 1521 3085; x_wconf 74' lang='lat' dir='ltr'>(Coi-nel.</span> <span class='ocrx_word' id='word_1_164' title='bbox 1541 3018 1678 3086; x_wconf 85' lang='lat' dir='ltr'>Nep.</span> 
     </span>
     <span class='ocr_line' id='line_1_28' title="bbox 668 3093 1680 3169; baseline -0.001 -23"><span class='ocrx_word' id='word_1_165' title='bbox 668 3095 865 3167; x_wconf 70' lang='lat' dir='ltr'>Agesil.</span> <span class='ocrx_word' id='word_1_166' title='bbox 906 3093 970 3160; x_wconf 82' lang='lat'>3,</span> <span class='ocrx_word' id='word_1_167' title='bbox 1010 3115 1033 3140; x_wconf 71' lang='grc' dir='ltr'><strong><em>ι</em></strong></span> <span class='ocrx_word' id='word_1_168' title='bbox 1054 3113 1249 3169; x_wconf 64' lang='lat' dir='ltr'>magna</span> <span class='ocrx_word' id='word_1_169' title='bbox 1278 3094 1530 3147; x_wconf 76' lang='lat' dir='ltr'>industria</span> <span class='ocrx_word' id='word_1_170' title='bbox 1565 3093 1680 3146; x_wconf 78' lang='lat' dir='ltr'>bel-</span> 
     </span>
     <span class='ocr_line' id='line_1_29' title="bbox 668 3171 1678 3245; baseline -0.002 -19"><span class='ocrx_word' id='word_1_171' title='bbox 668 3175 783 3226; x_wconf 87' lang='lat' dir='ltr'>lum</span> <span class='ocrx_word' id='word_1_172' title='bbox 816 3175 1121 3245; x_wconf 74' lang='lat' dir='ltr'>apparavit,</span> <span class='ocrx_word' id='word_1_173' title='bbox 1142 3195 1167 3219; x_wconf 71' lang='grc' dir='ltr'><strong>υ</strong></span> <span class='ocrx_word' id='word_1_174' title='bbox 1204 3171 1347 3223; x_wconf 83' lang='lat' dir='ltr'>unde</span> <span class='ocrx_word' id='word_1_175' title='bbox 1382 3172 1511 3224; x_wconf 74' lang='lat' dir='ltr'>Caes.</span> <span class='ocrx_word' id='word_1_176' title='bbox 1550 3171 1678 3224; x_wconf 88' lang='lat' dir='ltr'>Bell.</span> 
     </span>
     <span class='ocr_line' id='line_1_30' title="bbox 668 3253 1682 3324; baseline -0.005 -15"><span class='ocrx_word' id='word_1_177' title='bbox 668 3254 805 3309; x_wconf 86' lang='lat' dir='ltr'>Gall.</span> <span class='ocrx_word' id='word_1_178' title='bbox 832 3255 952 3319; x_wconf 85' lang='lat' dir='ltr'>vn,</span> <span class='ocrx_word' id='word_1_179' title='bbox 976 3253 1075 3319; x_wconf 85' lang='lat'>60,</span> <span class='ocrx_word' id='word_1_180' title='bbox 1110 3275 1132 3298; x_wconf 73' lang='grc' dir='ltr'><strong>α</strong></span> <span class='ocrx_word' id='word_1_181' title='bbox 1154 3265 1213 3304; x_wconf 84' lang='lat' dir='ltr'>ut</span> <span class='ocrx_word' id='word_1_182' title='bbox 1247 3271 1338 3317; x_wconf 79' lang='lat' dir='ltr'>ea,</span> <span class='ocrx_word' id='word_1_183' title='bbox 1366 3271 1483 3324; x_wconf 66' lang='lat' dir='ltr'>quae</span> <span class='ocrx_word' id='word_1_184' title='bbox 1508 3255 1682 3324; x_wconf 85' lang='lat' dir='ltr'>impe-</span> 
     </span>
     <span class='ocr_line' id='line_1_31' title="bbox 666 3331 1682 3404; baseline -0.006 -16"><span class='ocrx_word' id='word_1_185' title='bbox 666 3345 836 3388; x_wconf 80' lang='lat' dir='ltr'>rasset</span> <span class='ocrx_word' id='word_1_186' title='bbox 850 3371 867 3399; x_wconf 85' lang='grc'>,</span> <span class='ocrx_word' id='word_1_187' title='bbox 900 3332 1187 3403; x_wconf 75' lang='lat' dir='ltr'>diligenter</span> <span class='ocrx_word' id='word_1_188' title='bbox 1210 3333 1564 3404; x_wconf 74' lang='lat' dir='ltr'>industrieque</span> <span class='ocrx_word' id='word_1_189' title='bbox 1585 3331 1682 3383; x_wconf 84' lang='lat' dir='ltr'>ad-</span> 
     </span>
     <span class='ocr_line' id='line_1_32' title="bbox 668 3411 1678 3478; baseline -0.005 -9"><span class='ocrx_word' id='word_1_190' title='bbox 668 3417 1052 3474; x_wconf 60' lang='lat' dir='ltr'>ministrat-eun</span> <span class='ocrx_word' id='word_1_191' title='bbox 1075 3437 1096 3460; x_wconf 80' lang='grc' dir='ltr'>ιι</span> <span class='ocrx_word' id='word_1_192' title='bbox 1124 3412 1267 3466; x_wconf 81' lang='lat' dir='ltr'>conf.</span> <span class='ocrx_word' id='word_1_193' title='bbox 1292 3411 1419 3466; x_wconf 84' lang='lat' dir='ltr'>Bell.</span> <span class='ocrx_word' id='word_1_194' title='bbox 1445 3413 1557 3464; x_wconf 84' lang='lat' dir='ltr'>Civ.</span> <span class='ocrx_word' id='word_1_195' title='bbox 1583 3414 1678 3478; x_wconf 84' lang='lat'>111,</span> 
     </span>
     <span class='ocr_line' id='line_1_33' title="bbox 666 3487 1681 3565; baseline -0.005 -18"><span class='ocrx_word' id='word_1_196' title='bbox 666 3495 795 3565; x_wconf 83' lang='grc'>95),</span> <span class='ocrx_word' id='word_1_197' title='bbox 811 3494 903 3546; x_wconf 87' lang='lat' dir='ltr'>Gr.</span> <span class='ocrx_word' id='word_1_198' title='bbox 920 3493 1175 3562; x_wconf 69' lang='grc' dir='ltr'>προθυμίαι</span> <span class='ocrx_word' id='word_1_199' title='bbox 1192 3505 1245 3544; x_wconf 88' lang='lat' dir='ltr'>et</span> <span class='ocrx_word' id='word_1_200' title='bbox 1262 3487 1520 3561; x_wconf 64' lang='grc' dir='ltr'>προθύμως</span> <span class='ocrx_word' id='word_1_201' title='bbox 1531 3513 1550 3554; x_wconf 93' lang='lat'>‚·</span> <span class='ocrx_word' id='word_1_202' title='bbox 1569 3509 1681 3542; x_wconf 86' lang='lat' dir='ltr'>mo-</span> 
     </span>
     <span class='ocr_line' id='line_1_34' title="bbox 668 3569 1682 3642; baseline -0.003 -17"><span class='ocrx_word' id='word_1_203' title='bbox 668 3573 830 3626; x_wconf 80' lang='lat' dir='ltr'>destia</span> <span class='ocrx_word' id='word_1_204' title='bbox 848 3576 903 3624; x_wconf 89' lang='lat' dir='ltr'>in</span> <span class='ocrx_word' id='word_1_205' title='bbox 926 3569 1213 3623; x_wconf 74' lang='lat' dir='ltr'>tractandis</span> <span class='ocrx_word' id='word_1_206' title='bbox 1234 3569 1652 3642; x_wconf 74' lang='lat' dir='ltr'>provincialibus</span> <span class='ocrx_word' id='word_1_207' title='bbox 1665 3609 1682 3637; x_wconf 89' lang='lat'>‚</span> 
     </span>
     <span class='ocr_line' id='line_1_35' title="bbox 664 3649 1682 3721; baseline -0.006 -15"><span class='ocrx_word' id='word_1_208' title='bbox 664 3653 758 3706; x_wconf 89' lang='lat' dir='ltr'>Gr.</span> <span class='ocrx_word' id='word_1_209' title='bbox 782 3649 1061 3721; x_wconf 52' lang='lat' dir='ltr'>inpetrem,</span> <span class='ocrx_word' id='word_1_210' title='bbox 1088 3669 1313 3721; x_wconf 87' lang='lat' dir='ltr'>eamque</span> <span class='ocrx_word' id='word_1_211' title='bbox 1337 3651 1546 3721; x_wconf 83' lang='lat' dir='ltr'>opponi</span> <span class='ocrx_word' id='word_1_212' title='bbox 1563 3665 1682 3700; x_wconf 79' lang='lat' dir='ltr'>ava-</span> 
     </span>
     <span class='ocr_line' id='line_1_36' title="bbox 666 3727 1678 3800; baseline -0.003 -18"><span class='ocrx_word' id='word_1_213' title='bbox 666 3733 795 3784; x_wconf 78' lang='lat' dir='ltr'>ritiae</span> <span class='ocrx_word' id='word_1_214' title='bbox 806 3769 823 3798; x_wconf 87' lang='grc'>,</span> <span class='ocrx_word' id='word_1_215' title='bbox 836 3731 1121 3800; x_wconf 77' lang='lat' dir='ltr'>rapacitati</span> <span class='ocrx_word' id='word_1_216' title='bbox 1134 3743 1187 3780; x_wconf 89' lang='lat' dir='ltr'>et.</span> <span class='ocrx_word' id='word_1_217' title='bbox 1200 3727 1493 3782; x_wconf 68' lang='lat' dir='ltr'>insolentie</span> <span class='ocrx_word' id='word_1_218' title='bbox 1502 3765 1521 3795; x_wconf 84' lang='grc'>,</span> <span class='ocrx_word' id='word_1_219' title='bbox 1535 3741 1678 3781; x_wconf 79' lang='lat' dir='ltr'>recte</span> 
     </span>
     <span class='ocr_line' id='line_1_37' title="bbox 664 3805 1329 3864; baseline -0.005 -4"><span class='ocrx_word' id='word_1_220' title='bbox 664 3813 869 3864; x_wconf 76' lang='lat' dir='ltr'>notavit</span> <span class='ocrx_word' id='word_1_221' title='bbox 890 3813 1095 3862; x_wconf 81' lang='lat' dir='ltr'>Ernest.</span> <span class='ocrx_word' id='word_1_222' title='bbox 1124 3807 1189 3860; x_wconf 85' lang='lat' dir='ltr'>ad</span> <span class='ocrx_word' id='word_1_223' title='bbox 1214 3805 1268 3859; x_wconf 89' lang='lat' dir='ltr'>h.</span> <span class='ocrx_word' id='word_1_224' title='bbox 1295 3806 1329 3857; x_wconf 92' lang='grc'>1.</span> 
     </span>
    </p>

    <p class='ocr_par' dir='ltr' id='par_1_5' title="bbox 662 3885 1674 4200">
     <span class='ocr_line' id='line_1_38' title="bbox 737 3885 1674 3963; baseline -0.006 -19"><span class='ocrx_word' id='word_1_225' title='bbox 737 3893 787 3944; x_wconf 86' lang='grc'>3.</span> <span class='ocrx_word' id='word_1_226' title='bbox 826 3891 902 3943; x_wconf 78' lang='lat' dir='ltr'>Et</span> <span class='ocrx_word' id='word_1_227' title='bbox 927 3889 1279 3963; x_wconf 70' lang='lat' dir='ltr'>imaqinum...</span> <span class='ocrx_word' id='word_1_228' title='bbox 1308 3885 1674 3938; x_wconf 75' lang='lat' dir='ltr'>multitudine.</span> 
     </span>
     <span class='ocr_line' id='line_1_39' title="bbox 666 3967 1674 4043; baseline -0.004 -22"><span class='ocrx_word' id='word_1_229' title='bbox 666 3971 923 4043; x_wconf 64' lang='lat' dir='ltr'>Imagines</span> <span class='ocrx_word' id='word_1_230' title='bbox 952 3987 1117 4041; x_wconf 88' lang='lat' dir='ltr'>quum</span> <span class='ocrx_word' id='word_1_231' title='bbox 1143 3972 1437 4039; x_wconf 75' lang='lat' dir='ltr'>jungantur</span> <span class='ocrx_word' id='word_1_232' title='bbox 1464 3967 1674 4032; x_wconf 74' lang='lat' dir='ltr'>statuis,</span> 
     </span>
     <span class='ocr_line' id='line_1_40' title="bbox 662 4045 1674 4118; baseline -0.003 -19"><span class='ocrx_word' id='word_1_233' title='bbox 662 4067 761 4100; x_wconf 85' lang='lat' dir='ltr'>cur</span> <span class='ocrx_word' id='word_1_234' title='bbox 796 4049 863 4101; x_wconf 86' lang='lat' dir='ltr'>de</span> <span class='ocrx_word' id='word_1_235' title='bbox 899 4047 1099 4118; x_wconf 73' lang='lat' dir='ltr'>clypeis</span> <span class='ocrx_word' id='word_1_236' title='bbox 1128 4045 1389 4116; x_wconf 73' lang='lat' dir='ltr'>intelligas</span> <span class='ocrx_word' id='word_1_237' title='bbox 1422 4063 1546 4098; x_wconf 87' lang='lat' dir='ltr'>cum</span> <span class='ocrx_word' id='word_1_238' title='bbox 1579 4047 1674 4096; x_wconf 83' lang='lat' dir='ltr'>Er-</span> 
     </span>
     <span class='ocr_line' id='line_1_41' title="bbox 664 4127 1674 4200; baseline -0.004 -20"><span class='ocrx_word' id='word_1_239' title='bbox 664 4131 865 4196; x_wconf 76' lang='lat' dir='ltr'>nestio‚</span> <span class='ocrx_word' id='word_1_240' title='bbox 894 4146 1069 4200; x_wconf 86' lang='lat' dir='ltr'>neque</span> <span class='ocrx_word' id='word_1_241' title='bbox 1098 4145 1259 4180; x_wconf 77' lang='lat' dir='ltr'>senen</span> <span class='ocrx_word' id='word_1_242' title='bbox 1282 4127 1536 4198; x_wconf 81' lang='lat' dir='ltr'>proprio,</span> <span class='ocrx_word' id='word_1_243' title='bbox 1565 4143 1674 4177; x_wconf 84' lang='lat' dir='ltr'>non</span> 
     </span>
    </p>
   </div>
   <div class='ocr_carea' id='block_1_5' title="bbox 662 4203 1670 4275">
    <p class='ocr_par' dir='ltr' id='par_1_6' title="bbox 662 4203 1670 4275">
     <span class='ocr_line' id='line_1_42' title="bbox 662 4203 1670 4275; baseline -0.004 -17"><span class='ocrx_word' id='word_1_244' title='bbox 662 4207 837 4260; x_wconf 75' lang='lat' dir='ltr'>video.</span> <span class='ocrx_word' id='word_1_245' title='bbox 854 4206 1009 4260; x_wconf 77' lang='lat' dir='ltr'>Conf.</span> <span class='ocrx_word' id='word_1_246' title='bbox 1027 4203 1275 4260; x_wconf 78' lang='lat' dir='ltr'>Oudeml.</span> <span class='ocrx_word' id='word_1_247' title='bbox 1294 4203 1363 4257; x_wconf 79' lang='lat' dir='ltr'>ad</span> <span class='ocrx_word' id='word_1_248' title='bbox 1380 4205 1600 4275; x_wconf 73' lang='lat' dir='ltr'>Vespas.</span> <span class='ocrx_word' id='word_1_249' title='bbox 1627 4220 1644 4254; x_wconf 84' lang='grc' dir='ltr'>ι</span> <span class='ocrx_word' id='word_1_250' title='bbox 1659 4243 1670 4254; x_wconf 95' lang='grc'><strong>.</strong></span> 
     </span>
    </p>
   </div>
   <div class='ocr_carea' id='block_1_6' title="bbox 1771 1894 2780 2287">
    <p class='ocr_par' dir='ltr' id='par_1_7' title="bbox 1771 1894 2777 2109">
     <span class='ocr_line' id='line_1_43' title="bbox 1771 1894 2777 1970; baseline 0.005 -22"><span class='ocrx_word' id='word_1_251' title='bbox 1771 1928 1842 1937; x_wconf 92' lang='grc'>-</span> <span class='ocrx_word' id='word_1_252' title='bbox 1882 1894 2050 1949; x_wconf 72' lang='lat' dir='ltr'>Tituli</span> <span class='ocrx_word' id='word_1_253' title='bbox 2086 1912 2208 1949; x_wconf 77' lang='lat' dir='ltr'>sunt</span> <span class='ocrx_word' id='word_1_254' title='bbox 2239 1898 2618 1970; x_wconf 76' lang='lat' dir='ltr'>inscriptiones</span> <span class='ocrx_word' id='word_1_255' title='bbox 2651 1917 2777 1970; x_wconf 87' lang='lat' dir='ltr'>ope-</span> 
     </span>
     <span class='ocr_line' id='line_1_44' title="bbox 1771 1978 2776 2049; baseline 0.001 -21"><span class='ocrx_word' id='word_1_256' title='bbox 1771 1994 1922 2042; x_wconf 83' lang='lat' dir='ltr'>rum,</span> <span class='ocrx_word' id='word_1_257' title='bbox 1953 1978 2008 2027; x_wconf 89' lang='lat' dir='ltr'>in</span> <span class='ocrx_word' id='word_1_258' title='bbox 2045 1978 2358 2027; x_wconf 80' lang='lat' dir='ltr'>memoriam</span> <span class='ocrx_word' id='word_1_259' title='bbox 2383 1978 2494 2029; x_wconf 77' lang='lat' dir='ltr'>&#39;riti</span> <span class='ocrx_word' id='word_1_260' title='bbox 2527 1992 2626 2047; x_wconf 85' lang='lat' dir='ltr'>per</span> <span class='ocrx_word' id='word_1_261' title='bbox 2653 1996 2776 2049; x_wconf 80' lang='lat' dir='ltr'>pro-</span> 
     </span>
     <span class='ocr_line' id='line_1_45' title="bbox 1771 2057 2462 2109; baseline -0.004 -2"><span class='ocrx_word' id='word_1_262' title='bbox 1771 2058 2001 2107; x_wconf 75' lang='lat' dir='ltr'>vinciam</span> <span class='ocrx_word' id='word_1_263' title='bbox 2030 2057 2462 2109; x_wconf 72' lang='lat' dir='ltr'>constitutorum.</span> 
     </span>
    </p>

    <p class='ocr_par' dir='ltr' id='par_1_8' title="bbox 1771 2134 2780 2287">
     <span class='ocr_line' id='line_1_46' title="bbox 1845 2134 2775 2203; baseline 0.001 -17"><span class='ocrx_word' id='word_1_264' title='bbox 1845 2136 1895 2202; x_wconf 74' lang='grc'>4.</span> <span class='ocrx_word' id='word_1_265' title='bbox 1933 2135 2250 2187; x_wconf 75' lang='lat' dir='ltr'>Arricidiam</span> <span class='ocrx_word' id='word_1_266' title='bbox 2297 2134 2596 2187; x_wconf 74' lang='lat' dir='ltr'>Tertullam</span> <span class='ocrx_word' id='word_1_267' title='bbox 2617 2174 2636 2203; x_wconf 89' lang='lat'>,</span> <span class='ocrx_word' id='word_1_268' title='bbox 2678 2150 2775 2190; x_wconf 86' lang='lat' dir='ltr'>etc.</span> 
     </span>
     <span class='ocr_line' id='line_1_47' title="bbox 1771 2211 2780 2287; baseline 0.002 -22"><span class='ocrx_word' id='word_1_269' title='bbox 1771 2211 1856 2265; x_wconf 80' lang='lat' dir='ltr'>Al.</span> <span class='ocrx_word' id='word_1_270' title='bbox 1883 2214 2137 2268; x_wconf 79' lang='lat' dir='ltr'>Tertullo.</span> <span class='ocrx_word' id='word_1_271' title='bbox 2157 2216 2531 2267; x_wconf 74' lang='lat' dir='ltr'>Praefecturam</span> <span class='ocrx_word' id='word_1_272' title='bbox 2549 2218 2780 2287; x_wconf 71' lang='lat' dir='ltr'>praetorii</span> 
     </span>
    </p>
   </div>
   <div class='ocr_carea' id='block_1_7' title="bbox 1768 2294 2779 2440">
    <p class='ocr_par' dir='ltr' id='par_1_9' title="bbox 1768 2294 2779 2440">
     <span class='ocr_line' id='line_1_48' title="bbox 1769 2294 2779 2367; baseline 0.004 -22"><span class='ocrx_word' id='word_1_273' title='bbox 1769 2312 2034 2346; x_wconf 68' lang='lat' dir='ltr'>summam</span> <span class='ocrx_word' id='word_1_274' title='bbox 2060 2294 2223 2347; x_wconf 72' lang='lat' dir='ltr'>fuisse</span> <span class='ocrx_word' id='word_1_275' title='bbox 2259 2296 2518 2365; x_wconf 69' lang='lat' dir='ltr'>equestris</span> <span class='ocrx_word' id='word_1_276' title='bbox 2553 2296 2779 2367; x_wconf 69' lang='lat' dir='ltr'>gradus,</span> 
     </span>
     <span class='ocr_line' id='line_1_49' title="bbox 1768 2372 2374 2440; baseline -0.003 -14"><span class='ocrx_word' id='word_1_277' title='bbox 1768 2373 1997 2427; x_wconf 74' lang='lat' dir='ltr'>vidimus</span> <span class='ocrx_word' id='word_1_278' title='bbox 2021 2372 2090 2425; x_wconf 81' lang='lat' dir='ltr'>ad</span> <span class='ocrx_word' id='word_1_279' title='bbox 2111 2372 2264 2425; x_wconf 85' lang='lat' dir='ltr'>Galb.</span> <span class='ocrx_word' id='word_1_280' title='bbox 2295 2372 2374 2440; x_wconf 70' lang='lat'>¹4·</span> 
     </span>
    </p>
   </div>
   <div class='ocr_carea' id='block_1_8' title="bbox 1767 2450 2780 3717">
    <p class='ocr_par' dir='ltr' id='par_1_10' title="bbox 1767 2450 2780 3399">
     <span class='ocr_line' id='line_1_50' title="bbox 1841 2450 2778 2517; baseline -0.002 -11"><span class='ocrx_word' id='word_1_281' title='bbox 1841 2450 1893 2506; x_wconf 88' lang='grc'>5.</span> <span class='ocrx_word' id='word_1_282' title='bbox 1915 2452 2042 2504; x_wconf 79' lang='lat' dir='ltr'>Et...</span> <span class='ocrx_word' id='word_1_283' title='bbox 2065 2453 2328 2504; x_wconf 74' lang='lat' dir='ltr'>Marciam</span> <span class='ocrx_word' id='word_1_284' title='bbox 2351 2451 2685 2517; x_wconf 70' lang='lat' dir='ltr'>Furnillam3</span> <span class='ocrx_word' id='word_1_285' title='bbox 2702 2452 2778 2507; x_wconf 79' lang='lat' dir='ltr'>vel</span> 
     </span>
     <span class='ocr_line' id='line_1_51' title="bbox 1769 2531 2780 2588; baseline 0.003 -2"><span class='ocrx_word' id='word_1_286' title='bbox 1769 2531 2080 2586; x_wconf 64' lang='lat' dir='ltr'>furvillam.</span> <span class='ocrx_word' id='word_1_287' title='bbox 2099 2531 2186 2584; x_wconf 84' lang='lat' dir='ltr'>Al.</span> <span class='ocrx_word' id='word_1_288' title='bbox 2210 2533 2454 2586; x_wconf 72' lang='lat' dir='ltr'>Fulviam</span> <span class='ocrx_word' id='word_1_289' title='bbox 2478 2533 2563 2586; x_wconf 74' lang='lat' dir='ltr'>vel</span> <span class='ocrx_word' id='word_1_290' title='bbox 2587 2533 2780 2588; x_wconf 73' lang='lat' dir='ltr'>Fulvi!-</span> 
     </span>
     <span class='ocr_line' id='line_1_52' title="bbox 1771 2609 2778 2684; baseline 0.003 -20"><span class='ocrx_word' id='word_1_291' title='bbox 1771 2609 1878 2664; x_wconf 82' lang='lat' dir='ltr'>lam</span> <span class='ocrx_word' id='word_1_292' title='bbox 1893 2649 1911 2676; x_wconf 90' lang='lat'><strong>,</strong></span> <span class='ocrx_word' id='word_1_293' title='bbox 1936 2626 1997 2663; x_wconf 84' lang='lat' dir='ltr'>ut</span> <span class='ocrx_word' id='word_1_294' title='bbox 2015 2612 2164 2665; x_wconf 77' lang='lat' dir='ltr'>Livia</span> <span class='ocrx_word' id='word_1_295' title='bbox 2188 2625 2240 2665; x_wconf 84' lang='lat' dir='ltr'>et</span> <span class='ocrx_word' id='word_1_296' title='bbox 2260 2612 2454 2666; x_wconf 71' lang='lat' dir='ltr'>Liuilla</span> <span class='ocrx_word' id='word_1_297' title='bbox 2477 2616 2778 2684; x_wconf 77' lang='lat' dir='ltr'>promiscue</span> 
     </span>
     <span class='ocr_line' id='line_1_53' title="bbox 1767 2688 2778 2745; baseline 0.005 -5"><span class='ocrx_word' id='word_1_298' title='bbox 1767 2688 2039 2743; x_wconf 81' lang='lat' dir='ltr'>dicuutur.</span> <span class='ocrx_word' id='word_1_299' title='bbox 2069 2691 2266 2744; x_wconf 79' lang='lat' dir='ltr'>Favere</span> <span class='ocrx_word' id='word_1_300' title='bbox 2301 2691 2430 2744; x_wconf 83' lang='lat' dir='ltr'>huie</span> <span class='ocrx_word' id='word_1_301' title='bbox 2460 2691 2682 2745; x_wconf 86' lang='lat' dir='ltr'>lectioni</span> <span class='ocrx_word' id='word_1_302' title='bbox 2707 2695 2778 2745; x_wconf 76' lang='lat' dir='ltr'>vi-</span> 
     </span>
     <span class='ocr_line' id='line_1_54' title="bbox 1769 2766 2774 2841; baseline 0.002 -23"><span class='ocrx_word' id='word_1_303' title='bbox 1769 2766 1924 2820; x_wconf 88' lang='lat' dir='ltr'>detur</span> <span class='ocrx_word' id='word_1_304' title='bbox 1947 2786 2140 2822; x_wconf 78' lang='lat' dir='ltr'>numus</span> <span class='ocrx_word' id='word_1_305' title='bbox 2157 2807 2176 2834; x_wconf 90' lang='lat'>,</span> <span class='ocrx_word' id='word_1_306' title='bbox 2203 2787 2364 2841; x_wconf 87' lang='lat' dir='ltr'>quem</span> <span class='ocrx_word' id='word_1_307' title='bbox 2389 2767 2604 2822; x_wconf 80' lang='lat' dir='ltr'>exhibet</span> <span class='ocrx_word' id='word_1_308' title='bbox 2637 2771 2774 2823; x_wconf 77' lang='lat' dir='ltr'>Pati-</span> 
     </span>
     <span class='ocr_line' id='line_1_55' title="bbox 1769 2848 2776 2920; baseline 0.002 -22"><span class='ocrx_word' id='word_1_309' title='bbox 1769 2866 1899 2914; x_wconf 84' lang='lat' dir='ltr'>nus‚</span> <span class='ocrx_word' id='word_1_310' title='bbox 1917 2848 2052 2900; x_wconf 86' lang='lat' dir='ltr'>Tab.</span> <span class='ocrx_word' id='word_1_311' title='bbox 2077 2849 2165 2915; x_wconf 81' lang='lat'>31,</span> <span class='ocrx_word' id='word_1_312' title='bbox 2185 2848 2240 2900; x_wconf 90' lang='lat' dir='ltr'>in</span> <span class='ocrx_word' id='word_1_313' title='bbox 2263 2867 2368 2920; x_wconf 81' lang='lat' dir='ltr'>quo</span> <span class='ocrx_word' id='word_1_314' title='bbox 2391 2849 2608 2910; x_wconf 72' lang='grc' dir='ltr'>Φονλβιιι</span> <span class='ocrx_word' id='word_1_315' title='bbox 2627 2851 2776 2910; x_wconf 63' lang='grc' dir='ltr'>Σαβι-</span> 
     </span>
     <span class='ocr_line' id='line_1_56' title="bbox 1771 2929 2778 3002; baseline 0.002 -22"><span class='ocrx_word' id='word_1_316' title='bbox 1771 2949 1856 2981; x_wconf 71' lang='grc' dir='ltr'>συη</span> <span class='ocrx_word' id='word_1_317' title='bbox 1867 2967 1885 2992; x_wconf 87' lang='grc'>,</span> <span class='ocrx_word' id='word_1_318' title='bbox 1901 2929 2136 2984; x_wconf 80' lang='lat' dir='ltr'>referens</span> <span class='ocrx_word' id='word_1_319' title='bbox 2151 2949 2263 2982; x_wconf 90' lang='lat' dir='ltr'>non</span> <span class='ocrx_word' id='word_1_320' title='bbox 2277 2931 2525 3002; x_wconf 77' lang='lat' dir='ltr'>conjugis</span> <span class='ocrx_word' id='word_1_321' title='bbox 2537 2931 2674 2996; x_wconf 79' lang='lat' dir='ltr'>Titi,</span> <span class='ocrx_word' id='word_1_322' title='bbox 2691 2929 2778 2984; x_wconf 82' lang='lat' dir='ltr'>sed</span> 
     </span>
     <span class='ocr_line' id='line_1_57' title="bbox 1769 3009 2776 3081; baseline -0.002 -19"><span class='ocrx_word' id='word_1_323' title='bbox 1769 3010 1887 3063; x_wconf 76' lang='lat' dir='ltr'>ffliae</span> <span class='ocrx_word' id='word_1_324' title='bbox 1906 3011 2214 3081; x_wconf 75' lang='lat' dir='ltr'>imaginem,</span> <span class='ocrx_word' id='word_1_325' title='bbox 2235 3012 2278 3062; x_wconf 70' lang='lat' dir='ltr'>si</span> <span class='ocrx_word' id='word_1_326' title='bbox 2295 3010 2568 3080; x_wconf 22' lang='lat' dir='ltr'>genui-nus</span> <span class='ocrx_word' id='word_1_327' title='bbox 2587 3025 2694 3075; x_wconf 81' lang='lat' dir='ltr'>est,</span> <span class='ocrx_word' id='word_1_328' title='bbox 2713 3009 2776 3061; x_wconf 81' lang='lat' dir='ltr'>de</span> 
     </span>
     <span class='ocr_line' id='line_1_58' title="bbox 1772 3089 2777 3164; baseline -0.002 -20"><span class='ocrx_word' id='word_1_329' title='bbox 1772 3109 1880 3162; x_wconf 87' lang='lat' dir='ltr'>quo</span> <span class='ocrx_word' id='word_1_330' title='bbox 1905 3105 2078 3144; x_wconf 85' lang='lat' dir='ltr'>tamen</span> <span class='ocrx_word' id='word_1_331' title='bbox 2103 3089 2351 3143; x_wconf 79' lang='lat' dir='ltr'>dubitant</span> <span class='ocrx_word' id='word_1_332' title='bbox 2373 3094 2538 3162; x_wconf 76' lang='lat' dir='ltr'>periti</span> <span class='ocrx_word' id='word_1_333' title='bbox 2567 3095 2684 3164; x_wconf 77' lang='lat' dir='ltr'>ejus</span> <span class='ocrx_word' id='word_1_334' title='bbox 2707 3094 2777 3144; x_wconf 83' lang='lat' dir='ltr'>rei</span> 
     </span>
     <span class='ocr_line' id='line_1_59' title="bbox 1768 3168 2772 3241; baseline 0.001 -20"><span class='ocrx_word' id='word_1_335' title='bbox 1768 3170 1990 3240; x_wconf 71' lang='lat' dir='ltr'>judiees.</span> <span class='ocrx_word' id='word_1_336' title='bbox 2019 3168 2158 3222; x_wconf 80' lang='lat' dir='ltr'>Vide</span> <span class='ocrx_word' id='word_1_337' title='bbox 2185 3187 2304 3241; x_wconf 74' lang='lat' dir='ltr'>quae</span> <span class='ocrx_word' id='word_1_338' title='bbox 2329 3169 2537 3222; x_wconf 75' lang='lat' dir='ltr'>Ernest.</span> <span class='ocrx_word' id='word_1_339' title='bbox 2565 3171 2640 3224; x_wconf 84' lang='lat' dir='ltr'>ad</span> <span class='ocrx_word' id='word_1_340' title='bbox 2665 3171 2720 3222; x_wconf 78' lang='lat' dir='ltr'>h.</span> <span class='ocrx_word' id='word_1_341' title='bbox 2741 3171 2772 3222; x_wconf 93' lang='grc'>1.</span> 
     </span>
     <span class='ocr_line' id='line_1_60' title="bbox 1769 3248 2775 3321; baseline 0.001 -21"><span class='ocrx_word' id='word_1_342' title='bbox 1769 3249 1837 3302; x_wconf 83' lang='lat' dir='ltr'>de</span> <span class='ocrx_word' id='word_1_343' title='bbox 1851 3249 2063 3301; x_wconf 79' lang='lat' dir='ltr'>Christii</span> <span class='ocrx_word' id='word_1_344' title='bbox 2078 3248 2358 3302; x_wconf 68' lang='lat' dir='ltr'>sententia.</span> <span class='ocrx_word' id='word_1_345' title='bbox 2375 3249 2604 3303; x_wconf 76' lang='lat' dir='ltr'>Secutus</span> <span class='ocrx_word' id='word_1_346' title='bbox 2623 3252 2775 3321; x_wconf 74' lang='lat' dir='ltr'>igitur</span> 
     </span>
     <span class='ocr_line' id='line_1_61' title="bbox 1770 3327 2424 3399; baseline -0.003 -19"><span class='ocrx_word' id='word_1_347' title='bbox 1770 3345 1886 3380; x_wconf 69' lang='lat' dir='ltr'>sum</span> <span class='ocrx_word' id='word_1_348' title='bbox 1911 3327 2148 3399; x_wconf 75' lang='lat' dir='ltr'>reliquos</span> <span class='ocrx_word' id='word_1_349' title='bbox 2173 3327 2424 3380; x_wconf 77' lang='lat' dir='ltr'>editores.</span> 
     </span>
    </p>

    <p class='ocr_par' dir='ltr' id='par_1_11' title="bbox 1769 3406 2768 3558">
     <span class='ocr_line' id='line_1_62' title="bbox 1839 3406 2768 3479; baseline 0 -21"><span class='ocrx_word' id='word_1_350' title='bbox 1839 3406 1892 3458; x_wconf 88' lang='lat'>6.</span> <span class='ocrx_word' id='word_1_351' title='bbox 1929 3407 2100 3470; x_wconf 72' lang='lat' dir='ltr'>Filia3</span> <span class='ocrx_word' id='word_1_352' title='bbox 2127 3406 2196 3460; x_wconf 85' lang='lat' dir='ltr'>de</span> <span class='ocrx_word' id='word_1_353' title='bbox 2219 3425 2323 3479; x_wconf 81' lang='lat' dir='ltr'>qua</span> <span class='ocrx_word' id='word_1_354' title='bbox 2341 3409 2462 3460; x_wconf 79' lang='lat' dir='ltr'>vide</span> <span class='ocrx_word' id='word_1_355' title='bbox 2487 3407 2556 3460; x_wconf 75' lang='lat' dir='ltr'>ad</span> <span class='ocrx_word' id='word_1_356' title='bbox 2579 3411 2768 3462; x_wconf 73' lang='lat' dir='ltr'>Domit-</span> 
     </span>
     <span class='ocr_line' id='line_1_63' title="bbox 1769 3503 2006 3558; baseline 0.008 -20"><span class='ocrx_word' id='word_1_357' title='bbox 1769 3505 1887 3558; x_wconf 83' lang='lat' dir='ltr'>eap.</span> <span class='ocrx_word' id='word_1_358' title='bbox 1918 3503 2006 3540; x_wconf 75' lang='lat'>22.</span> 
     </span>
    </p>

    <p class='ocr_par' dir='ltr' id='par_1_12' title="bbox 1771 3565 2776 3717">
     <span class='ocr_line' id='line_1_64' title="bbox 1843 3565 2774 3640; baseline -0.002 -22"><span class='ocrx_word' id='word_1_359' title='bbox 1843 3583 1892 3636; x_wconf 89' lang='lat'>7.</span> <span class='ocrx_word' id='word_1_360' title='bbox 1935 3565 2156 3640; x_wconf 72' lang='lat' dir='ltr'>Legioni</span> <span class='ocrx_word' id='word_1_361' title='bbox 2187 3567 2530 3638; x_wconf 58' lang='lat' dir='ltr'>praepositus?</span> <span class='ocrx_word' id='word_1_362' title='bbox 2555 3567 2640 3620; x_wconf 77' lang='lat' dir='ltr'>cf.</span> <span class='ocrx_word' id='word_1_363' title='bbox 2681 3568 2774 3618; x_wconf 83' lang='lat' dir='ltr'>Er-</span> 
     </span>
     <span class='ocr_line' id='line_1_65' title="bbox 1771 3643 2776 3717; baseline 0.001 -21"><span class='ocrx_word' id='word_1_364' title='bbox 1771 3658 1904 3698; x_wconf 73' lang='lat' dir='ltr'>nest.</span> <span class='ocrx_word' id='word_1_365' title='bbox 1927 3643 1998 3697; x_wconf 85' lang='lat' dir='ltr'>ad</span> <span class='ocrx_word' id='word_1_366' title='bbox 2015 3647 2186 3697; x_wconf 75' lang='lat' dir='ltr'>Tacit.</span> <span class='ocrx_word' id='word_1_367' title='bbox 2210 3647 2344 3699; x_wconf 74' lang='lat' dir='ltr'>nist.</span> <span class='ocrx_word' id='word_1_368' title='bbox 2371 3649 2420 3711; x_wconf 88' lang='grc' dir='ltr'>Ι,</span> <span class='ocrx_word' id='word_1_369' title='bbox 2450 3647 2546 3717; x_wconf 56' lang='grc'>82,</span> <span class='ocrx_word' id='word_1_370' title='bbox 2569 3645 2668 3698; x_wconf 86' lang='lat' dir='ltr'>ubi</span> <span class='ocrx_word' id='word_1_371' title='bbox 2689 3645 2776 3697; x_wconf 88' lang='lat' dir='ltr'>do-</span> 
     </span>
    </p>
   </div>
   <div class='ocr_carea' id='block_1_9' title="bbox 1755 3724 2776 3804">
    <p class='ocr_par' dir='ltr' id='par_1_13' title="bbox 1755 3724 2776 3804">
     <span class='ocr_line' id='line_1_66' title="bbox 1755 3724 2776 3804; baseline -0.004 -26"><span class='ocrx_word' id='word_1_372' title='bbox 1755 3741 1854 3804; x_wconf 43' lang='lat' dir='ltr'>·cet</span> <span class='ocrx_word' id='word_1_373' title='bbox 1873 3724 2120 3778; x_wconf 86' lang='lat' dir='ltr'>eumdem</span> <span class='ocrx_word' id='word_1_374' title='bbox 2139 3745 2254 3780; x_wconf 78' lang='lat' dir='ltr'>esse</span> <span class='ocrx_word' id='word_1_375' title='bbox 2273 3743 2398 3780; x_wconf 84' lang='lat' dir='ltr'>cum</span> <span class='ocrx_word' id='word_1_376' title='bbox 2415 3727 2680 3798; x_wconf 73' lang='lat' dir='ltr'>Proefecto</span> <span class='ocrx_word' id='word_1_377' title='bbox 2698 3724 2776 3776; x_wconf 80' lang='lat' dir='ltr'>vel</span> 
     </span>
    </p>
   </div>
   <div class='ocr_carea' id='block_1_10' title="bbox 1765 3804 2778 4274">
    <p class='ocr_par' dir='ltr' id='par_1_14' title="bbox 1767 3804 2223 3877">
     <span class='ocr_line' id='line_1_67' title="bbox 1767 3804 2223 3877; baseline 0 -21"><span class='ocrx_word' id='word_1_378' title='bbox 1767 3805 1962 3877; x_wconf 72' lang='lat' dir='ltr'>Leyato</span> <span class='ocrx_word' id='word_1_379' title='bbox 1992 3804 2223 3877; x_wconf 76' lang='lat' dir='ltr'>quiom‘s.</span> 
     </span>
    </p>

    <p class='ocr_par' dir='ltr' id='par_1_15' title="bbox 1765 3883 2778 4274">
     <span class='ocr_line' id='line_1_68' title="bbox 1839 3883 2778 3956; baseline -0.003 -18"><span class='ocrx_word' id='word_1_380' title='bbox 1839 3889 1890 3938; x_wconf 82' lang='lat'>8.</span> <span class='ocrx_word' id='word_1_381' title='bbox 1941 3885 2266 3952; x_wconf 76' lang='lat' dir='ltr'>Tarichaeas,</span> <span class='ocrx_word' id='word_1_382' title='bbox 2307 3899 2412 3937; x_wconf 76' lang='lat' dir='ltr'>ete.</span> <span class='ocrx_word' id='word_1_383' title='bbox 2451 3883 2610 3956; x_wconf 71' lang='lat' dir='ltr'>vulg.</span> <span class='ocrx_word' id='word_1_384' title='bbox 2655 3885 2778 3936; x_wconf 80' lang='lat' dir='ltr'>Tm·-</span> 
     </span>
     <span class='ocr_line' id='line_1_69' title="bbox 1765 3963 2777 4037; baseline -0.004 -19"><span class='ocrx_word' id='word_1_385' title='bbox 1765 3965 1935 4030; x_wconf 74' lang='lat' dir='ltr'>clu‘as,</span> <span class='ocrx_word' id='word_1_386' title='bbox 1963 3964 2240 4018; x_wconf 75' lang='lat' dir='ltr'>Thraciam</span> <span class='ocrx_word' id='word_1_387' title='bbox 2257 4003 2273 4028; x_wconf 90' lang='lat'>,</span> <span class='ocrx_word' id='word_1_388' title='bbox 2299 3963 2576 4030; x_wconf 70' lang='lat' dir='ltr'>Thracias,</span> <span class='ocrx_word' id='word_1_389' title='bbox 2599 3976 2652 4016; x_wconf 86' lang='lat' dir='ltr'>et</span> <span class='ocrx_word' id='word_1_390' title='bbox 2666 3981 2777 4037; x_wconf 70' lang='lat' dir='ltr'>qnae</span> 
     </span>
     <span class='ocr_line' id='line_1_70' title="bbox 1768 4043 2776 4114; baseline -0.003 -20"><span class='ocrx_word' id='word_1_391' title='bbox 1768 4043 1884 4094; x_wconf 77' lang='lat' dir='ltr'>aliae</span> <span class='ocrx_word' id='word_1_392' title='bbox 1921 4057 2046 4096; x_wconf 78' lang='lat' dir='ltr'>suut</span> <span class='ocrx_word' id='word_1_393' title='bbox 2073 4043 2410 4114; x_wconf 68' lang='lat' dir='ltr'>corruptele.</span> <span class='ocrx_word' id='word_1_394' title='bbox 2441 4043 2528 4094; x_wconf 82' lang='lat' dir='ltr'>Cf.</span> <span class='ocrx_word' id='word_1_395' title='bbox 2557 4045 2776 4094; x_wconf 86' lang='lat' dir='ltr'>omnino</span> 
     </span>
     <span class='ocr_line' id='line_1_71' title="bbox 1765 4122 2778 4196; baseline -0.003 -22"><span class='ocrx_word' id='word_1_396' title='bbox 1765 4122 1984 4196; x_wconf 69' lang='lat' dir='ltr'>loseph.</span> <span class='ocrx_word' id='word_1_397' title='bbox 2023 4122 2150 4176; x_wconf 88' lang='lat' dir='ltr'>Bell.</span> <span class='ocrx_word' id='word_1_398' title='bbox 2187 4122 2312 4176; x_wconf 69' lang='lat' dir='ltr'>sud.</span> <span class='ocrx_word' id='word_1_399' title='bbox 2344 4125 2442 4186; x_wconf 84' lang='lat'>111,</span> <span class='ocrx_word' id='word_1_400' title='bbox 2481 4137 2570 4186; x_wconf 86' lang='grc' dir='ltr'>Ιο,</span> <span class='ocrx_word' id='word_1_401' title='bbox 2599 4124 2690 4194; x_wconf 85' lang='lat' dir='ltr'>qui</span> <span class='ocrx_word' id='word_1_402' title='bbox 2725 4133 2778 4172; x_wconf 88' lang='lat' dir='ltr'>et</span> 
     </span>
     <span class='ocr_line' id='line_1_72' title="bbox 1765 4201 2610 4274; baseline -0.004 -20"><span class='ocrx_word' id='word_1_403' title='bbox 1765 4204 1880 4274; x_wconf 77' lang='lat' dir='ltr'>ipse</span> <span class='ocrx_word' id='word_1_404' title='bbox 1903 4203 1970 4256; x_wconf 86' lang='lat' dir='ltr'>de</span> <span class='ocrx_word' id='word_1_405' title='bbox 1995 4201 2126 4256; x_wconf 89' lang='lat' dir='ltr'>urbe</span> <span class='ocrx_word' id='word_1_406' title='bbox 2157 4202 2414 4268; x_wconf 79' lang='lat' dir='ltr'>Gamala,</span> <span class='ocrx_word' id='word_1_407' title='bbox 2441 4203 2533 4268; x_wconf 72' lang='lat' dir='ltr'>IV,</span> <span class='ocrx_word' id='word_1_408' title='bbox 2565 4217 2610 4252; x_wconf 77' lang='lat'>1.</span> 
     </span>
    </p>
   </div>
  </div>
 </body>
</html>
