3050 5004
648 485 772 549 DE
816 483 1157 548 cLAms
1200 482 1630 547 RHETOR.
1681 481 1992 546 Limen.
2245 485 2369 562 441

277 613 521 684 sularis
560 611 839 679 Isaurici
866 626 1119 678 sectam
1146 625 1548 704 sequeretur
1562 659 1578 690 ,
1621 637 1650 668 α
1671 607 1877 676 Malle
1891 661 1910 692 ,
1933 639 1962 670 υ
1998 607 2350 702 respondit
2363 659 2381 690 ,

287 724 619 792 «Isaurici
649 745 797 790 esse
822 719 1265 814 discipulum,
1297 745 1505 815 quam
1535 718 1757 811 Epidii
1789 718 2321 788 calumniatoris,
2347 749 2376 781 υ

278 838 405 902 Hic
432 829 715 927 Epidius
748 847 977 900 ortum
1008 855 1081 898 se
1115 830 1204 899 ab
1235 828 1475 923 Epidio
1506 836 1862 899 Nuumouo
1878 838 1902 868 ²
1938 827 2380 922 praedicabat:

278 967 485 1040 quem
506 944 738 1011 ferunt
756 941 920 1010 olim
941 943 1436 1036 praecipitatum
1458 943 1529 1008 in
1551 941 1808 1010 fontem
1833 939 2133 1008 fluminis
2157 944 2346 1009 Sarni
2363 995 2382 1026 ,

278 1054 509 1149 paullo
530 1069 689 1148 post
704 1077 866 1122 cum
888 1051 1207 1121 cornibus
1231 1054 1588 1135 exstitisse,
1615 1075 1696 1120 ac
1713 1054 1940 1120 statim
1957 1076 2098 1120 non
2120 1077 2388 1147 compa·

277 1169 497 1235 ruisse
514 1217 533 1248 ,
557 1167 629 1232 in
647 1188 1072 1260 numeroque
1095 1170 1395 1232 Deorum
1418 1162 1747 1232 habitum.

370 1280 453 1342 V.
500 1277 747 1343 Ssx'rus
774 1278 1062 1343 CLonms
1081 1328 1097 1359 ,
1132 1299 1171 1342 e
1204 1272 1451 1356 Sicilia,
1483 1275 1740 1342 Latinae
1771 1274 1974 1342 simul
2001 1277 2390 1372 Graecaeque

280 1385 683 1480 eloquentioe
709 1385 1082 1479 professor,
1108 1381 1287 1453 male
1314 1384 1622 1454 oculatus
1637 1437 1655 1468 ,
1679 1399 1748 1452 et
1771 1383 1996 1467 dicax,
2035 1414 2064 1445 α
2088 1409 2214 1478 par
2235 1409 2392 1454 ocu-

278 1496 539 1566 lorum¹
580 1499 655 1566 in
686 1499 976 1566 amicitia
1012 1502 1109 1565 M.
1144 1500 1417 1565 Antonii
1446 1499 1815 1565 Triumviri
1851 1498 2184 1564 exstitisse
2215 1521 2328 1580 se,
2353 1529 2380 1558 η

279 1610 519 1679 aiebat.
550 1607 875 1704 Ejusdem
901 1633 1187 1680 uxorem
1214 1610 1519 1680 Fulviam
1537 1665 1555 1696 ,
1587 1614 1697 1679 cui
1724 1609 1938 1680 altera
1961 1609 2176 1679 bucca
2200 1609 2394 1678 infla-

281 1724 413 1791 tior
444 1739 589 1790 erat
607 1775 623 1806 ‚
668 1751 697 1784 α
722 1745 1011 1792 acumen
1052 1721 1185 1791 stili
1217 1737 1520 1790 tentare²
1545 1751 1573 1784 n
1613 1721 1813 1806 dixit,
1847 1745 1974 1789 nec
2011 1745 2092 1790 eo
2131 1723 2389 1804 minus,

280 1837 491 1901 immo
512 1833 622 1901 vel
644 1837 859 1926 magis
875 1886 893 1917 ,
920 1833 1009 1902 ob
1031 1834 1163 1902 hoc
1185 1835 1477 1901 Antonio
1502 1849 1756 1926 gratus.
1787 1840 1842 1900 A
1869 1857 2007 1928 quo
2027 1857 2190 1902 mox
2212 1835 2392 1902 Con-

282 1941 431 2012 sule
454 1945 695 2036 ingens
724 1947 924 2012 etiam
951 1946 1369 2036 congiarium
1390 1948 1654 2038 accepit
1669 1997 1688 2027 ,
1713 1961 1792 2011 ut
1815 1945 1875 2011 ei
1905 1947 1974 2012 in
2001 1943 2392 2037 Philippicis

280 2055 557 2123 OEcero3
590 2052 855 2146 objicit:
904 2085 931 2115 α
956 2053 1254 2124 Adhibes
1289 2053 1428 2149 joci
1462 2077 1669 2122 causa
1707 2057 2108 2146 magistrum
2145 2055 2391 2122 suffra-

284 2166 393 2257 gio
420 2181 539 2232 tuo
556 2217 573 2247 ,
604 2179 671 2231 et
697 2181 1173 2258 compotorum
1198 2184 1475 2233 tuorum
1495 2218 1513 2247 ,
1543 2164 1944 2247 Rhetorem3
1975 2167 2083 2232 cui
2116 2187 2393 2232 conces-

282 2275 459 2358 sisti,
490 2292 569 2342 ut
586 2326 606 2356 ,
632 2277 705 2341 in
736 2299 945 2371 quem
970 2275 1239 2359 vellet4,
1268 2274 1558 2344 diceret:
1592 2275 1846 2344 salsum
1874 2277 2152 2342 omnino
2180 2274 2394 2342 homi-

284 2393 478 2456 nem!
504 2387 625 2456 sed
636 2389 916 2456 materia
932 2388 1144 2457 fiicilis
1160 2440 1180 2470 ,
1200 2390 1270 2455 in
1290 2404 1357 2456 te
1379 2405 1447 2456 et
1462 2392 1536 2456 in
1555 2402 1711 2456 tuos
1729 2389 1953 2456 dicere
1965 2387 2014 2454 ⁵.
2039 2393 2124 2454 At
2141 2403 2395 2482 quanta

284 2523 545 2568 merces
586 2497 865 2568 Rhetori
910 2516 1013 2567 est
1056 2498 1255 2567 data?
1299 2496 1542 2567 Audite
1563 2552 1580 2581 ,
1627 2495 1854 2567 audite
1874 2551 1892 2580 ,
1939 2501 2170 2565 Patres
2215 2500 2393 2564 Con-

282 2613 517 2704 scripti
534 2664 553 2695 ,
582 2624 650 2678 et
675 2612 1058 2703 cognoscite
1085 2608 1499 2703 Reipublicae
1531 2608 1836 2680 vulnera.
1869 2615 2022 2677 Duo
2047 2607 2261 2676 millia
2281 2605 2394 2701 ju-

282 2746 525 2814 gerum
560 2724 783 2815 campi
825 2722 1137 2790 Leontini
1176 2724 1373 2789 Sexto
1416 2718 1655 2789 Clodio
1693 2720 1968 2788 Rhetori
2007 2720 2395 2813 assignasti,

358 2953 407 2987 α.
427 2936 735 2991 Nunciono.
752 2936 1045 3008 conjacere
1060 2939 1297 2995 Nun-sino
1462 2954 1513 2991 2.
1547 2937 1788 2991 Acumen
1821 2935 1934 2991 stili
1961 2945 2176 3011 tentare.
2207 2932 2396 3005 Appo-

284 3028 339 3069 et
359 3014 649 3069 Nucerino.
1386 3017 1487 3071 site
1512 3015 1582 3068 ad
1605 3017 1820 3068 Petron.
1844 3033 1964 3087 cap.
1987 3032 2056 3085 70
2070 3051 2089 3082 ,
2111 3024 2170 3065 ut
2193 3030 2397 3064 mucro-

354 3096 419 3147 V.
454 3112 497 3147 1.
521 3095 634 3147 Par
648 3095 953 3164 oculorum,
980 3110 1081 3150 etc.
1103 3099 1298 3151 Corru-
1384 3116 1505 3149 nem
1530 3096 1604 3149 ad
1629 3098 1843 3149 buccam
1864 3099 2227 3170 probaremus,
2261 3094 2397 3146 cita-

282 3186 442 3245 ptmn
470 3174 651 3225 locum
672 3173 919 3245 plerique
936 3174 1214 3245 judicant,
1242 3190 1297 3229 et
1382 3178 1463 3229 vit
1497 3178 1834 3229 Burmannus
1869 3177 1926 3227 iu
1965 3174 2092 3227 edit.
2135 3190 2240 3225 sec.
2283 3170 2398 3224 hoe

282 3252 438 3305 Statii
451 3249 545 3321 (ad
565 3251 757 3306 Catull.
776 3272 902 3327 pag.
922 3255 1047 3329 255)
1065 3256 1299 3329 probant
1384 3256 1627 3323 Luciani,
1647 3253 1714 3307 tle
1729 3251 1978 3307 Mercede
1993 3250 2274 3305 conductis
2288 3247 2397 3343 (ed.

284 3332 671 3385 correctionem
691 3332 895 3385 extr-isse
905 3352 1005 3406 pro
1025 3335 1295 3403 exstitisse,
1386 3334 1598 3407 Bipout.
1642 3347 1772 3386 tom.
1809 3334 1913 3398 111,
1947 3350 2072 3425 pag.
2112 3328 2282 3399 217):
2318 3330 2399 3384 orie

284 3408 343 3462 h.
382 3428 431 3463 e.
462 3411 763 3477 extrivisse,
801 3410 1209 3484 disperdidisse,
1238 3427 1299 3466 ut
1385 3434 1461 3499 στρ
1460 3414 1584 3469 ιιής
1609 3408 1700 3467 ταῖς
1729 3406 1890 3475 ἁμὲς
1921 3430 1958 3461 u
1961 3430 1980 3466 ς
2006 3408 2096 3465 ‘ruit
2121 3408 2208 3474 χοῖ
2201 3428 2282 3477 με
2308 3422 2399 3459 λιι·

282 3488 569 3543 hebetatos
584 3488 684 3543 sibi
702 3490 847 3543 dicat
866 3490 1054 3545 oculos
1074 3492 1133 3545 in
1154 3510 1299 3544 com·
1386 3480 1514 3560 βιῖν,
1537 3512 1620 3545 w
1619 3511 1752 3578 προς
1777 3490 1862 3543 mir
1879 3486 2064 3557 νόθον
2081 3486 2398 3553 menuitur

284 3570 657 3643 potationibus
687 3584 739 3623 et
771 3568 995 3623 libidine
1032 3589 1155 3623 cum
1188 3572 1299 3623 An-
1389 3571 1570 3625 ivm-2
1573 3560 1785 3642 φάμενος.
1814 3574 1977 3624 Tecte
2004 3569 2091 3623 hic
2129 3567 2197 3621 ad
2235 3565 2398 3621 alium

284 3650 459 3702 tenio.
497 3648 551 3702 si
587 3647 749 3701 verba
778 3646 921 3702 male
956 3649 1198 3703 oculatus
1231 3648 1299 3701 de
1390 3650 1572 3703 stilum
1595 3650 1790 3723 respici
1813 3661 2014 3701 certum
2039 3660 2133 3699 est.

286 3746 401 3781 uno
414 3728 1301 3800 tantumoculointelligatur‚omni
1460 3732 1513 3784 3.
1559 3731 1632 3783 Ut
1663 3731 1716 3783 ei
1743 3730 1798 3781 in
1833 3726 2154 3799 Philippeo&
2171 3722 2396 3793 Οἰσεω,

286 3810 628 3878 conjectura,
647 3819 813 3877 puto,
830 3824 1115 3878 possumus
1136 3806 1301 3859 absti-
1391 3824 1491 3863 etc.
1518 3808 1745 3901 Philipp.
1772 3810 1850 3877 11,
1877 3825 1934 3862 ι·-
1910 3838 1955 3877 s.

288 3906 447 3955 nere,
471 3901 524 3940 et
546 3886 737 3940 eodem
763 3905 925 3940 sensu
950 3906 1033 3941 res
1052 3889 1181 3940 erit:
1206 3888 1300 3940 Ca-
1461 3889 1513 3955 4.
1561 3889 1661 3957 Ut,
1689 3889 1746 3939 in
1779 3906 1930 3961 quem
1957 3883 2114 3937 vellet
2130 3922 2146 3951 ,
2180 3898 2283 3937 etc.
2308 3885 2397 3936 ci-

288 3980 419 4040 ptus
443 3966 605 4019 oculo
624 3966 871 4035 Clodius,
893 3966 969 4020 At
986 3968 1041 4019 t'n
1064 3968 1299 4020 amicitia
1391 3986 1513 4021 cero
1534 4007 1551 4036 ‚
1587 3992 1610 4016 α
1631 3980 1691 4019 ut
1725 3968 1780 4019 in
1813 3976 1862 4019 te
1877 4006 1896 4034 ,
1933 3984 2052 4037 quae
2080 3962 2234 4023 vellet
2251 4000 2270 4028 ,
2313 3962 2398 4015 di-

288 4048 560 4123 quondam
574 4048 823 4117 Antonii,
844 4047 1046 4119 aiebat,
1061 4067 1165 4122 par
1178 4068 1300 4103 ocu·
1394 4060 1556 4101 cei-et.
1579 4070 1601 4096 ι

291 4129 465 4183 lorum
489 4140 541 4182 et
562 4128 670 4200 ipse
690 4129 891 4183 exstiti!
912 4130 1076 4182 Tacct
1106 4129 1173 4183 ad
1200 4128 1302 4182 hoc
1462 4126 1515 4179 5.
1538 4125 1739 4178 Dicere.
1767 4124 1880 4175 Hoc
1905 4122 2028 4174 loco
2049 4135 2100 4174 et
2117 4120 2264 4193 apud
2282 4118 2395 4172 Cic.

292 4210 598 4281 Banmgurt.
1392 4208 1553 4277 vulgo
1585 4230 1606 4252 ι
1625 4205 1768 4257 dicta
1790 4202 1980 4256 dicere.
2005 4226 2030 4250 ν
