3050 5004
1047 482 1054 493 '
1166 478 1495 543 GALBA.
2239 478 2371 562 243

387 608 507 673 111.
561 608 896 697 Imagines
925 620 992 671 et
1021 603 1235 695 elogia
1254 615 1269 643 ⁸
1306 607 1607 672 universi
1640 606 1903 697 generis
1936 608 2211 700 exsequi
2234 606 2377 675 lon·

299 740 458 809 gum
479 730 616 783 est:
643 714 914 783 familiae
935 712 1227 782 breviter
1247 718 1595 807 attingam.
1621 716 1752 799 Qui
1777 716 2037 805 primus
2066 715 2379 807 Sulpicio·

293 850 444 893 rum
467 846 845 917 cognomen
861 822 1092 892 Galbae
1117 822 1271 891 tulit
1287 838 1314 873 ²
1330 876 1347 908 ,
1375 848 1530 907 cur,
1556 838 1676 890 aut
1706 822 1888 890 unde
1913 828 2189 893 traxerit
2206 878 2223 909 ‚
2247 849 2381 893 am·

296 932 566 1026 bigitur.
601 931 890 1018 Quidam
919 946 1194 1025 putant,
1233 929 1418 1026 quod
1445 929 1772 1024 oppidum
1808 934 2180 1025 Hispaniae‚
2208 934 2382 1002 stus-

294 1060 394 1113 tra
423 1043 540 1113 diu
576 1056 1074 1136 oppugnatum,
1108 1042 1292 1109 illitis
1324 1038 1601 1111 demum
1629 1042 1913 1133 galbano
1944 1044 2199 1112 facibus
2232 1068 2377 1113 suc·

293 1154 621 1223 cenderit:
649 1153 795 1235 alii,
820 1152 1001 1246 quod
1027 1155 1096 1219 in
1116 1150 1438 1219 diuturna
1459 1152 1845 1219 valetudine
1868 1151 2101 1244 galbeo
2118 1208 2135 1237 ,
2155 1144 2223 1222 i'd
2243 1173 2374 1239 est,

291 1261 606 1333 remediis
625 1262 778 1330 lana
797 1262 1115 1330 involutis
1129 1315 1147 1345 ,
1173 1260 1444 1331 assidue
1461 1278 1767 1331 uteretur
1787 1290 1801 1329 :
1828 1264 2171 1347 nonnulli,
2192 1265 2378 1361 quod

293 1378 701 1469 praepinguis
725 1375 928 1443 fuerit
947 1376 1132 1441 visus
1153 1426 1171 1457 ‚
1205 1398 1409 1468 quem
1439 1376 1697 1466 qalbam
1722 1374 1896 1443 Galli
1927 1378 2238 1461 vocent-33
2268 1378 2377 1446 vel

295 1504 551 1569 contra,
568 1484 750 1581 quod
767 1502 906 1553 tam
927 1482 1138 1567 exilia,
1157 1507 1366 1578 quam
1386 1500 1547 1552 sunt
1564 1484 1900 1566 animalia,
1919 1510 2072 1579 quae
2089 1490 2157 1553 in
2174 1512 2381 1557 aescu·

289 1596 372 1665 lis
387 1609 790 1677 nascuntur,
813 1592 1377 1687 appellanturque
1398 1594 1621 1685 qalboe.
1648 1592 1997 1661 Familiam
2020 1594 2381 1664 illustravit

262 1737 274 1751 ·
292 1708 554 1775 Servius
576 1704 788 1773 Galba
809 1702 1240 1787 consularis&
1262 1720 1643 1797 temporum
1674 1729 1951 1773 suorum
1976 1721 2045 1772 et
2062 1705 2376 1801 eloquen-

290 1820 618 1887 tissimus:
660 1840 864 1912 quem
888 1812 1195 1899 tradunt,
1225 1819 1623 1909 Hispaniam
1646 1842 1727 1885 ex
1758 1834 2054 1909 p'raetura
2077 1818 2377 1887 obtinen-

295 1944 459 2013 tem,
488 1932 674 1996 XXX
703 1928 1178 1995 Lusitanorum
1211 1925 1510 1995 millibus
1541 1927 1824 2021 perfidia
1854 1929 2231 2013 trucidatis,
2262 1933 2375 1997 Vi-

292 2038 559 2109 riathini
581 2038 742 2107 belli
769 2063 1040 2107 causam
1059 2040 1445 2108 exstitisse⁵.
1468 2038 1633 2134 Ejus
1653 2065 1865 2135 nepos
1880 2092 1898 2125 ‚
1925 2041 2011 2109 ob
2030 2043 2375 2135 repulsam

285 2268 486 2326 Pasiphae,
500 2268 678 2325 clarique
687 2266 838 2311 dehine
849 2275 961 2311 stant
973 2265 1118 2311 ordine
1131 2276 1280 2323 patret.

285 2354 481 2406 Nostro
509 2352 634 2403 loco
663 2351 972 2402 Torrentius
1001 2347 1280 2401 delendam

285 2430 427 2485 ducit
461 2448 650 2484 vocem
679 2439 1000 2494 maternam,
1042 2426 1279 2479 scriben-

282 2512 539 2584 dumque,
587 2531 611 2556 a
626 2520 902 2581 paternam
931 2507 1189 2576 originem
1211 2505 1280 2557 ad

282 2592 514 2645 Minoem
545 2607 609 2644 ac
635 2585 960 2658 Pasiphaen,
989 2598 1090 2638 ete.
1111 2608 1134 2632 ι
1163 2603 1282 2636 mu-

281 2671 480 2722 tatione
501 2669 682 2722 nescio
705 2685 776 2718 an
804 2663 1092 2718 arbitraria.
1131 2664 1283 2716 Cete-

281 2767 394 2801 rum
433 2746 668 2800 adaehanc
707 2746 966 2817 originem
994 2761 1024 2794 a
1049 2743 1278 2809 Minois,

283 2829 505 2880 marium
529 2825 833 2890 domitoris,
855 2841 1023 2876 uxore
1039 2835 1182 2874 recte
1200 2841 1282 2874 re-

283 2909 378 2960 fert
407 2905 679 2960 Fabricius
712 2901 936 2974 sigillum
967 2899 1176 2968 Galba,
1211 2899 1278 2953 de

284 3003 386 3058 quo
415 2985 549 3050 Dio,
575 2985 665 3048 n,
690 2984 742 3035 3.

343 3065 433 3117 111.
477 3081 526 3115 1.
563 3059 782 3134 Eloqt'a3
807 3059 1066 3124 honores,
1090 3062 1272 3112 trium—

281 3139 396 3214 phi,
419 3145 474 3195 in
497 3143 787 3213 imaginum
813 3139 980 3192 titulis
1003 3141 1202 3210 scripti.

346 3241 394 3274 τι.
438 3222 542 3293 Qui
556 3220 809 3290 primus...
835 3235 1121 3292 coquomen
1144 3217 1272 3269 Gal·

286 3299 354 3351 boe
371 3299 526 3366 tulit,
543 3311 643 3349 etc.
657 3294 817 3348 Haud
835 3298 984 3366 juvat
1007 3313 1128 3347 cum
1147 3297 1273 3348 Sue-

281 3379 424 3430 tonio
467 3374 788 3430 descendere
827 3374 896 3427 ad
931 3373 1166 3427 inutilem
1205 3375 1272 3427 de

281 3457 606 3530 cognominis
621 3456 826 3507 ratione
833 3453 1270 3524 disquisitionem.

280 3536 503 3588 Maxime
539 3532 830 3606 probabilis
870 3533 1156 3584 Burmanni
1191 3545 1272 3584 est

279 3617 564 3681 sententia,
595 3613 880 3666 barbarum
920 3629 1116 3664 nomen
1151 3630 1272 3664 cen-

277 3697 464 3760 sentis,
494 3711 526 3745 e
555 3692 738 3762 lingua
768 3689 966 3742 Celtica
998 3692 1269 3744 in·Roma-

279 3791 398 3826 nam
423 3771 714 3825 deductum
730 3809 748 3838 ,
768 3787 934 3841 quum
953 3769 1062 3822 LiV.
1083 3771 1270 3840 xxm,

281 3855 369 3922 26,
397 3853 626 3908 Galbam
644 3851 730 3906 vel
757 3851 980 3905 Galbam
996 3889 1014 3918 ,
1036 3851 1272 3904 nobilem

279 3933 643 4007 Carpesiomm
661 3931 850 3985 ducem
863 3970 879 3999 ,
891 3933 1138 3984 nominet.
1157 3935 1272 3984 11ae-

279 4015 403 4068 aisse
419 4016 580 4086 igitur
590 4011 799 4066 videtur
811 4010 1044 4084 Sulpicio
1061 4012 1271 4065 cuidam

281 4111 340 4146 ex
361 4097 554 4166 insigni
582 4093 827 4162 victoria,
849 4095 906 4148 in
925 4092 1176 4165 Hispania
1203 4092 1272 4144 de

279 4175 456 4248 aliquo
479 4173 650 4229 Galba
673 4189 845 4247 parta.

1441 2270 1494 2323 3.
1538 2272 1595 2327 V
1588 2282 1754 2324 ocem.
1790 2270 1851 2322 Id
1872 2270 2215 2339 servandum,
2236 2292 2373 2344 quo-

1369 2350 1512 2401 niam
1570 2350 1792 2402 aliorum
1848 2354 2157 2401 sententiam
2208 2354 2373 2405 refert

1369 2429 1745 2501 auetor‚‘ipse
1776 2425 1968 2497 linguae
2007 2426 2219 2479 Gallicae
2259 2432 2371 2481 sine

1367 2505 1534 2559 dubio
1564 2509 1795 2578 ignarus.
1836 2504 1953 2557 Alia
1972 2525 2055 2558 res
2080 2520 2159 2559 est
2176 2509 2231 2559 in
2254 2527 2373 2561 nas-

1368 2595 1562 2637 cuntur
1598 2597 1649 2636 et
1684 2582 2049 2656 appellantur,
2090 2585 2185 2636 nbi
2220 2584 2287 2638 de
2314 2605 2373 2639 re

1368 2663 1471 2716 sibi
1511 2675 1641 2714 nota
1683 2661 1920 2733 loquitur
1940 2699 1958 2728 ,
2006 2672 2063 2734 ‚et
2107 2662 2370 2716 vocabulo

1366 2743 1576 2795 Latino.
1614 2741 1939 2793 Monuernnt
1974 2739 2080 2796 hoc
2106 2744 2220 2812 jam
2251 2745 2371 2797 Ou-

1367 2820 1631 2892 dendorp.
1651 2833 1705 2872 et
1716 2817 1947 2872 wolfius
1962 2831 2151 2872 contra
2163 2823 2370 2875 Ernest.

1366 2900 1560 2970 injuria
1582 2908 1918 2950 revocantem
1942 2911 2149 2951 vocant.

1434 2978 1486 3045 4.
1503 2979 1709 3032 Servius
1728 2977 1894 3030 Galba
1906 2975 2218 3040 consularis,-
2232 2977 2372 3031 Con·

1365 3055 1445 3111 sul
1471 3076 1595 3110 cum
1613 3059 1671 3109 L.
1693 3054 1911 3108 Aurelio
1935 3056 2091 3108 Cotta
2118 3075 2241 3108 ann.
2265 3059 2373 3110 610

1363 3135 1543 3207 (609),
1562 3154 1675 3188 non
1694 3153 1815 3187 cum
1832 3137 1906 3186 M.
1926 3135 2137 3187 AEmilio
2152 3135 2371 3203 Scauro,

1361 3229 1423 3268 ut
1461 3217 1670 3268 Ernest.
1718 3215 1773 3264 in
1814 3213 1955 3266 Clav.
2011 3216 2178 3267 Cicer.
2235 3215 2370 3268 Vide

1361 3295 1512 3368 Pigh.
1535 3293 1726 3346 Annal.
1754 3307 1884 3346 tom.
1911 3296 1985 3361 11,
2005 3311 2059 3364 p.
2082 3293 2203 3360 466.
2224 3295 2371 3347 Loca

1363 3387 1541 3428 autem
1556 3375 1821 3428 Ciceronis
1842 3373 1911 3425 de
1931 3375 2045 3442 ejus
2066 3372 2370 3445 eloquentia

1364 3467 1677 3506 enumerata
1694 3451 1813 3503 vide
1836 3451 1903 3503 ab
1931 3453 2135 3504 Ernest.
2160 3453 2197 3504 Ι.
2222 3472 2268 3504 c.

1435 3533 1482 3588 5.
1528 3535 1689 3604 Quem
1716 3531 1987 3585 tradunt...
2009 3533 2249 3586 exstitisse
2256 3556 2278 3596 ,-
2297 3535 2362 3586 A.

1357 3617 1425 3668 U.
1464 3613 1587 3681 604.
1632 3611 1714 3663 Cf.
1751 3611 1980 3683 Appian.
2010 3613 2229 3682 Hispan.
2266 3615 2365 3684 59,

1359 3694 1466 3760 60,
1503 3708 1660 3762 quem
1706 3692 1897 3759 injuria
1936 3691 2251 3743 Torrentius
2294 3693 2365 3746 ad

1357 3774 1537 3826 locum
1568 3783 1809 3823 nostrum
1833 3769 1994 3838 dicit,
2026 3770 2247 3823 Lucullo
2280 3775 2365 3826 fa-

1361 3867 1502 3906 ctum
1529 3851 1583 3904 id
1606 3851 1839 3903 tribuere
1866 3851 2056 3918 videri,
2080 3849 2363 3922 neglectis,

1362 3929 1554 4003 quibus
1572 3947 1603 3980 a
1617 3927 1839 3980 Lucullo
1855 3928 1923 3980 ad
1936 3927 2155 3982 Galbam
2172 3933 2363 3985 transit

1360 4011 1668 4081 Appianus,
1700 4007 1873 4061 verbis
1895 4026 1943 4058 c.
1971 4003 2063 4075 59,
2100 4005 2293 4076 ὅπὸρθυ
2312 4009 2371 4062 δι’

1361 4087 1444 4138 καὶ
1477 4083 1500 4137 ὅ
1532 4081 1724 4146 Γὺβα
1762 4083 1845 4137 ὀπὶ
1884 4080 2103 4152 θάτερα,
2155 4102 2254 4138 etc.
2300 4105 2365 4140 ac

1366 4171 1559 4222 taxavit
1580 4171 1691 4239 jam
1705 4163 2119 4238 SchweighaeuS.
2148 4167 2183 4219 l.
2206 4187 2253 4220 c.
2280 4189 2365 4222 er-

1974 4259 2071 4326 16.
