3050 5004
1183 502 1516 567 GALBA.
2265 510 2397 593 247
2432 456 2441 467 ·

309 628 686 699 Tusculum
703 680 722 711 ,
763 627 883 695 ubi
923 628 1226 695 aestivare
1267 640 1629 695 consueret
1644 676 1664 708 ,
1704 626 1927 695 avexit
1941 677 1961 709 ,
1998 642 2069 693 et
2100 628 2173 693 in
2206 644 2401 721 parte

309 738 562 809 aedium
597 756 1098 820 consecratum,
1133 740 1498 805 menstruis
1536 736 1853 831 deinceps
1888 737 2399 831 supplicationi·-

311 851 438 919 bus
465 865 538 917 et
567 848 918 943 pervigilio
953 850 1410 917 anniversario
1423 857 1474 887 ¹⁰
1509 846 1739 917 coluit.
1778 851 2205 942 Quamquam
2240 864 2401 917 aeta·

309 976 374 1028 te
393 970 438 999 ¹¹
485 958 794 1029 nondum
843 960 1207 1040 constanti,
1253 974 1549 1026 veterem
1597 960 1881 1027 civitatis
1928 958 2401 1055 exoletumque

309 1094 570 1138 morem
593 1122 612 1152 ‚
657 1095 738 1139 ac
771 1085 1030 1139 tantum
1069 1072 1140 1137 in
1183 1059 1388 1139 domo
1429 1092 1555 1137 sua
1586 1067 1953 1137 haerentem
1969 1121 1988 1152 ,
2022 1069 2403 1142 obstinatis·-

311 1184 478 1251 sime
509 1183 814 1263 retinuit,
845 1197 924 1247 ut
945 1180 1168 1249 liberti
1189 1183 1500 1274 servique
1532 1181 1635 1248 bis
1658 1180 1767 1249 die
1794 1181 2181 1274 frequentes
2208 1177 2403 1249 ades·

311 1306 482 1373 sent,
503 1314 584 1357 ac
605 1315 804 1357 mane
823 1290 1106 1372 salvere,
1131 1293 1396 1383 vesperi
1419 1290 1643 1359 valere
1662 1290 1789 1358 sibi
1813 1288 2057 1382 singuli
2081 1288 2399 1362 dicerent.

399 1404 482 1467 V.
536 1404 718 1467 Inter
737 1398 1046 1467 liberales
1075 1398 1462 1491 disciplinas
1492 1400 1777 1468 attendit
1800 1416 1867 1467 et
1886 1397 2023 1493 juri
2046 1411 2061 1439 ⁸
2076 1452 2091 1467 .
2118 1398 2315 1467 Dedit
2333 1414 2401 1475 et

313 1510 738 1577 matrimonio
761 1534 1070 1601 operam:
1095 1534 1333 1577 verum
1346 1564 1365 1594 ‚
1391 1514 1637 1579 amissa
1658 1536 1868 1579 uxore
1892 1509 2145 1603 Lepida
2160 1516 2184 1547 ²
2202 1562 2219 1593 ,
2244 1509 2409 1577 dum

313 1616 574 1715 busque
603 1644 688 1689 ex
725 1644 804 1687 ea
839 1619 1024 1711 filiis,
1062 1624 1384 1689 remansit
1419 1624 1490 1688 in
1521 1620 1871 1704 caelibatu,
1910 1646 2131 1716 neque
2162 1620 2407 1688 sollici·

314 1730 478 1798 tari³
511 1730 651 1801 ulla
687 1730 1065 1802 conditione
1099 1732 1392 1825 amplius
1421 1738 1642 1826 potuit
1660 1786 1677 1817 ,
1718 1758 1813 1801 ne
1838 1734 2223 1826 Agrippinae
2254 1735 2403 1826 qui·-

315 1838 493 1924 dem,
509 1841 800 1911 viduatae
818 1860 1036 1911 morte
1055 1847 1350 1927 Domitii,
1368 1868 1522 1938 quoe
1544 1848 1859 1912 maritum
1884 1868 2155 1940 quoque
2176 1841 2405 1911 adhue

315 1950 604 2021 necdum
645 1952 1022 2037 caelibem⁴‚
1064 1944 1346 2023 Galha'm
1385 1956 1556 2023 adeo
1593 1956 1905 2024 omnibus
1939 1955 2405 2023 sollicitaverat

317 2060 530 2130 modis
546 2116 562 2147 ,
589 2081 667 2130 ut
697 2067 766 2130 in
793 2081 1130 2134 conventu
1146 2067 1170 2105 ⁵
1200 2083 1665 2135 matronarum
1692 2084 2001 2163 correpta
2024 2065 2274 2160 jurgio,
2302 2082 2405 2135 at-

390 2290 469 2327 ιο.
523 2274 596 2325 Et
625 2274 904 2348 pervigilio
945 2276 1314 2329 anniversario.

317 2350 470 2404 Forte
505 2372 568 2405 ea
601 2354 714 2425 ipsa
737 2368 922 2420 nocte,
964 2368 1066 2425 qua
1096 2352 1316 2405 simula-

317 2451 460 2483 crum
473 2433 764 2499 invenerat,
775 2446 832 2485 ut
844 2431 1314 2506 opinaturMuller.

391 2530 470 2564 n.
529 2514 856 2586 Quamquam
892 2524 1069 2578 aetate,
1102 2525 1202 2565 etc.
1256 2516 1314 2564 ln

315 2588 583 2664 plerisque
625 2604 705 2644 est
739 2602 916 2642 autem
953 2603 1076 2662 post
1122 2593 1316 2662 Quam-

317 2689 472 2741 quam
485 2708 506 2736 ‚
521 2667 575 2722 h.
592 2669 627 2722 l.
643 2688 860 2742 prorsus
875 2672 1134 2740 ineptum,
1150 2688 1314 2741 quum

319 2749 493 2802 nullus
528 2752 859 2822 sequentium
894 2770 1060 2804 nexus
1096 2750 1162 2802 sit
1195 2769 1316 2803 cum

317 2831 688 2902 superioribus.
699 2831 1024 2884 Auctoritate
1033 2830 1178 2882 MSS.
1191 2831 1318 2882 omi-

319 2927 429 2962 sere
445 2909 729 2960 Burmann.
757 2907 1002 2960 Oudend.
1025 2909 1314 2961 Ernestius.

383 2989 448 3039 V.
485 3005 532 3040 1.
561 2989 806 3040 laten...
838 2999 886 3040 et
911 2987 1034 3058 juri.
1063 2987 1317 3038 Assentiri

317 3084 524 3138 nequeo
545 3065 773 3132 Wolfio,
794 3067 882 3116 cui
900 3063 1010 3118 haec
1033 3064 1317 3135 displicent

318 3159 374 3196 ut
411 3143 638 3216 abrupte
681 3145 970 3214 interjecta.
1006 3145 1194 3198 Inserit
1223 3163 1318 3196 au-

319 3239 467 3293 ctor,
506 3225 600 3278 sed
625 3224 873 3290 brevius,
904 3227 1154 3298 quoniam
1187 3222 1318 3278 nihil

317 3311 502 3380 scripti
515 3307 727 3379 reliquit
741 3307 930 3372 Galba,
943 3321 1002 3358 ut
1017 3307 1318 3378 superiores

317 3389 702 3458 Imperatores,
740 3384 866 3458 quid
905 3389 1068 3456 egerit
1097 3383 1222 3436 inde
1249 3383 1318 3438 ab

319 3479 412 3518 aeta
419 3480 470 3519 te
485 3463 622 3532 virili
632 3502 649 3531 ‚
665 3467 772 3517 sive
787 3479 964 3518 sumta
982 3480 1134 3537 toga,
1149 3483 1318 3536 usque

319 3544 386 3596 ad
405 3545 820 3596 matrimonium„

391 3643 440 3678 2.
487 3622 657 3675 Uxor-e
675 3622 886 3694 Lepida.
925 3625 1130 3674 Patrem
1153 3640 1316 3693 quum

323 3715 512 3754 auctor
527 3701 820 3772 significare
839 3702 1154 3772 negleaen't‚
1174 3719 1319 3752 vante

323 3796 445 3834 sunt
453 3795 506 3834 et
521 3795 672 3834 erum
685 3781 860 3834 dehac
871 3779 1071 3854 Lepida
1085 3782 1320 3832 virorum

323 3862 602 3915 doctorum
625 3864 960 3933 quaestiones.

391 3941 443 3993 3.
453 3941 746 3994 Sollicitari
755 3963 774 4002 ,-
783 3941 984 4008 induci,
992 3937 1322 4011 persuaderi.

329 4019 688 4074 Conditionem
711 4021 929 4092 proprio
949 4017 1212 4072 vocabulo
1238 4018 1318 4070 di·

328 4099 491 4151 cimus
517 4117 592 4149 tm
611 4099 774 4170 parti.

393 4176 446 4242 ⁴.
483 4177 722 4232 Necdum
737 4175 983 4232 coelibem·
997 4177 1042 4230 E
1053 4175 1230 4248 glossa
1239 4177 1326 4246 ju-

1403 2277 1587 2331 dicant
1600 2276 1711 2329 haec
1725 2276 1883 2331 verbs
1903 2278 2105 2329 intrusa
2116 2314 2133 2343 ‚
2160 2274 2243 2327 vel
2256 2275 2407 2327 dnm·-

1404 2371 1557 2422 nant‚
1568 2371 1623 2408 ut
1636 2357 1913 2409 molestum
1927 2354 2289 2423 tautologiam.
2306 2354 2406 2407 Vc·

1405 2454 1524 2485 rum
1536 2432 1888 2487 condonanda
1898 2452 1962 2485 ea
1972 2451 2093 2487 cum
2108 2428 2407 2500 walthero,

1405 2514 1627 2570 Observ.
1660 2534 1779 2586 pag.
1827 2531 1888 2583 27
1904 2551 1921 2578 ‚
1966 2525 2097 2584 puto
2126 2513 2404 2581 scriptori,

1405 2610 1571 2668 quum
1582 2597 1785 2668 optimo
1796 2596 1989 2664 cuique
2004 2593 2129 2644 talia
2144 2591 2407 2660 excidant,

1403 2677 1630 2728 maxime
1666 2674 1757 2728 ubi
1782 2692 1921 2725 novo
1943 2671 2207 2724 vocabulo
2230 2673 2407 2724 inten-

1405 2755 1547 2810 ditur
1556 2757 1636 2808 vis
1648 2755 1901 2806 orationis
1913 2790 1929 2817 ‚
1944 2765 2003 2802 ut
2013 2750 2067 2802 h.
2078 2751 2113 2802 l.
2126 2749 2407 2820 indignan-

1405 2849 1512 2888 tem
1528 2831 1676 2886 vides
1692 2833 1834 2901 turpi
1850 2831 2077 2883 feminae.
2094 2830 2233 2900 Apte
2248 2829 2407 2882 etiam

1405 2925 1678 2984 comparat
1686 2909 1947 2963 VValdxer,
1960 2909 2140 2960 Neron
2149 2947 2160 2960 .
2174 2925 2228 2978 7,
2241 2907 2406 2960 Tener

1403 2993 1575 3046 adhuc
1596 3029 1615 3058 ,
1662 2992 1879 3044 necdum
1920 3001 2125 3042 matura
2162 2989 2407 3060 pueritia·

1403 3072 1701 3124 Mutatione
1715 3068 2060 3140 Oudendorp.
2078 3089 2101 3114 ι
2117 3067 2411 3133 acdumcaet

1405 3147 1565 3202 libem
1583 3175 1605 3200 ι
1636 3169 1745 3202 non
1767 3147 1919 3201 video
1944 3145 2072 3219 quid
2094 3145 2357 3217 proficias.

1480 3229 1531 3282 5.
1582 3229 1649 3280 In
1674 3239 1949 3281 conventu.
2000 3229 2077 3278 Ita
2102 3245 2165 3278 ex
2192 3226 2409 3280 Merum

1409 3323 1462 3362 et
1475 3311 1678 3380 optimo
1694 3327 1909 3380 quoque
1926 3307 2065 3358 libro
2084 3303 2332 3358 Oudend.
2353 3319 2412 3358 cx

1407 3389 1613 3440 Ernest.
1668 3387 1839 3456 Vulgo
1882 3386 2017 3438 inter
2059 3395 2373 3437 conventum
2388 3421 2408 3450 ,

1409 3465 1556 3538 quod
1585 3485 1705 3516 cum
1738 3464 1955 3516 Dukero
1978 3462 2049 3516 ad
2068 3462 2210 3516 Flor.
2242 3464 2318 3528 11,
2346 3462 2411 3528 6,

1407 3547 1468 3613 41
1488 3585 1504 3613 ,
1525 3545 1766 3598 defendit
1790 3546 2071 3596 Burmann.
2118 3540 2221 3596 Sed
2249 3543 2409 3608 inter,

1409 3623 1502 3676 uhi
1516 3637 1595 3676 est
1610 3622 1773 3694 proin
1784 3661 1803 3687 ,
1818 3639 2027 3690 semper
2040 3618 2149 3670 duo
2165 3617 2247 3669 vel
2262 3616 2381 3670 loct
2390 3653 2409 3682 ,

1407 3701 1492 3754 vel
1503 3716 1741 3772 tempora
1752 3702 1907 3774 ponit
1918 3738 1935 3765 ,
1952 3718 2065 3770 quae
2076 3701 2197 3770 conj
2204 3713 2413 3768 ungun-

1411 3795 1498 3834 tur
1528 3779 1632 3832 hoc
1663 3779 1927 3832 vocabulo
1940 3817 1957 3846 ‚
1996 3776 2144 3848 quod
2178 3775 2313 3828 valet
2358 3777 2414 3828 iu

1411 3863 1713 3928 sententiis,
1730 3863 1867 3914 inter
1884 3877 2115 3925 curnam,
2134 3858 2187 3909 in
2197 3867 2272 3908 ter
2287 3858 2417 3908 ceri·

1411 3943 1641 4006 monia-5,
1676 3953 1731 3992 et
1752 3937 2039 3998 similibus,
2071 3953 2200 4007 quas
2225 3933 2413 3988 vocab.

1412 4019 1538 4074 dum
1568 4033 1619 4072 et
1646 4018 1808 4070 verbo
1846 4013 2203 4068 circumscribi
2230 4032 2417 4085 posse,

1415 4095 1649 4150 ostendit
1672 4094 2025 4163 Oudendorp.
2068 4091 2201 4146 Vide
2230 4093 2415 4158 etiam,

1418 4194 1533 4246 qum
1558 4177 1765 4228 notavit
1782 4175 2069 4230 Ernesti-n.
