3050 5004
615 508 745 607 372
1372 521 1445 585 c.
1497 520 1971 587 suE'romi

602 674 818 745 quam
854 646 1143 715 ademit:
1189 645 1515 715 abstinuit
1549 646 1773 715 alieno
1792 700 1809 729 ,
1853 664 1932 715 ut
1972 650 2028 716 si
2069 652 2220 743 quis
2261 672 2604 747 unquam:
2650 679 2730 723 ac

608 788 695 830 ne
739 784 1095 829 concessas
1138 759 1417 855 quidem
1457 784 1539 828 ac
1579 758 1807 828 solitas
1851 759 2286 831 collationes⁷
2327 768 2602 859 recepit.
2643 772 2732 835 -Et

606 892 835 942 tamen
863 874 1135 941 nemine
1162 888 1319 938 ante
1348 894 1423 939 se
1450 869 1916 939 munificentia
1937 874 2185 940 minor.
2215 875 2730 966 Amphitheatro

607 984 917 1053 dedicato
936 982 963 1023 ⁸
978 1036 995 1066 ,
1020 983 1440 1078 thermisque
1458 981 1658 1077 juxta
1679 982 1989 1051 celeriter
2010 990 2371 1056 exstructis
2387 999 2414 1039 ⁹
2429 1040 2446 1069 ,
2475 1014 2727 1058 munus

602 1097 817 1165 edidit
834 1112 889 1143 ¹⁰
915 1097 1513 1188 apparatissimum
1536 1094 2150 1189 largissimamque.
2173 1096 2374 1163 Dedit
2394 1113 2462 1165 et
2486 1101 2729 1168 navale

604 1206 917 1301 praelium
949 1209 1021 1274 in
1052 1208 1266 1274 veteri
1298 1205 1736 1275 naumachia:
1772 1203 2024 1273 ibidem
2061 1223 2129 1274 et
2157 1206 2594 1300 gladiatores:
2629 1228 2728 1279 at-

604 1339 742 1411 que
770 1340 912 1384 uno
940 1304 1049 1383 di&
1083 1319 1388 1411 quinque
1416 1315 1628 1383 millia
1655 1340 1860 1384 omne
1888 1340 2104 1409 genus
2134 1317 2453 1386 ferarum.

698 1434 879 1497 v111.
932 1434 1185 1495 Natura
1226 1445 1459 1496 autem
1496 1428 2208 1511 benevolentissimuS,
2253 1454 2474 1524 quum.
2507 1454 2590 1499 ex
2630 1426 2728 1500 in-

601 1544 837 1609 stituto
870 1541 1121 1609 Tiberii
1160 1564 1398 1607 omnes
1432 1538 1683 1609 dehinc
1718 1545 2018 1609 Caesares
2054 1538 2382 1609 beneficia
2401 1596 2419 1623 ,
2455 1567 2498 1609 a
2533 1566 2726 1637 supe*

602 1651 893 1745 rioribus
926 1676 1247 1720 concessa
1285 1652 1710 1745 Principibus
1731 1705 1746 1733 ,
1781 1650 1975 1720 aliter
2011 1668 2154 1719 rata
2188 1677 2328 1720 non
2364 1652 2722 1740 haberent,

603 1789 813 1860 quam
838 1766 895 1831 si
918 1763 1158 1833 eadem
1180 1762 1419 1831 iisdem
1448 1777 1516 1830 et
1539 1766 1668 1857 ipsi
1694 1761 2071 1845 dedissent,
2101 1766 2361 1857 primus
2387 1770 2726 1857 praeterita

600 1880 829 1945 omnia
853 1898 991 1943 uno
1020 1874 1443 1943 confirmavit
1474 1874 1692 1943 edicto
1717 1886 1732 1911 ¹
1759 1901 1777 1958 ς
1808 1900 1937 1944 nec
1971 1900 2012 1941 a
2049 1899 2122 1943 se
2154 1878 2291 1968 peti
2324 1900 2567 1969 passus
2596 1894 2719 1946 est.

606 1992 685 2055 In
706 1990 942 2056 ceteris
962 2010 1125 2055 vero
1146 1985 1499 2055 desideriis
1522 1987 1913 2055 hominum²
1939 1986 2464 2055 obstinatissime
2483 1991 2723 2072 tenuit,

603 2124 691 2166 ne
730 2122 935 2194 quem
975 2100 1119 2165 sine
1153 2120 1273 2190 spe
1307 2096 1696 2167 dimitteret.
1737 2101 1916 2185 Quin
1954 2115 2021 2166 et
2053 2097 2575 2166 admonentibus
2608 2098 2725 2167 do-

600 2210 900 2279 mesticis
921 2261 938 2291 ,
979 2239 1005 2269 a
1028 2211 1221 2304 quasi
1251 2208 1453 2302 plura
1484 2208 1948 2302 polliceretur,
1983 2234 2188 2305 quam
2217 2226 2540 2302 praestare
2571 2234 2726 2303 pos—

606 2337 742 2389 set:
774 2352 801 2382 ‚2
874 2326 1077 2388 «Non
1132 2338 1487 2413 oportere,
1518 2352 1544 2383 n
1607 2323 1737 2404 ait,
1802 2352 1827 2381 α
1857 2345 2268 2415 quemquam
2318 2346 2360 2388 a
2409 2346 2722 2391 sermone

604 2434 931 2527 Principis
988 2434 1252 2500 tristem
1303 2431 1669 2500 discedere.
1708 2464 1734 2493 n
1800 2439 2017 2528 Atque
2073 2435 2276 2504 etiam
2329 2434 2722 2504 recordatus

603 2543 952 2639 quondam
1000 2567 1205 2636 super
1254 2567 1517 2611 coenam
1539 2597 1555 2625 ,
1606 2541 1790 2638 quod
1837 2543 2006 2611 nihil
2053 2547 2372 2639 cuiquam
2421 2561 2563 2614 toto
2611 2545 2722 2614 die

601 2657 1062 2749 praestitisset,
1114 2651 1626 2723 memorabilem
1678 2655 1904 2738 illam,
1953 2659 2328 2750 meritoque
2375 2655 2722 2725 laudatam

598 2819 661 2870 in
672 2817 884 2888 publico
904 2817 1054 2869 omni
1074 2829 1223 2870 coetu.
1240 2821 1407 2870 Fuere
1428 2819 1616 2880 etiam,
1709 2831 1800 2872 ter.
1820 2819 1956 2872 Illud
1977 2819 2321 2872 confirmatur
2343 2819 2465 2872 loco
2485 2820 2718 2874 Martial.

602 2899 699 2966 qui
740 2895 969 2966 abjicere
1010 2896 1227 2949 mallent
1264 2907 1429 2964 σιτία,
1471 2896 1617 2968 quod
1707 2898 1774 2951 de
1799 2899 2042 2970 Spectac.
2073 2917 2131 2965 2,

602 2981 801 3032 rectius
832 2975 1139 3030 defenditur
1166 2979 1235 3030 ab
1270 2977 1521 3032 Oudend.
1566 2993 1620 3032 et
1709 2993 1806 3044 nic,
1835 2993 1907 3034 ubi
1933 2994 2135 3036 miramur
2161 2995 2330 3037 velocia
2359 3008 2570 3046 munera,
2603 2996 2720 3040 then-

603 3056 824 3109 Wolfio.
858 3087 930 3097 —-
957 3056 1224 3110 Prolixim
1256 3076 1367 3109 non
1396 3073 1475 3110 est
1502 3077 1619 3110 am·-
1842 3069 1950 3104 ¹²¹⁸·-
1977 3063 2056 3097 εἴθ·

598 3137 745 3211 plius
758 3137 825 3190 de
840 3151 1112 3210 tempore,
1132 3137 1226 3190 sed
1246 3137 1619 3191 liberalius.—-
1787 3151 1866 3187 10.
1887 3136 2086 3186 Munus
2105 3134 2294 3202 edidit,
2321 3149 2422 3187 etc.
2445 3135 2601 3188 Conf.
2622 3138 2720 3188 Xi-

601 3218 928 3290 Supersedr‘t,
960 3220 1167 3288 omisit,
1195 3216 1365 3270 noluit
1382 3257 1398 3285 ,
1428 3232 1487 3271 ut
1511 3223 1618 3270 Au·
1709 3214 1840 3286 phil.
1869 3213 1975 3266 loc.
2001 3216 2091 3266 cit.
2119 3217 2210 3287 qui
2233 3217 2372 3268 inter
2394 3228 2572 3269 cetera
2595 3235 2722 3268 nau-

605 3310 745 3368 gust.
775 3316 893 3370 cap.
926 3300 1012 3366 93.
1710 3291 1974 3344 machiam
1987 3292 2722 3366 quamdam‚derepemeAm-

668 3396 727 3448 ⁴7.
770 3376 1124 3438 Collationes,·
1161 3389 1487 3448 spontaneas
1525 3395 1619 3446 pe·
1709 3372 2015 3444 phitheatro
2042 3374 2291 3426 immissis
2317 3376 2497 3446 aquis,
2522 3374 2722 3427 exhibi-

597 3458 815 3521 cuninu,
856 3455 1038 3526 quales
1064 3454 1309 3526 exigebat
1343 3454 1584 3526 Caligula
1600 3494 1616 3520 ,
1710 3465 1815 3504 tam
1843 3455 2007 3504 fuisse
2023 3467 2223 3508 narrat.
2240 3444 2391 3506 -Ίη
2413 3455 2570 3507 veteri
2589 3475 2720 3507 nau-

607 3555 773 3608 quum
804 3534 906 3587 sibi
936 3533 1045 3588 filia
1072 3545 1199 3587 nata
1228 3549 1386 3588 esset.
1413 3535 1616 3606 Supra,
1711 3534 1948 3595 mat-hia,-
1973 3533 2042 3586 de
2070 3553 2178 3606 qua
2201 3535 2322 3588 vide
2347 3534 2418 3588 ad
2445 3538 2581 3608 Aug.
2618 3536 2719 3605 43,

604 3613 773 3684 Calig.
799 3633 917 3685 cap.
944 3616 1030 3683 42.
1709 3627 1760 3664 et
1788 3614 1986 3665 Neron.
2021 3631 2104 3684 ²7·

680 3696 729 3748 8.
760 3694 1165 3766 Amphitheatro
1187 3695 1419 3747 dedicato
1430 3717 1450 3757 ;
1472 3693 1618 3766 quod
1785 3695 1912 3744 vul.
1939 3709 1956 3742 1
1971 3733 1982 3744 .
1999 3692 2267 3745 Proeten'ta
2281 3695 2460 3746 omnia
2476 3712 2584 3746 uno
2599 3713 2720 3747 con-

604 3776 878 3846 inccperat
898 3787 1051 3844 pater
1064 3776 1440 3846 Vespasianus,
1460 3773 1617 3825 Conf.
1692 3769 1941 3843 firmavit
1963 3771 2145 3824 edicto.
2171 3772 2252 3823 Cf.
2289 3771 2492 3844 xiphil.
2523 3771 2718 3840 LXVI,

606 3854 680 3905 ad
697 3855 915 3925 vespas.
938 3871 1000 3922 9,
1022 3866 1076 3906 et
1090 3851 1291 3925 xiphil.
1312 3851 1500 3918 val,
1524 3851 1618 3918 25,
1717 3867 1796 3919 19.
1823 3849 2001 3902 Aurel.
2016 3846 2228 3916 Victor,
2255 3852 2395 3922 Epit.
2433 3868 2512 3903 ιο.
2543 3853 2604 3903 In
2627 3869 2719 3904 su·

606 3933 683 3984 ibi
712 3936 831 3999 cit.‚
868 3931 961 3984 ubi
996 3934 1155 3986 etiam
1178 3932 1245 3984 de
1274 3947 1513 4004 tempore
1537 3931 1618 3985 di·
1709 3930 2008 4001 perior-ibus
2031 3929 2182 3982 multi
2199 3931 2341 3984 male
2361 3935 2614 3985 omittunt
2628 3951 2718 3985 vo-

608 4025 772 4066 ctum.
791 4015 983 4064 Parum
1002 4025 1248 4065 accurate
1264 4016 1483 4085 Eun-op.
1498 4014 1619 4080 vn,
1709 4009 1828 4062 cab.
1860 4021 1989 4062 rata.

615 4095 712 4161 14,
759 4115 781 4140 ιι
802 4095 898 4146 Hic
938 4091 1152 4163 (Titus)
1190 4091 1619 4164 Bonum-Amphi-
1783 4109 1836 4152 ²,
1874 4091 2187 4144 Hominum.
2217 4090 2302 4144 Al.
2331 4093 2608 4154 animum,
2645 4092 2712 4146 al.

606 4171 873 4227 theatrum
902 4169 1196 4243 oedificavt‘t.
1219 4195 1242 4218 ι
1709 4171 1974 4238 omnium,
2001 4172 2081 4224 vel
2105 4173 2262 4224 etiam
2286 4174 2528 4224 omnium
2555 4171 2716 4225 homi-

676 4269 725 4322 9.
758 4249 1290 4304 Celeriter-exseramus.
1312 4249 1393 4302 ΔΙ.
1416 4250 1619 4303 celebri-
1710 4268 1865 4317 num,
1891 4251 2037 4324 quod
2063 4249 2290 4303 Casaub.
2318 4250 2499 4304 edidit.
