3050 5004
1062 503 1614 569 VITELLIUS.

2254 504 2392 571 301·

295 634 411 729 qui
427 646 455 696 v
480 684 497 716 ‚
542 630 979 723 famosusque
1030 648 1377 695 coenarum
1430 626 1952 719 magnificentia.
2003 632 2394 715 QUINTUS

294 746 511 812 caruit
557 739 793 809 ordine
812 738 877 822 ⁸,
939 762 1154 833 quum
1202 754 1476 805 auctore
1527 735 1800 805 Tiberio
1851 742 2111 805 secerni
2164 741 2392 808 minus

292 851 573 919 idoneos
622 850 973 915 Senatores
1018 848 1485 939 removerique
1538 843 1926 937 placuisset.
1985 850 2350 917 PUBLIUS
2371 900 2392 931 ,

294 961 676 1029 Germanici
708 980 963 1038 comes,
990 960 1111 1023 Cn.
1148 958 1461 1023 Pisonem
1478 1007 1495 1037 ,
1532 957 1884 1023 inimicum
1917 973 1985 1024 et
2013 958 2392 1027 interfecto-

295 1095 439 1139 rem
472 1068 652 1163 ejus,
685 1068 1025 1135 accusavit
1058 1065 1754 1160 condemnavitque9:
1791 1090 1870 1133 ac
1897 1082 2054 1158 post
2081 1084 2396 1159 praeturae

296 1181 627 1251 honorem
648 1182 826 1259 inter
843 1176 1064 1272 Sejani
1087 1179 1392 1245 conscios
1410 1194 1722 1271 arreptus
1737 1191 1792 1225 ¹⁰
1803 1231 1822 1262 ,
1839 1195 1908 1247 et
1925 1183 1998 1246 in
2020 1180 2396 1249 custodiam

295 1292 486 1361 fratri
516 1291 747 1371 datus,
778 1288 1046 1382 scalpro
1078 1286 1351 1355 librario
1384 1312 1590 1355 venas
1629 1287 1758 1355 sibi
1791 1289 2027 1357 incidit
2057 1316 2071 1356 :
2103 1314 2230 1359 nec
2257 1308 2395 1360 tam

297 1405 532 1472 mortis
572 1402 991 1496 poenitentia,
1027 1408 1233 1493 q‘uam
1280 1423 1563 1467 suorum
1599 1399 2075 1485 obtestatione,
2118 1400 2400 1497 obligari

300 1515 655 1607 curarique
702 1534 774 1579 se
817 1532 1092 1602 passus,
1122 1510 1212 1587 ‚in
1259 1506 1493 1575 eadem
1541 1508 1847 1576 custodia
1888 1509 2128 1579 morbo
2173 1516 2394 1605 periit.

292 1624 614 1689 (LUCIUS
658 1642 741 1687 ex
776 1618 1135 1687 consulatu
1160 1628 1202 1656 ¹¹
1250 1620 1459 1712 Syriae
1500 1622 1938 1711 praeposituS,
1985 1621 2400 1691 Artabanum

302 1730 705 1800 Parthorum
741 1753 969 1823 regem
1006 1731 1291 1797 summis
1332 1729 1622 1816 artibuS‚
1661 1754 1802 1799 non
1836 1731 2042 1800 modo
2077 1731 2165 1801 ad
2200 1733 2412 1804 collo-‘

305 1990 419 2027 esse
432 1971 551 2025 Kal.
568 1973 599 2023 J
604 1970 675 2024 ul.
690 1985 837 2044 patet
852 1990 915 2023 ex
927 1972 1275 2044 inscriptione
1289 2010 1307 2039 ,

438 2068 516 2111 Cn.
532 2067 739 2110 Domitius
756 2066 1049 2111 Ahenobarbus
1068 2066 1162 2109 cos.

437 2128 525 2171 Suf.
546 2127 635 2170 Kal.
657 2129 737 2171 Jul.
756 2130 806 2171 Δ.
828 2127 1021 2171 Vitellia·
1040 2129 1132 2170 Coa.

305 2206 439 2259 Vide
466 2208 648 2259 Noris.
676 2208 774 2279 Ep.
803 2205 1082 2259 Consular.
1108 2206 1309 2277 (θην.

307 2286 465 2339 Tbes.
488 2300 616 2339 tom.
642 2286 743 2352 xl,
764 2304 886 2357 pag.
909 2284 1073 2357 405),
1102 2298 1155 2337 et
1178 2288 1311 2337 Bur-

310 2384 487 2417 mann.
518 2378 680 2438 atque
702 2364 1049 2437 Oudendorp.
1076 2364 1144 2417 ad
1166 2364 1311 2417 bunc

312 2445 505 2499 locum.

382 2545 431 2598 7.
469 2526 765 2580 Proelautus
782 2525 1002 2600 alioqui.
1026 2524 1107 2577 Al.
1128 2524 1316 2599 praela-

312 2615 416 2672 tus,
448 2605 693 2657 nonnulli
716 2607 873 2658 etiam
896 2603 1136 2678 eloquio,
1168 2603 1313 2656 unde

314 2687 596 2736 Burmann.
618 2684 779 2736 latere
798 2696 953 2755 putat
974 2702 1169 2735 nomen
1187 2685 1311 2750 viri,

314 2764 400 2814 cui
422 2765 475 2814 in
498 2761 779 2816 consulatu
799 2763 1041 2835 praelatus
1056 2760 1315 2828 Vitellius,

316 2843 635 2912 conjicitque
660 2840 907 2913 praelatus
937 2840 1173 2894 Claudio.
1212 2838 1315 2894 Sed

316 2919 455 2972 salva
484 2933 562 2972 est
588 2918 773 2984 lectio,
812 2937 975 2991 quam
1006 2937 1129 2972 eum
1157 2937 1318 2998 supe-

318 2998 545 3050 rioribus
588 2997 879 3052 editoribus
928 2997 1172 3051 exhibeo.
1250 2997 1318 3049 Et

316 3077 517 3150 alioqui
548 3075 604 3128 h.
629 3094 677 3127 e.
702 3077 755 3128 in
785 3075 1000 3149 reliquis
1030 3076 1319 3148 proelautus

316 3159 445 3224 fuit,
488 3175 595 3228 quo
628 3173 786 3208 sensu
814 3158 939 3208 Ner.
968 3157 1039 3209 30
1070 3157 1318 3227 legimus,

318 3253 369 3292 et
425 3240 663 3291 famosus
722 3240 988 3310 praecipue
1046 3255 1318 3291 coenarum

318 3317 725 3390 magnificentia.

390 3393 445 3447 8.
485 3395 707 3466 Quintus
734 3395 905 3446 caruit
932 3394 1149 3456 ονᾰίηες
1185 3394 1236 3448 h.
1270 3413 1315 3447 e.

321 3473 515 3526 Senatu
535 3487 711 3526 motus
733 3486 831 3526 est.
850 3474 1020 3526 Tacit.
1041 3473 1231 3526 Annal.
1254 3477 1318 3543 11,

322 3553 414 3618 48,
446 3577 469 3600 a
482 3553 725 3605 Tiberius
746 3553 1001 3624 prodigos
1018 3566 1072 3605 et
1087 3554 1157 3606 ob
1176 3555 1322 3625 flagi-

316 3635 391 3684 tia
422 3645 665 3702 egentes,
706 3630 973 3683 Vibidium
1006 3633 1321 3696 Varronem,

320 3712 546 3763 Marium
566 3713 857 3782 Nepotem,
882 3711 1117 3782 Appium
1133 3713 1326 3784 Appia-

320 3805 477 3854 num,
502 3787 807 3840 Cornelium
821 3787 1047 3854 Sullam,
1078 3791 1137 3860 Q.
1157 3791 1209 3843 V
1208 3789 1325 3842 itel-

324 3866 453 3919 lium
474 3868 641 3919 movit
668 3868 863 3921 Senatu
876 3905 892 3933 ,
917 3880 1009 3920 aut
1028 3882 1221 3939 sponte
1240 3887 1325 3920 ce·

323 3945 445 3998 dere
468 3963 659 4018 passus
682 3960 811 3999 est.-

392 4043 444 4096 9.
492 4022 729 4076 Publius.
750 4064 761 4076 .
782 4062 796 4075 .
832 4025 1323 4096 condemnavitque;

324 4103 380 4155 b.
419 4122 467 4155 e.
510 4117 571 4155 ut
610 4103 1056 4156 condemnaretur
1074 4142 1091 4170 ,
1128 4103 1322 4156 effecit.

326 4184 404 4236 Cf.
424 4181 605 4238 Tiber.
636 4183 683 4237 8.
712 4185 791 4238 De
815 4201 871 4236 re
890 4183 1011 4237 vide
1032 4185 1203 4236 Tacit.
1225 4185 1326 4236 An-

1397 1972 1504 2025 nal.
1524 1972 1621 2037 111,
1653 1971 1884 2039 10—15,
1909 1985 1962 2025 et
1979 1972 2110 2026 Plin.
2145 1976 2212 2027 Η.
2231 1976 2300 2028 N.
2319 1977 2368 2029 11
2383 2014 2402 2043 ,

1398 2052 1465 2122 37
1490 2052 1648 2124 (17),
1672 2051 1766 2104 ubi
1789 2070 1858 2103 ne
1878 2052 2093 2120 credas,
2122 2071 2237 2125 quae
2265 2057 2403 2107 Har-

1399 2132 1592 2184 duinus
1633 2130 1702 2183 de
1729 2132 2026 2185 Germanici
2059 2137 2404 2204 cognomine,

1397 2210 1612 2264 Vitellio
1632 2210 1980 2280 hereditario,
2001 2214 2118 2264 fuse
2137 2213 2407 2287 disputan

1399 2290 1507 2341 imo
1530 2288 1650 2339 vide
1673 2289 1811 2340 infra
1834 2289 1901 2341 ad
1922 2307 2039 2361 cap.
2067 2290 2118 2343 8.

1477 2384 1557 2419 10.
1594 2366 1856 2436 Arreptus.
1899 2367 2098 2439 Supra,
2127 2370 2258 2422 Caes.
2283 2388 2404 2442 cap.

1404 2443 1469 2497 23
1486 2482 1503 2512 ,
1537 2466 1564 2490 a·
1585 2456 1638 2495 et
1656 2446 1832 2495 statim
1851 2446 2094 2513 Quaestor
2115 2449 2281 2518 ejus...
2306 2448 2406 2501 ali-

1404 2537 1537 2594 quot
1551 2523 1856 2576 criminibus
1870 2535 2102 2597 arreptus
2115 2521 2202 2579 est.
2213 2550 2234 2572 ιι
2254 2529 2333 2579 De
2349 2547 2406 2580 re

1400 2603 1568 2655 Tacit.
1588 2600 1778 2654 Annal.
1799 2603 1878 2668 V,
1895 2605 1952 2656 8:
1983 2625 2006 2649 σι
2023 2604 2264 2657 Relatum
2281 2607 2410 2659 inde

1402 2681 1469 2734 de
1479 2682 1532 2730 P.
1546 2680 1757 2732 Vitellio
1770 2693 1820 2731 et
1833 2681 2129 2752 Pomponio
2140 2684 2406 2736 Secundo.

1400 2759 1554 2811 Illum
1583 2757 1784 2810 indices
1815 2759 2141 2830 arguebant,
2178 2761 2410 2816 claustra

1404 2838 1600 2903 aerarii,
1624 2838 1710 2888 cui
1735 2839 2010 2908 praefectus
2035 2855 2144 2892 erat
2159 2877 2176 2907 ,
2205 2854 2256 2892 et
2282 2842 2414 2894 mili-

1402 2931 1570 2970 tarem
1592 2919 1874 2988 pecuniam
1901 2917 2058 2972 rebus
2084 2923 2234 2974 novis
2255 2923 2416 2975 obtu-

1404 2997 1588 3049 lisse...
1621 2997 1808 3069 Neque
1829 2997 1971 3049 aliud
1988 3000 2412 3070 periclitantibus

1408 3075 1618 3144 auxilii,
1645 3095 1806 3148 quam
1831 3080 1886 3130 in
1911 3081 2132 3132 fratrum
2158 3098 2412 3136 constan-

1406 3160 1477 3212 tia
1502 3158 1629 3226 fuit,
1672 3161 1764 3232 qui
1791 3161 1944 3215 vades
1971 3165 2218 3217 exstitere.
2258 3167 2411 3233 Mox,

1406 3238 1608 3290 crebris
1626 3239 2012 3309 prolationibus
2025 3279 2042 3306 ‚
2063 3261 2208 3313 spem
2227 3262 2290 3296 ac
2305 3263 2412 3296 me-

1407 3328 1519 3367 tum
1534 3317 1680 3386 juxta
1701 3329 1947 3388 gravatus
1962 3320 2223 3388 Vitellius,
2241 3326 2412 3394 petito

1408 3412 1503 3465 per
1553 3397 1782 3465 speciem
1833 3395 2126 3450 studiorum
2169 3401 2376 3475 scalpro
2393 3439 2412 3467 ,

1408 3473 1576 3524 levem
1608 3475 1771 3525 ictum
1809 3477 1956 3528 venis
1985 3477 2187 3544 intulit,
2223 3481 2414 3531 vit'am-

1412 3569 1517 3622 que
1537 3551 1841 3620 aegritudine
1871 3554 2029 3604 animi
2053 3555 2269 3609 finivit.»
2303 3559 2412 3610 Do·-

1412 3642 1495 3680 cct
1522 3629 1610 3680 bic
1633 3628 1813 3695 locus,
1855 3631 2124 3702 quomodo
2155 3636 2208 3685 in
2237 3637 2415 3688 fratria

1412 3707 1708 3760 custodiam
1731 3712 1931 3762 venerit
1951 3713 2007 3760 P.
2031 3712 2286 3768 Vitellius.

1491 3803 1509 3837 ι
1527 3804 1570 3838 1.
1609 3786 1796 3838 Lucius
1822 3807 1885 3840 ex
1915 3789 2220 3854 consulant,-
2257 3813 2413 3866 quem

1414 3867 1706 3936 gessitann.
1723 3869 1851 3937 787,
1869 3888 1988 3920 cum
2005 3871 2170 3924 Fabio
2185 3874 2411 3926 Persico.

1412 3946 1582 3997 Tacit.
1610 3945 1800 3998 Annal.
1831 3951 1932 4016 Vl,
1959 3951 2049 4011 28;
2079 3953 2210 4018 Dio,
2233 3954 2414 4018 Lvln,

1416 4026 1499 4092 24.
1544 4029 1851 4080 Praefectum
1890 4031 2044 4102 Syriae
2079 4031 2208 4085 dicit
2242 4032 2412 4086 Tacit.

1412 4105 1602 4157 Annal.
1629 4109 1726 4176 VI,
1753 4107 1818 4161 32
1837 4147 1855 4176 ,
1891 4107 1984 4162 ubi
2011 4111 2166 4182 plura
2199 4110 2266 4164 de
2299 4115 2419 4183 ejus

1410 4185 1642 4255 ingenio.
