3050 5004
1016 484 1660 556 DOMITIANUS.
2257 494 2390 574 415

277 634 441 679 cum
485 608 731 695 edidit,
778 609 925 681 hoec
967 610 1199 695 etiam,
1253 612 1455 681 simul
1500 612 1698 685 illum
1740 638 1948 711 seque
1997 618 2390 706 consolans,

275 723 675 791 inseruerit:
1326 742 1335 749 ·

604 876 716 937 οὐκ
744 870 961 954 ὁράᾳςῆ,
999 872 1105 942 οἶος
1132 878 1275 953 κάγὼ
1300 874 1537 944 καλός’π
1561 882 1717 956 μέγας
1741 900 1828 955 τις

282 1057 313 1087 ι
336 1024 596 1095 Eadem
626 1049 737 1093 me
765 1042 995 1094 tamen
1024 1044 1305 1095 manent
1326 1028 1728 1123 capillorum
1764 1030 1936 1115 fata,
1971 1048 2040 1100 et
2069 1032 2228 1101 forti
2255 1036 2395 1103 ani-

272 1160 391 1203 mo
420 1136 565 1205 fero
596 1160 861 1205 comam
892 1138 963 1205 in
998 1136 1452 1207 adolescentia
1488 1156 1975 1211 senescentem.
2013 1144 2228 1229 SciaS‚
2265 1168 2395 1215 nec

274 1250 534 1341 gratius
563 1250 933 1346 quicquam
960 1247 1205 1319 decore
1224 1302 1243 1335 ‚
1273 1274 1398 1320 nec
1430 1252 1778 1337 brevius.»

370 1365 546 1429 XIX.
600 1361 879 1430 Laboris
907 1364 1267 1457 impatiens
1287 1373 1333 1446 ¹,
1371 1362 1662 1457 pedibus
1693 1387 1817 1458 per
1843 1364 2102 1433 Urbem
2127 1389 2268 1435 non
2295 1382 2395 1435 te-

274 1494 462 1537 mere
496 1470 900 1539 ambulavit:
936 1474 1009 1539 in
1047 1471 1472 1565 expeditione
1513 1491 1584 1541 et
1621 1476 1890 1567 agmine
1923 1496 2103 1569 equo
2138 1478 2394 1561 rariUS‚

272 1582 515 1653 lectica
536 1580 805 1651 assidue
825 1600 1057 1653 vectus
1082 1600 1204 1651 est.
1228 1590 1594 1653 Armorum
1614 1584 1810 1653 nullo
1827 1638 1844 1669 ,
1871 1589 2268 1679 sagittarum
2283 1586 2394 1655 vel

254 1688 623 1789 ‘praecipuo
660 1693 884 1775 studio
919 1694 1297 1765 tenebatur.
1336 1700 1670 1766 Centenas
1706 1699 1876 1765 varii
1914 1700 2178 1789 generis
2216 1697 2392 1767 feras

274 1828 459 1899 saepe
495 1808 569 1874 in
605 1804 867 1875 Albano
906 1830 1176 1875 secessu
1194 1814 1217 1843 ²
1257 1804 1728 1876 conficientem
1765 1825 2155 1901 spectavere
2196 1807 2396 1902 pleriss

275 1942 449 2014 que3
474 1936 679 2017 atque
703 1922 907 1988 etiam
926 1942 1011 1989 ex
1034 1920 1363 1989 industria
1382 1923 1475 1989 ita
1498 1921 1930 2017 quarundam
1951 1925 2174 2015 capita
2191 1922 2395 2015 figen-

273 2046 451 2111 tem,
482 2048 563 2099 ut
595 2028 865 2099 duobus
899 2030 1141 2101 ictibus
1179 2034 1375 2127 quasi
1407 2056 1664 2101 cornua
1701 2033 2020 2103 efficeret.
2061 2040 2391 2117 Nonnun-

274 2166 485 2236 quam
528 2144 601 2209 in
639 2144 837 2234 pueri
872 2141 1112 2235 procul
1154 2146 1425 2225 stantiS,
1469 2143 1971 2239 praebentisque
2013 2168 2141 2238 pro
2181 2169 2392 2239 scopo

276 2252 667 2346 dispansam
695 2252 951 2321 dextrae
977 2278 1222 2323 manus
1250 2252 1582 2347 palmam,
1613 2260 1890 2347 sagittas
1916 2273 2104 2325 tanta
2123 2274 2269 2325 arte
2292 2257 2391 2325 di·

210 2428 223 2443 ,
274 2362 526 2449 rexit³‚
562 2381 641 2433 ut
675 2388 909 2436 omnes
944 2390 1071 2461 per
1108 2367 1464 2437 intervalla
1493 2367 1860 2460 digitorum
1891 2371 2202 2438 innocuae
2233 2392 2388 2437 eva-

274 2472 536 2543 derent.

366 2591 512 2656 XX.
572 2585 909 2656 Liberalia
954 2590 1175 2659 studia
1217 2593 1483 2683 imperii
1534 2593 1725 2659 initio
1769 2591 2098 2683 neglexit,
2147 2615 2386 2685 quam-

274 2724 483 2796 quam
513 2698 952 2771 bibliothecas
974 2713 989 2741 ¹
1030 2703 1345 2772 incendio
1378 2703 1728 2772 absumtas
1761 2705 2256 2796 impensissime
2289 2727 2387 2772 re·

272 2833 515 2903 parare
538 2827 869 2896 curasset,
897 2812 1399 2906 exemplaribus
1420 2813 1724 2907 undique
1743 2816 2000 2907 petitis,
2025 2815 2386 2909 missisque

274 2919 751 2988 Alexandriam
768 2975 786 3004 ‚
844 2925 963 3018 qui
1021 2922 1484 2992 describerent
1538 2921 2134 3020 emendarentque.
2195 2928 2384 2992 Nun-

345 3147 401 3216 4.
438 3149 549 3202 Οὔκ
582 3137 727 3220 *ip-[4⁶
746 3188 765 3217 ‚
806 3165 909 3206 etc.
946 3151 1025 3204 Ex
1066 3153 1277 3208 Homer.
1378 3151 1497 3206 cula
1533 3156 1647 3224 ejus
1673 3153 2078 3207 transvolarent.
2101 3175 2125 3201 ι
2151 3181 2226 3194 -
2245 3153 2388 3205 Pu-

274 3228 429 3282 Iliad.
458 3233 609 3297 xxl,
641 3233 757 3285 108.
1374 3252 1530 3299 rum,
1559 3247 1620 3285 ut
1648 3232 1876 3300 assolet,
1903 3250 2102 3286 servum
2130 3229 2384 3303 intellige.

344 3309 489 3360 xlx.
538 3325 583 3362 ι.
621 3311 835 3364 Laboris
868 3312 1162 3382 impatiens.
1198 3313 1280 3365 Cf.
1371 3312 1728 3366 —Innocum
1755 3311 1838 3364 Al.
1861 3313 2115 3375 innocue,
2151 3309 2298 3381 quod
2320 3327 2385 3363 ex

270 3387 479 3460 Xiphil.
502 3390 689 3442 LXVII
702 3429 721 3457 ‚
743 3389 797 3443 6.
1374 3391 1600 3462 antiquo
1625 3389 1893 3444 scribendi
1916 3389 2078 3443 modo
2107 3389 2248 3441 idem
2271 3402 2384 3456 est,

348 3487 397 3523 2.
418 3472 487 3522 In
508 3470 717 3524 Albano
735 3489 937 3525 secessu.
958 3469 1097 3522 vide
1120 3489 1284 3544 supra

272 3549 346 3604 ad
382 3568 499 3622 cap.
536 3553 588 3620 4.
626 3555 754 3605 Mox
781 3570 883 3623 pro
913 3549 1173 3624 efficeret,
1210 3552 1280 3605 al.

270 3627 566 3704 effingeret.
588 3631 759 3684 Nimis
784 3633 1061 3702 quaesitum
1083 3629 1191 3683 hoc
1213 3632 1283 3683 vi·

270 3708 455 3772 deum
494 3724 673 3766 tamen
688 3748 706 3777 ‚
744 3713 847 3764 nisi
886 3725 1061 3764 ortum
1102 3725 1181 3764 est
1218 3731 1283 3764 ex

270 3801 531 3860 corrupto
552 3787 819 3866 effiqeret,
846 3805 907 3844 ut
928 3789 1279 3864 Oudendorp.

270 3879 455 3938 putat,
478 3869 565 3918 vix
586 3887 687 3940 pro
708 3869 885 3940 glossa
908 3868 1237 3922 habendum.

343 3949 395 4001 3.
414 3949 700 4022 Saqittas...
727 3950 941 4016 direxit,
961 3964 1063 4004 etc.
1079 3952 1281 4018 Victor,

268 4029 413 4101 Epit.
446 4047 529 4098 ιι,
563 4054 586 4078 ι
607 4031 923 4102 Sagittarum
954 4045 1062 4084 tam
1088 4019 1292 4085 doctus'

270 4111 404 4177 fuit,
440 4123 501 4162 ut
526 4111 667 4164 inter
696 4123 939 4182 patentes
962 4111 1161 4180 digitos
1187 4129 1281 4166 ex-

272 4199 428 4242 tentae
452 4207 639 4242 manus
667 4191 762 4243 viri
783 4189 975 4263 procul
996 4191 1159 4263 positi
1175 4192 1283 4264 spi-

1374 3467 1522 3539 quod
1546 3469 1799 3522 innocue.

1439 3547 1556 3600 XX.
1586 3565 1630 3600 1.
1667 3549 2000 3622 Quamquam
2021 3546 2382 3615 bibliothecas,

1370 3641 1469 3682 etc.
1490 3628 1849 3693 ldemvictm
1865 3629 1900 3682 l.
1917 3649 1964 3680 c.
1991 3653 2012 3676 ι
2027 3628 2384 3682 Bibliothecae

1369 3707 1622 3760 incendio
1650 3722 1982 3775 consumas,
2012 3710 2188 3780 petitis
2222 3707 2384 3760 undi-

1372 3807 1509 3861 que,
1547 3791 1835 3861 presertim
1857 3787 2177 3840 Alexandria
2209 3805 2382 3840 exem·

1368 3867 1501 3939 plis,
1536 3869 1814 3940 reparavit.
1838 3891 1862 3917 n
1890 3869 2070 3934 Quum
2099 3866 2382 3918 maximam

1369 3949 1637 4002 Ptolemaei
1651 3947 1986 4021 Philadelphi
1995 3947 2380 4000 bibliothecam

1370 4028 1514 4082 bello
1542 4031 1760 4083 Caesaris
1783 4028 2141 4084 Alexandrino
2163 4027 2380 4080 combu-

1373 4122 1507 4161 stam
1528 4122 1767 4175 constet,
1791 4127 1914 4162 vera
1937 4111 2050 4162 sine
2069 4106 2232 4160 dubio
2251 4108 2380 4158 Bur-

1371 4192 1555 4244 manni
1585 4191 1753 4258 ratio,
1787 4191 1880 4264 qui
1911 4190 2289 4260 Pergamenum
2317 4185 2372 4240 h.
