<?xml version="1.0" encoding="UTF-8"?>
<!DOCTYPE html PUBLIC "-//W3C//DTD XHTML 1.0 Transitional//EN"
    "http://www.w3.org/TR/xhtml1/DTD/xhtml1-transitional.dtd">
<html xmlns="http://www.w3.org/1999/xhtml" xml:lang="en" lang="en">
 <head>
  <title>
</title>
<meta http-equiv="Content-Type" content="text/html;charset=utf-8" />
  <meta name='ocr-system' content='tesseract 3.04.00' />
  <meta name='ocr-capabilities' content='ocr_page ocr_carea ocr_par ocr_line ocrx_word'/>
</head>
<body>
  <div class='ocr_page' id='page_1' title='image "./csuetoniitranqu09suetgoog_0212.png"; bbox 0 0 3050 5004; ppageno 0'>
   <div class='ocr_carea' id='block_1_1' title="bbox 1180 420 2406 539">
    <p class='ocr_par' dir='ltr' id='par_1_1' title="bbox 1180 420 2406 539">
     <span class='ocr_line' id='line_1_1' title="bbox 1180 420 2406 539; baseline 0.002 -29"><span class='ocrx_word' id='word_1_1' title='bbox 1180 444 1455 511; x_wconf 83' lang='lat' dir='ltr'>NERO.</span> <span class='ocrx_word' id='word_1_2' title='bbox 2245 473 2264 512; x_wconf 85' lang='lat'>1</span> <span class='ocrx_word' id='word_1_3' title='bbox 2285 474 2361 539; x_wconf 84' lang='lat'>9¹</span> <span class='ocrx_word' id='word_1_4' title='bbox 2397 420 2406 427; x_wconf 35' lang='lat'>⁸</span> 
     </span>
    </p>
   </div>
   <div class='ocr_carea' id='block_1_2' title="bbox 273 570 2388 2222">
    <p class='ocr_par' dir='ltr' id='par_1_2' title="bbox 273 570 2380 1313">
     <span class='ocr_line' id='line_1_2' title="bbox 278 570 2374 671; baseline 0 -28"><span class='ocrx_word' id='word_1_5' title='bbox 278 579 396 671; x_wconf 86' lang='lat' dir='ltr'>ipsi</span> <span class='ocrx_word' id='word_1_6' title='bbox 426 578 683 670; x_wconf 81' lang='lat' dir='ltr'>Sporus</span> <span class='ocrx_word' id='word_1_7' title='bbox 708 626 727 657; x_wconf 89' lang='lat'>,</span> <span class='ocrx_word' id='word_1_8' title='bbox 760 577 851 643; x_wconf 82' lang='lat' dir='ltr'>ita</span> <span class='ocrx_word' id='word_1_9' title='bbox 884 574 1033 666; x_wconf 89' lang='lat' dir='ltr'>ipse</span> <span class='ocrx_word' id='word_1_10' title='bbox 1063 571 1415 664; x_wconf 86' lang='lat' dir='ltr'><strong>denupsit,</strong></span> <span class='ocrx_word' id='word_1_11' title='bbox 1448 594 1652 641; x_wconf 81' lang='lat' dir='ltr'>voces</span> <span class='ocrx_word' id='word_1_12' title='bbox 1689 594 1962 667; x_wconf 91' lang='lat' dir='ltr'>quoque</span> <span class='ocrx_word' id='word_1_13' title='bbox 1992 590 2060 640; x_wconf 90' lang='lat' dir='ltr'>et</span> <span class='ocrx_word' id='word_1_14' title='bbox 2085 570 2374 665; x_wconf 83' lang='lat' dir='ltr'>ejulatus</span> 
     </span>
     <span class='ocr_line' id='line_1_3' title="bbox 274 682 2374 779; baseline -0.002 -22"><span class='ocrx_word' id='word_1_15' title='bbox 274 690 407 757; x_wconf 85' lang='lat' dir='ltr'>vim</span> <span class='ocrx_word' id='word_1_16' title='bbox 424 687 831 779; x_wconf 83' lang='lat' dir='ltr'>patientium</span> <span class='ocrx_word' id='word_1_17' title='bbox 853 686 1194 775; x_wconf 69' lang='lat' dir='ltr'>virginum</span> <span class='ocrx_word' id='word_1_18' title='bbox 1215 686 1535 755; x_wconf 82' lang='lat' dir='ltr'>imitatus.</span> <span class='ocrx_word' id='word_1_19' title='bbox 1557 686 1658 751; x_wconf 86' lang='lat' dir='ltr'>Ex</span> <span class='ocrx_word' id='word_1_20' title='bbox 1679 682 2026 753; x_wconf 85' lang='lat' dir='ltr'><strong>nonnullis</strong></span> <span class='ocrx_word' id='word_1_21' title='bbox 2051 690 2374 777; x_wconf 86' lang='lat' dir='ltr'>comperi,</span> 
     </span>
     <span class='ocr_line' id='line_1_4' title="bbox 273 792 2380 891; baseline -0.001 -26"><span class='ocrx_word' id='word_1_22' title='bbox 273 798 867 891; x_wconf 79' lang='lat' dir='ltr'>persuasissimum</span> <span class='ocrx_word' id='word_1_23' title='bbox 884 794 1203 863; x_wconf 77' lang='lat' dir='ltr'>habuisse</span> <span class='ocrx_word' id='word_1_24' title='bbox 1224 818 1405 877; x_wconf 85' lang='lat' dir='ltr'>eum,</span> <span class='ocrx_word' id='word_1_25' title='bbox 1426 795 1770 863; x_wconf 81' lang='lat' dir='ltr'>neminem</span> <span class='ocrx_word' id='word_1_26' title='bbox 1790 792 2168 863; x_wconf 80' lang='lat' dir='ltr'>hominem³</span> <span class='ocrx_word' id='word_1_27' title='bbox 2189 794 2380 888; x_wconf 88' lang='lat' dir='ltr'>pudi-</span> 
     </span>
     <span class='ocr_line' id='line_1_5' title="bbox 274 907 2378 1003; baseline -0.002 -22"><span class='ocrx_word' id='word_1_28' title='bbox 274 935 425 981; x_wconf 89' lang='lat' dir='ltr'>cum</span> <span class='ocrx_word' id='word_1_29' title='bbox 444 964 461 993; x_wconf 92' lang='lat'>‚</span> <span class='ocrx_word' id='word_1_30' title='bbox 488 926 609 979; x_wconf 87' lang='lat' dir='ltr'>aut</span> <span class='ocrx_word' id='word_1_31' title='bbox 630 907 771 977; x_wconf 87' lang='lat' dir='ltr'>ulla</span> <span class='ocrx_word' id='word_1_32' title='bbox 797 910 1097 1003; x_wconf 86' lang='lat' dir='ltr'>corporis</span> <span class='ocrx_word' id='word_1_33' title='bbox 1124 922 1315 999; x_wconf 88' lang='lat' dir='ltr'>parte</span> <span class='ocrx_word' id='word_1_34' title='bbox 1349 930 1602 999; x_wconf 87' lang='lat' dir='ltr'>purum</span> <span class='ocrx_word' id='word_1_35' title='bbox 1638 929 1818 991; x_wconf 80' lang='lat' dir='ltr'>esse3</span> <span class='ocrx_word' id='word_1_36' title='bbox 1856 929 2094 975; x_wconf 87' lang='lat' dir='ltr'>verum</span> <span class='ocrx_word' id='word_1_37' title='bbox 2121 907 2378 1000; x_wconf 89' lang='lat' dir='ltr'>pleros-</span> 
     </span>
     <span class='ocr_line' id='line_1_6' title="bbox 274 1014 2380 1117; baseline -0.002 -28"><span class='ocrx_word' id='word_1_38' title='bbox 274 1044 405 1117; x_wconf 87' lang='lat' dir='ltr'>que</span> <span class='ocrx_word' id='word_1_39' title='bbox 426 1018 859 1090; x_wconf 81' lang='lat' dir='ltr'>dissimulare</span> <span class='ocrx_word' id='word_1_40' title='bbox 884 1019 1119 1086; x_wconf 88' lang='lat' dir='ltr'>vitium</span> <span class='ocrx_word' id='word_1_41' title='bbox 1140 1070 1157 1100; x_wconf 90' lang='lat'><strong>,</strong></span> <span class='ocrx_word' id='word_1_42' title='bbox 1182 1033 1250 1085; x_wconf 92' lang='lat' dir='ltr'>et</span> <span class='ocrx_word' id='word_1_43' title='bbox 1274 1016 1515 1087; x_wconf 88' lang='lat' dir='ltr'>callide</span> <span class='ocrx_word' id='word_1_44' title='bbox 1540 1014 1892 1108; x_wconf 76' lang='lat' dir='ltr'><strong>obtegere:</strong></span> <span class='ocrx_word' id='word_1_45' title='bbox 1920 1016 2208 1113; x_wconf 89' lang='lat' dir='ltr'>ideoque</span> <span class='ocrx_word' id='word_1_46' title='bbox 2231 1042 2380 1111; x_wconf 89' lang='lat' dir='ltr'>pro·</span> 
     </span>
     <span class='ocr_line' id='line_1_7' title="bbox 274 1126 2380 1224; baseline -0 -26"><span class='ocrx_word' id='word_1_47' title='bbox 274 1131 465 1201; x_wconf 84' lang='lat' dir='ltr'>fessis</span> <span class='ocrx_word' id='word_1_48' title='bbox 506 1126 693 1224; x_wconf 83' lang='lat' dir='ltr'>apud</span> <span class='ocrx_word' id='word_1_49' title='bbox 730 1151 802 1197; x_wconf 86' lang='lat' dir='ltr'>se</span> <span class='ocrx_word' id='word_1_50' title='bbox 840 1127 1347 1196; x_wconf 84' lang='lat' dir='ltr'>obscoenitatem</span> <span class='ocrx_word' id='word_1_51' title='bbox 1387 1142 1612 1195; x_wconf 79' lang='lat' dir='ltr'>cetera</span> <span class='ocrx_word' id='word_1_52' title='bbox 1650 1150 1926 1222; x_wconf 86' lang='lat' dir='ltr'>quoque</span> <span class='ocrx_word' id='word_1_53' title='bbox 1967 1131 2380 1197; x_wconf 82' lang='lat' dir='ltr'>concessisse</span> 
     </span>
     <span class='ocr_line' id='line_1_8' title="bbox 276 1242 537 1313; baseline 0.008 -2"><span class='ocrx_word' id='word_1_54' title='bbox 276 1242 537 1313; x_wconf 84' lang='lat' dir='ltr'>delicta.</span> 
     </span>
    </p>

    <p class='ocr_par' dir='ltr' id='par_1_3' title="bbox 278 1348 2388 2222">
     <span class='ocr_line' id='line_1_9' title="bbox 362 1348 2382 1441; baseline -0.001 -20"><span class='ocrx_word' id='word_1_55' title='bbox 362 1356 570 1421; x_wconf 85' lang='lat' dir='ltr'>XXX.</span> <span class='ocrx_word' id='word_1_56' title='bbox 622 1352 1023 1423; x_wconf 80' lang='lat' dir='ltr'>Divitiarum</span> <span class='ocrx_word' id='word_1_57' title='bbox 1048 1364 1117 1417; x_wconf 90' lang='lat' dir='ltr'>et</span> <span class='ocrx_word' id='word_1_58' title='bbox 1144 1349 1449 1441; x_wconf 86' lang='lat' dir='ltr'>pecuniae</span> <span class='ocrx_word' id='word_1_59' title='bbox 1474 1348 1772 1417; x_wconf 81' lang='lat' dir='ltr'>fructum</span> <span class='ocrx_word' id='word_1_60' title='bbox 1797 1372 1937 1417; x_wconf 86' lang='lat' dir='ltr'>non</span> <span class='ocrx_word' id='word_1_61' title='bbox 1959 1348 2169 1417; x_wconf 85' lang='lat' dir='ltr'>alium</span> <span class='ocrx_word' id='word_1_62' title='bbox 2195 1366 2382 1441; x_wconf 84' lang='lat' dir='ltr'>puta-</span> 
     </span>
     <span class='ocr_line' id='line_1_10' title="bbox 278 1456 2380 1555; baseline -0 -25"><span class='ocrx_word' id='word_1_63' title='bbox 278 1461 391 1539; x_wconf 77' lang='lat' dir='ltr'>bat</span> <span class='ocrx_word' id='word_1_64' title='bbox 411 1514 429 1545; x_wconf 89' lang='lat'><strong>,</strong></span> <span class='ocrx_word' id='word_1_65' title='bbox 476 1485 685 1555; x_wconf 87' lang='lat' dir='ltr'>quam</span> <span class='ocrx_word' id='word_1_66' title='bbox 724 1460 1191 1553; x_wconf 82' lang='lat' dir='ltr'>profusionem</span> <span class='ocrx_word' id='word_1_67' title='bbox 1225 1485 1241 1527; x_wconf 74' lang='lat' dir='ltr'>t</span> <span class='ocrx_word' id='word_1_68' title='bbox 1286 1458 1598 1533; x_wconf 75' lang='lat' dir='ltr'>sordidos</span> <span class='ocrx_word' id='word_1_69' title='bbox 1623 1468 1638 1495; x_wconf 87' lang='lat'><strong>¹</strong></span> <span class='ocrx_word' id='word_1_70' title='bbox 1696 1481 1778 1531; x_wconf 81' lang='lat' dir='ltr'>ac</span> <span class='ocrx_word' id='word_1_71' title='bbox 1818 1456 2142 1551; x_wconf 81' lang='lat' dir='ltr'>deparcos</span> <span class='ocrx_word' id='word_1_72' title='bbox 2195 1484 2343 1531; x_wconf 87' lang='lat' dir='ltr'>esse</span> <span class='ocrx_word' id='word_1_73' title='bbox 2363 1516 2380 1545; x_wconf 92' lang='lat'>‚</span> 
     </span>
     <span class='ocr_line' id='line_1_11' title="bbox 278 1569 2383 1668; baseline -0 -28"><span class='ocrx_word' id='word_1_74' title='bbox 278 1574 519 1668; x_wconf 88' lang='lat' dir='ltr'>quibus</span> <span class='ocrx_word' id='word_1_75' title='bbox 568 1575 1031 1664; x_wconf 83' lang='lat' dir='ltr'>impensarum</span> <span class='ocrx_word' id='word_1_76' title='bbox 1062 1571 1230 1637; x_wconf 88' lang='lat' dir='ltr'>ratio</span> <span class='ocrx_word' id='word_1_77' title='bbox 1268 1585 1646 1651; x_wconf 79' lang='lat' dir='ltr'>constaret3</span> <span class='ocrx_word' id='word_1_78' title='bbox 1684 1569 2046 1661; x_wconf 85' lang='lat' dir='ltr'>praelautos</span> <span class='ocrx_word' id='word_1_79' title='bbox 2087 1593 2383 1667; x_wconf 87' lang='lat' dir='ltr'>vereque</span> 
     </span>
     <span class='ocr_line' id='line_1_12' title="bbox 278 1670 2382 1776; baseline -0.001 -25"><span class='ocrx_word' id='word_1_80' title='bbox 278 1681 669 1775; x_wconf 77' lang='lat' dir='ltr'>magnificos</span> <span class='ocrx_word' id='word_1_81' title='bbox 688 1734 706 1765; x_wconf 90' lang='lat'>,</span> <span class='ocrx_word' id='word_1_82' title='bbox 742 1682 861 1776; x_wconf 89' lang='lat' dir='ltr'>qui</span> <span class='ocrx_word' id='word_1_83' title='bbox 892 1670 1335 1748; x_wconf 83' lang='lat' dir='ltr'>abuterentur</span> <span class='ocrx_word' id='word_1_84' title='bbox 1362 1702 1439 1747; x_wconf 86' lang='lat' dir='ltr'>ac</span> <span class='ocrx_word' id='word_1_85' title='bbox 1465 1676 1854 1772; x_wconf 83' lang='lat' dir='ltr'>perderent.</span> <span class='ocrx_word' id='word_1_86' title='bbox 1886 1679 2236 1749; x_wconf 78' lang='lat' dir='ltr'>Laudabat</span> <span class='ocrx_word' id='word_1_87' title='bbox 2257 1686 2382 1749; x_wconf 89' lang='lat' dir='ltr'>mi-</span> 
     </span>
     <span class='ocr_line' id='line_1_13' title="bbox 282 1790 2383 1895; baseline -0 -32"><span class='ocrx_word' id='word_1_88' title='bbox 282 1796 686 1895; x_wconf 81' lang='lat' dir='ltr'>rabaturque</span> <span class='ocrx_word' id='word_1_89' title='bbox 731 1791 1149 1861; x_wconf 88' lang='lat' dir='ltr'>avunculum</span> <span class='ocrx_word' id='word_1_90' title='bbox 1203 1794 1441 1859; x_wconf 89' lang='lat' dir='ltr'>Caium</span> <span class='ocrx_word' id='word_1_91' title='bbox 1462 1800 1486 1828; x_wconf 84' lang='lat'>²</span> <span class='ocrx_word' id='word_1_92' title='bbox 1553 1790 1745 1860; x_wconf 89' lang='lat' dir='ltr'>nullo</span> <span class='ocrx_word' id='word_1_93' title='bbox 1805 1795 2019 1885; x_wconf 80' lang='lat' dir='ltr'>magis</span> <span class='ocrx_word' id='word_1_94' title='bbox 2075 1797 2383 1876; x_wconf 90' lang='lat' dir='ltr'>nomine,</span> 
     </span>
     <span class='ocr_line' id='line_1_14' title="bbox 282 1905 2383 2005; baseline 0 -28"><span class='ocrx_word' id='word_1_95' title='bbox 282 1935 481 2005; x_wconf 82' lang='lat' dir='ltr'>quam</span> <span class='ocrx_word' id='word_1_96' title='bbox 518 1906 703 2003; x_wconf 89' lang='lat' dir='ltr'>quod</span> <span class='ocrx_word' id='word_1_97' title='bbox 730 1909 1036 1999; x_wconf 80' lang='lat' dir='ltr'>ingentes</span> <span class='ocrx_word' id='word_1_98' title='bbox 1061 1931 1099 1973; x_wconf 85' lang='lat' dir='ltr'>a</span> <span class='ocrx_word' id='word_1_99' title='bbox 1124 1906 1397 1974; x_wconf 86' lang='lat' dir='ltr'>Tiberio</span> <span class='ocrx_word' id='word_1_100' title='bbox 1430 1905 1694 1979; x_wconf 87' lang='lat' dir='ltr'>relictas</span> <span class='ocrx_word' id='word_1_101' title='bbox 1721 1931 1884 1999; x_wconf 89' lang='lat' dir='ltr'>opes</span> <span class='ocrx_word' id='word_1_102' title='bbox 1917 1911 1988 1977; x_wconf 92' lang='lat' dir='ltr'>in</span> <span class='ocrx_word' id='word_1_103' title='bbox 2015 1906 2203 1977; x_wconf 89' lang='lat' dir='ltr'>brevi</span> <span class='ocrx_word' id='word_1_104' title='bbox 2235 1933 2383 2002; x_wconf 80' lang='lat' dir='ltr'>spa·</span> 
     </span>
     <span class='ocr_line' id='line_1_15' title="bbox 284 2015 2388 2113; baseline 0.001 -26"><span class='ocrx_word' id='word_1_105' title='bbox 284 2023 371 2089; x_wconf 91' lang='lat' dir='ltr'>tio</span> <span class='ocrx_word' id='word_1_106' title='bbox 406 2017 849 2113; x_wconf 83' lang='lat' dir='ltr'>prodegisset.</span> <span class='ocrx_word' id='word_1_107' title='bbox 884 2023 1110 2104; x_wconf 83' lang='lat' dir='ltr'>Quare</span> <span class='ocrx_word' id='word_1_108' title='bbox 1138 2041 1265 2085; x_wconf 91' lang='lat' dir='ltr'>nec</span> <span class='ocrx_word' id='word_1_109' title='bbox 1295 2015 1625 2109; x_wconf 81' lang='lat' dir='ltr'>largiendi</span> <span class='ocrx_word' id='word_1_110' title='bbox 1654 2040 1783 2085; x_wconf 89' lang='lat' dir='ltr'>nec</span> <span class='ocrx_word' id='word_1_111' title='bbox 1815 2017 2216 2087; x_wconf 86' lang='lat' dir='ltr'>absumendi</span> <span class='ocrx_word' id='word_1_112' title='bbox 2247 2046 2388 2090; x_wconf 89' lang='lat' dir='ltr'>mo-</span> 
     </span>
     <span class='ocr_line' id='line_1_16' title="bbox 284 2125 2384 2222; baseline 0.001 -25"><span class='ocrx_word' id='word_1_113' title='bbox 284 2128 443 2199; x_wconf 88' lang='lat' dir='ltr'>dum</span> <span class='ocrx_word' id='word_1_114' title='bbox 477 2133 717 2199; x_wconf 89' lang='lat' dir='ltr'>tenuit.</span> <span class='ocrx_word' id='word_1_115' title='bbox 750 2135 831 2197; x_wconf 92' lang='lat' dir='ltr'>ln</span> <span class='ocrx_word' id='word_1_116' title='bbox 863 2125 1209 2198; x_wconf 83' lang='lat' dir='ltr'>Tiridaten</span> <span class='ocrx_word' id='word_1_117' title='bbox 1228 2128 1256 2175; x_wconf 86' lang='lat'>3</span> <span class='ocrx_word' id='word_1_118' title='bbox 1276 2182 1293 2212; x_wconf 88' lang='lat'>‚</span> <span class='ocrx_word' id='word_1_119' title='bbox 1332 2126 1516 2222; x_wconf 93' lang='lat' dir='ltr'>quod</span> <span class='ocrx_word' id='word_1_120' title='bbox 1544 2125 1657 2197; x_wconf 63' lang='lat' dir='ltr'>&#39;vix</span> <span class='ocrx_word' id='word_1_121' title='bbox 1685 2128 2009 2198; x_wconf 88' lang='lat' dir='ltr'>credibile</span> <span class='ocrx_word' id='word_1_122' title='bbox 2040 2128 2384 2217; x_wconf 87' lang='lat' dir='ltr'>videatur,</span> 
     </span>
    </p>
   </div>
   <div class='ocr_carea' id='block_1_3' title="bbox 284 2317 2403 2726">
    <p class='ocr_par' dir='ltr' id='par_1_4' title="bbox 284 2317 2403 2487">
     <span class='ocr_line' id='line_1_17' title="bbox 284 2317 2403 2408; baseline 0.001 -23"><span class='ocrx_word' id='word_1_123' title='bbox 284 2334 436 2408; x_wconf 72' lang='lat' dir='ltr'>longa</span> <span class='ocrx_word' id='word_1_124' title='bbox 480 2347 694 2389; x_wconf 76' lang='lat' dir='ltr'>senecta</span> <span class='ocrx_word' id='word_1_125' title='bbox 738 2332 1015 2385; x_wconf 80' lang='lat' dir='ltr'>detineret.</span> <span class='ocrx_word' id='word_1_126' title='bbox 1037 2354 1061 2379; x_wconf 72' lang='lat' dir='ltr'>a·</span> <span class='ocrx_word' id='word_1_127' title='bbox 1105 2317 1292 2384; x_wconf 60' lang='lat' dir='ltr'>Denuss</span> <span class='ocrx_word' id='word_1_128' title='bbox 1382 2330 1451 2383; x_wconf 83' lang='lat' dir='ltr'>ad</span> <span class='ocrx_word' id='word_1_129' title='bbox 1478 2333 1648 2385; x_wconf 86' lang='lat' dir='ltr'>Tacit.</span> <span class='ocrx_word' id='word_1_130' title='bbox 1677 2345 1730 2384; x_wconf 91' lang='lat' dir='ltr'>et</span> <span class='ocrx_word' id='word_1_131' title='bbox 1750 2332 1974 2385; x_wconf 78' lang='lat' dir='ltr'>Reimer.</span> <span class='ocrx_word' id='word_1_132' title='bbox 2002 2333 2070 2384; x_wconf 86' lang='lat' dir='ltr'>ad</span> <span class='ocrx_word' id='word_1_133' title='bbox 2091 2334 2288 2405; x_wconf 88' lang='lat' dir='ltr'>Xiphil.</span> <span class='ocrx_word' id='word_1_134' title='bbox 2309 2336 2403 2388; x_wconf 71' lang='lat' dir='ltr'>lo-.</span> 
     </span>
     <span class='ocr_line' id='line_1_18' title="bbox 287 2412 2175 2487; baseline -0.002 -19"><span class='ocrx_word' id='word_1_135' title='bbox 287 2417 637 2487; x_wconf 71' lang='lat' dir='ltr'>psisceautem</span> <span class='ocrx_word' id='word_1_136' title='bbox 652 2412 810 2465; x_wconf 87' lang='lat' dir='ltr'>iidem</span> <span class='ocrx_word' id='word_1_137' title='bbox 824 2412 1010 2465; x_wconf 86' lang='lat' dir='ltr'>dicunt</span> <span class='ocrx_word' id='word_1_138' title='bbox 1021 2415 1292 2465; x_wconf 81' lang='lat' dir='ltr'>Neronem</span> <span class='ocrx_word' id='word_1_139' title='bbox 1381 2428 1475 2463; x_wconf 76' lang='lat' dir='ltr'>cos</span> <span class='ocrx_word' id='word_1_140' title='bbox 1504 2412 1648 2480; x_wconf 62' lang='lat' dir='ltr'>cit),</span> <span class='ocrx_word' id='word_1_141' title='bbox 1677 2429 1776 2481; x_wconf 75' lang='lat' dir='ltr'>ego</span> <span class='ocrx_word' id='word_1_142' title='bbox 1804 2430 1913 2463; x_wconf 86' lang='lat' dir='ltr'>non</span> <span class='ocrx_word' id='word_1_143' title='bbox 1937 2412 2175 2472; x_wconf 82' lang='lat' dir='ltr'>definio..</span> 
     </span>
    </p>

    <p class='ocr_par' dir='ltr' id='par_1_5' title="bbox 286 2491 1295 2726">
     <span class='ocr_line' id='line_1_19' title="bbox 287 2491 1294 2565; baseline -0.006 -17"><span class='ocrx_word' id='word_1_144' title='bbox 287 2514 389 2548; x_wconf 83' lang='lat' dir='ltr'>uon</span> <span class='ocrx_word' id='word_1_145' title='bbox 426 2492 769 2565; x_wconf 72' lang='lat' dir='ltr'>Dosyphom,</span> <span class='ocrx_word' id='word_1_146' title='bbox 809 2491 906 2544; x_wconf 78' lang='lat' dir='ltr'>sed</span> <span class='ocrx_word' id='word_1_147' title='bbox 942 2491 1294 2564; x_wconf 75' lang='lat' dir='ltr'>Pythaqoroe5</span> 
     </span>
     <span class='ocr_line' id='line_1_20' title="bbox 286 2569 1294 2641; baseline -0.003 -14"><span class='ocrx_word' id='word_1_148' title='bbox 286 2576 449 2627; x_wconf 76' lang='lat' dir='ltr'>Tacit.</span> <span class='ocrx_word' id='word_1_149' title='bbox 480 2571 672 2626; x_wconf 79' lang='lat' dir='ltr'>Annal.</span> <span class='ocrx_word' id='word_1_150' title='bbox 694 2573 809 2638; x_wconf 80' lang='lat' dir='ltr'>XV,</span> <span class='ocrx_word' id='word_1_151' title='bbox 833 2573 899 2640; x_wconf 81' lang='lat'>37</span> <span class='ocrx_word' id='word_1_152' title='bbox 928 2569 949 2640; x_wconf 91' lang='lat'>(</span> <span class='ocrx_word' id='word_1_153' title='bbox 970 2593 991 2618; x_wconf 75' lang='grc' dir='ltr'><strong><em>κ</em></strong></span> <span class='ocrx_word' id='word_1_154' title='bbox 1008 2573 1127 2641; x_wconf 79' lang='lat' dir='ltr'>lpse</span> <span class='ocrx_word' id='word_1_155' title='bbox 1144 2607 1160 2636; x_wconf 81' lang='lat'>,</span> <span class='ocrx_word' id='word_1_156' title='bbox 1194 2588 1294 2640; x_wconf 81' lang='lat' dir='ltr'>per</span> 
     </span>
     <span class='ocr_line' id='line_1_21' title="bbox 286 2649 1295 2726; baseline -0.005 -19"><span class='ocrx_word' id='word_1_157' title='bbox 286 2653 422 2708; x_wconf 83' lang='lat' dir='ltr'>licita</span> <span class='ocrx_word' id='word_1_158' title='bbox 455 2669 617 2726; x_wconf 74' lang='lat' dir='ltr'>utque</span> <span class='ocrx_word' id='word_1_159' title='bbox 645 2652 829 2704; x_wconf 70' lang='lat' dir='ltr'>illicita</span> <span class='ocrx_word' id='word_1_160' title='bbox 864 2650 1123 2718; x_wconf 79' lang='lat' dir='ltr'>foedatus,</span> <span class='ocrx_word' id='word_1_161' title='bbox 1158 2649 1295 2702; x_wconf 84' lang='lat' dir='ltr'>nihil</span> 
     </span>
    </p>
   </div>
   <div class='ocr_carea' id='block_1_4' title="bbox 1383 2489 2392 2644">
    <p class='ocr_par' dir='ltr' id='par_1_6' title="bbox 1383 2489 2392 2644">
     <span class='ocr_line' id='line_1_22' title="bbox 1454 2489 2387 2555; baseline 0.004 -13"><span class='ocrx_word' id='word_1_162' title='bbox 1454 2489 1504 2555; x_wconf 73' lang='grc'>3.</span> <span class='ocrx_word' id='word_1_163' title='bbox 1545 2489 1826 2542; x_wconf 72' lang='lat' dir='ltr'>Neminem</span> <span class='ocrx_word' id='word_1_164' title='bbox 1861 2490 2146 2542; x_wconf 75' lang='lat' dir='ltr'>hominem.</span> <span class='ocrx_word' id='word_1_165' title='bbox 2173 2494 2387 2546; x_wconf 84' lang='lat' dir='ltr'>Memm.</span> 
     </span>
     <span class='ocr_line' id='line_1_23' title="bbox 1383 2571 2392 2644; baseline 0.004 -21"><span class='ocrx_word' id='word_1_166' title='bbox 1383 2572 1675 2624; x_wconf 76' lang='lat' dir='ltr'>hominum.</span> <span class='ocrx_word' id='word_1_167' title='bbox 1709 2573 1836 2623; x_wconf 82' lang='lat' dir='ltr'>Mox</span> <span class='ocrx_word' id='word_1_168' title='bbox 1872 2571 2066 2624; x_wconf 79' lang='lat' dir='ltr'>callide</span> <span class='ocrx_word' id='word_1_169' title='bbox 2095 2577 2322 2644; x_wconf 87' lang='lat' dir='ltr'>primum</span> <span class='ocrx_word' id='word_1_170' title='bbox 2362 2596 2392 2628; x_wconf 87' lang='lat' dir='ltr'>e</span> 
     </span>
    </p>
   </div>
   <div class='ocr_carea' id='block_1_5' title="bbox 1381 2649 2392 2724">
    <p class='ocr_par' dir='ltr' id='par_1_7' title="bbox 1381 2649 2392 2724">
     <span class='ocr_line' id='line_1_24' title="bbox 1381 2649 2392 2724; baseline 0.004 -22"><span class='ocrx_word' id='word_1_171' title='bbox 1381 2649 1528 2703; x_wconf 79' lang='lat' dir='ltr'>MSS.</span> <span class='ocrx_word' id='word_1_172' title='bbox 1555 2649 1699 2702; x_wconf 85' lang='lat' dir='ltr'>dedit</span> <span class='ocrx_word' id='word_1_173' title='bbox 1723 2650 1926 2702; x_wconf 84' lang='lat' dir='ltr'>Ernest.</span> <span class='ocrx_word' id='word_1_174' title='bbox 1945 2669 2043 2722; x_wconf 84' lang='lat' dir='ltr'>pro</span> <span class='ocrx_word' id='word_1_175' title='bbox 2069 2651 2212 2724; x_wconf 73' lang='lat' dir='ltr'>vulg.</span> <span class='ocrx_word' id='word_1_176' title='bbox 2236 2654 2392 2706; x_wconf 77' lang='lat' dir='ltr'>calli-</span> 
     </span>
    </p>
   </div>
   <div class='ocr_carea' id='block_1_6' title="bbox 288 2731 1307 4226">
    <p class='ocr_par' dir='ltr' id='par_1_8' title="bbox 288 2731 1307 4226">
     <span class='ocr_line' id='line_1_25' title="bbox 290 2731 1295 2804; baseline -0.005 -19"><span class='ocrx_word' id='word_1_177' title='bbox 290 2731 465 2804; x_wconf 69' lang='lat' dir='ltr'>flagitii</span> <span class='ocrx_word' id='word_1_178' title='bbox 496 2731 815 2804; x_wconf 74' lang='lat' dir='ltr'>reliquerat,</span> <span class='ocrx_word' id='word_1_179' title='bbox 854 2747 962 2801; x_wconf 86' lang='lat' dir='ltr'>quo</span> <span class='ocrx_word' id='word_1_180' title='bbox 992 2731 1295 2800; x_wconf 84' lang='lat' dir='ltr'>corruptior</span> 
     </span>
     <span class='ocr_line' id='line_1_26' title="bbox 292 2807 1297 2882; baseline -0.007 -17"><span class='ocrx_word' id='word_1_181' title='bbox 292 2825 497 2882; x_wconf 71' lang='lat' dir='ltr'>ageret,</span> <span class='ocrx_word' id='word_1_182' title='bbox 533 2813 635 2864; x_wconf 77' lang='lat' dir='ltr'>nisi</span> <span class='ocrx_word' id='word_1_183' title='bbox 666 2827 870 2880; x_wconf 81' lang='lat' dir='ltr'>paucos</span> <span class='ocrx_word' id='word_1_184' title='bbox 898 2822 1025 2879; x_wconf 86' lang='lat' dir='ltr'>post</span> <span class='ocrx_word' id='word_1_185' title='bbox 1052 2807 1167 2860; x_wconf 78' lang='lat' dir='ltr'>dies</span> <span class='ocrx_word' id='word_1_186' title='bbox 1201 2808 1297 2858; x_wconf 86' lang='lat' dir='ltr'>uni</span> 
     </span>
     <span class='ocr_line' id='line_1_27' title="bbox 292 2889 1297 2957; baseline -0.005 -15"><span class='ocrx_word' id='word_1_187' title='bbox 292 2907 353 2942; x_wconf 81' lang='lat' dir='ltr'>ex</span> <span class='ocrx_word' id='word_1_188' title='bbox 372 2890 463 2942; x_wconf 78' lang='lat' dir='ltr'>illo</span> <span class='ocrx_word' id='word_1_189' title='bbox 484 2891 972 2941; x_wconf 81' lang='lat' dir='ltr'>contaminatorum</span> <span class='ocrx_word' id='word_1_190' title='bbox 1001 2905 1160 2957; x_wconf 75' lang='lat' dir='ltr'>grege</span> <span class='ocrx_word' id='word_1_191' title='bbox 1172 2923 1189 2952; x_wconf 89' lang='lat'>‚</span> <span class='ocrx_word' id='word_1_192' title='bbox 1208 2889 1297 2938; x_wconf 87' lang='lat' dir='ltr'>cui</span> 
     </span>
     <span class='ocr_line' id='line_1_28' title="bbox 294 2964 1295 3041; baseline -0.005 -20"><span class='ocrx_word' id='word_1_193' title='bbox 294 2987 480 3023; x_wconf 80' lang='lat' dir='ltr'>nomen</span> <span class='ocrx_word' id='word_1_194' title='bbox 508 2967 827 3041; x_wconf 68' lang='lat' dir='ltr'>Pythagorae</span> <span class='ocrx_word' id='word_1_195' title='bbox 846 2967 974 3031; x_wconf 85' lang='lat' dir='ltr'>fuit,</span> <span class='ocrx_word' id='word_1_196' title='bbox 998 2968 1051 3018; x_wconf 89' lang='lat' dir='ltr'>in</span> <span class='ocrx_word' id='word_1_197' title='bbox 1078 2964 1295 3018; x_wconf 86' lang='lat' dir='ltr'>modum</span> 
     </span>
     <span class='ocr_line' id='line_1_29' title="bbox 292 3043 1297 3116; baseline -0.006 -14"><span class='ocrx_word' id='word_1_198' title='bbox 292 3048 627 3102; x_wconf 67' lang='lat' dir='ltr'>sollemnium</span> <span class='ocrx_word' id='word_1_199' title='bbox 690 3047 1063 3116; x_wconf 73' lang='lat' dir='ltr'>conjugiorum</span> <span class='ocrx_word' id='word_1_200' title='bbox 1124 3043 1297 3096; x_wconf 84' lang='lat' dir='ltr'>denu-</span> 
     </span>
     <span class='ocr_line' id='line_1_30' title="bbox 290 3121 1299 3197; baseline -0.01 -16"><span class='ocrx_word' id='word_1_201' title='bbox 290 3129 495 3197; x_wconf 77' lang='lat' dir='ltr'>psisset.</span> <span class='ocrx_word' id='word_1_202' title='bbox 530 3123 761 3176; x_wconf 79' lang='lat' dir='ltr'>luditum</span> <span class='ocrx_word' id='word_1_203' title='bbox 798 3125 1114 3194; x_wconf 75' lang='lat' dir='ltr'>imperatori</span> <span class='ocrx_word' id='word_1_204' title='bbox 1147 3121 1299 3174; x_wconf 77' lang='lat' dir='ltr'>flam-</span> 
     </span>
     <span class='ocr_line' id='line_1_31' title="bbox 292 3200 1299 3274; baseline -0.007 -16"><span class='ocrx_word' id='word_1_205' title='bbox 292 3225 481 3269; x_wconf 74' lang='lat' dir='ltr'>meum3</span> <span class='ocrx_word' id='word_1_206' title='bbox 494 3205 594 3256; x_wconf 72' lang='lat' dir='ltr'>vi‘si</span> <span class='ocrx_word' id='word_1_207' title='bbox 606 3203 887 3274; x_wconf 78' lang='lat' dir='ltr'>Auspices‚</span> <span class='ocrx_word' id='word_1_208' title='bbox 899 3201 996 3254; x_wconf 82' lang='lat' dir='ltr'>dos</span> <span class='ocrx_word' id='word_1_209' title='bbox 1012 3215 1065 3254; x_wconf 88' lang='lat' dir='ltr'>et</span> <span class='ocrx_word' id='word_1_210' title='bbox 1076 3200 1299 3272; x_wconf 71' lang='lat' dir='ltr'>genialis</span> 
     </span>
     <span class='ocr_line' id='line_1_32' title="bbox 290 3280 1301 3350; baseline -0.004 -16"><span class='ocrx_word' id='word_1_211' title='bbox 290 3294 468 3350; x_wconf 79' lang='lat' dir='ltr'>torus,</span> <span class='ocrx_word' id='word_1_212' title='bbox 506 3295 561 3334; x_wconf 80' lang='lat' dir='ltr'>ct</span> <span class='ocrx_word' id='word_1_213' title='bbox 598 3283 737 3334; x_wconf 80' lang='lat' dir='ltr'>faces</span> <span class='ocrx_word' id='word_1_214' title='bbox 770 3280 1071 3350; x_wconf 76' lang='lat' dir='ltr'>nuptiales5</span> <span class='ocrx_word' id='word_1_215' title='bbox 1106 3291 1301 3331; x_wconf 87' lang='lat' dir='ltr'>cuncta</span> 
     </span>
     <span class='ocr_line' id='line_1_33' title="bbox 290 3359 1302 3434; baseline -0.006 -19"><span class='ocrx_word' id='word_1_216' title='bbox 290 3359 523 3434; x_wconf 59' lang='lat' dir='ltr'>&amp;nique</span> <span class='ocrx_word' id='word_1_217' title='bbox 536 3373 813 3432; x_wconf 75' lang='lat' dir='ltr'>spectata,</span> <span class='ocrx_word' id='word_1_218' title='bbox 835 3377 949 3430; x_wconf 81' lang='lat' dir='ltr'>quae</span> <span class='ocrx_word' id='word_1_219' title='bbox 972 3361 1129 3410; x_wconf 79' lang='lat' dir='ltr'>etiam</span> <span class='ocrx_word' id='word_1_220' title='bbox 1154 3359 1205 3408; x_wconf 88' lang='lat' dir='ltr'>in</span> <span class='ocrx_word' id='word_1_221' title='bbox 1222 3359 1302 3409; x_wconf 80' lang='lat' dir='ltr'>fe-</span> 
     </span>
     <span class='ocr_line' id='line_1_34' title="bbox 290 3437 1302 3510; baseline -0.007 -15"><span class='ocrx_word' id='word_1_222' title='bbox 290 3446 431 3494; x_wconf 77' lang='lat' dir='ltr'>mina</span> <span class='ocrx_word' id='word_1_223' title='bbox 452 3459 561 3492; x_wconf 78' lang='lat' dir='ltr'>nox</span> <span class='ocrx_word' id='word_1_224' title='bbox 580 3441 770 3510; x_wconf 87' lang='lat' dir='ltr'>operit.</span> <span class='ocrx_word' id='word_1_225' title='bbox 785 3439 837 3507; x_wconf 71' lang='lat'>¹⁹)</span> <span class='ocrx_word' id='word_1_226' title='bbox 860 3452 913 3490; x_wconf 89' lang='lat' dir='ltr'>et</span> <span class='ocrx_word' id='word_1_227' title='bbox 932 3437 1090 3510; x_wconf 87' lang='lat' dir='ltr'>Xiph.</span> <span class='ocrx_word' id='word_1_228' title='bbox 1112 3437 1302 3501; x_wconf 78' lang='lat' dir='ltr'>LXffl,</span> 
     </span>
     <span class='ocr_line' id='line_1_35' title="bbox 296 3515 1304 3593; baseline -0.003 -21"><span class='ocrx_word' id='word_1_229' title='bbox 296 3519 387 3586; x_wconf 82' lang='lat'>13,</span> <span class='ocrx_word' id='word_1_230' title='bbox 413 3521 615 3593; x_wconf 84' lang='lat' dir='ltr'>(quem</span> <span class='ocrx_word' id='word_1_231' title='bbox 644 3518 817 3570; x_wconf 81' lang='lat' dir='ltr'>locum</span> <span class='ocrx_word' id='word_1_232' title='bbox 850 3535 1014 3588; x_wconf 77' lang='lat' dir='ltr'>supra</span> <span class='ocrx_word' id='word_1_233' title='bbox 1046 3515 1304 3569; x_wconf 67' lang='lat' dir='ltr'>indicari-</span> 
     </span>
     <span class='ocr_line' id='line_1_36' title="bbox 290 3596 1299 3670; baseline -0.002 -20"><span class='ocrx_word' id='word_1_234' title='bbox 290 3617 407 3652; x_wconf 78' lang='lat' dir='ltr'>mus</span> <span class='ocrx_word' id='word_1_235' title='bbox 434 3600 508 3652; x_wconf 83' lang='lat' dir='ltr'>ad</span> <span class='ocrx_word' id='word_1_236' title='bbox 535 3617 655 3670; x_wconf 84' lang='lat' dir='ltr'>cap.</span> <span class='ocrx_word' id='word_1_237' title='bbox 695 3598 825 3668; x_wconf 83' lang='lat'><strong>28),</strong></span> <span class='ocrx_word' id='word_1_238' title='bbox 862 3597 987 3650; x_wconf 89' lang='lat' dir='ltr'>coll.</span> <span class='ocrx_word' id='word_1_239' title='bbox 1010 3596 1185 3660; x_wconf 81' lang='lat' dir='ltr'>LxJ1‚</span> <span class='ocrx_word' id='word_1_240' title='bbox 1213 3597 1299 3648; x_wconf 84' lang='lat'>28.</span> 
     </span>
     <span class='ocr_line' id='line_1_37' title="bbox 288 3667 1301 3749; baseline -0.007 -16"><span class='ocrx_word' id='word_1_241' title='bbox 288 3681 538 3732; x_wconf 70' lang='lat' dir='ltr'>Tacitum</span> <span class='ocrx_word' id='word_1_242' title='bbox 600 3679 877 3749; x_wconf 80' lang='lat' dir='ltr'>exscripsit</span> <span class='ocrx_word' id='word_1_243' title='bbox 918 3667 1131 3747; x_wconf 45' lang='lat' dir='ltr'>&#39;Sulpim</span> <span class='ocrx_word' id='word_1_244' title='bbox 1182 3675 1301 3728; x_wconf 85' lang='lat' dir='ltr'>Sev.</span> 
     </span>
     <span class='ocr_line' id='line_1_38' title="bbox 290 3755 1303 3820; baseline -0.006 -8"><span class='ocrx_word' id='word_1_245' title='bbox 290 3761 427 3812; x_wconf 71' lang='lat' dir='ltr'>nist.</span> <span class='ocrx_word' id='word_1_246' title='bbox 448 3760 601 3812; x_wconf 75' lang='lat' dir='ltr'>Sacr.</span> <span class='ocrx_word' id='word_1_247' title='bbox 625 3759 689 3820; x_wconf 84' lang='lat'>11,</span> <span class='ocrx_word' id='word_1_248' title='bbox 717 3760 803 3810; x_wconf 78' lang='lat'>28.</span> <span class='ocrx_word' id='word_1_249' title='bbox 828 3758 1187 3810; x_wconf 84' lang='lat' dir='ltr'>Binominisne</span> <span class='ocrx_word' id='word_1_250' title='bbox 1212 3755 1303 3807; x_wconf 83' lang='lat' dir='ltr'>foe-</span> 
     </span>
     <span class='ocr_line' id='line_1_39' title="bbox 290 3835 1307 3904; baseline -0.009 -12"><span class='ocrx_word' id='word_1_251' title='bbox 290 3837 393 3892; x_wconf 80' lang='lat' dir='ltr'>dus</span> <span class='ocrx_word' id='word_1_252' title='bbox 432 3838 599 3890; x_wconf 87' lang='lat' dir='ltr'>bomo</span> <span class='ocrx_word' id='word_1_253' title='bbox 636 3839 798 3890; x_wconf 78' lang='lat' dir='ltr'>fuerit</span> <span class='ocrx_word' id='word_1_254' title='bbox 814 3877 831 3904; x_wconf 90' lang='lat'>,</span> <span class='ocrx_word' id='word_1_255' title='bbox 878 3854 947 3888; x_wconf 81' lang='lat' dir='ltr'>un</span> <span class='ocrx_word' id='word_1_256' title='bbox 992 3835 1307 3888; x_wconf 75' lang='lat' dir='ltr'>successerit</span> 
     </span>
     <span class='ocr_line' id='line_1_40' title="bbox 288 3915 1305 3991; baseline -0.009 -20"><span class='ocrx_word' id='word_1_257' title='bbox 288 3918 619 3991; x_wconf 69' lang='lat' dir='ltr'>Doryphoro</span> <span class='ocrx_word' id='word_1_258' title='bbox 640 3918 697 3968; x_wconf 88' lang='lat' dir='ltr'>in</span> <span class='ocrx_word' id='word_1_259' title='bbox 725 3915 1010 3968; x_wconf 77' lang='lat' dir='ltr'>libidinosa</span> <span class='ocrx_word' id='word_1_260' title='bbox 1027 3931 1191 3986; x_wconf 86' lang='lat' dir='ltr'>opera</span> <span class='ocrx_word' id='word_1_261' title='bbox 1210 3916 1305 3983; x_wconf 76' lang='lat' dir='ltr'>Py-</span> 
     </span>
     <span class='ocr_line' id='line_1_41' title="bbox 288 3993 1305 4070; baseline -0.007 -19"><span class='ocrx_word' id='word_1_262' title='bbox 288 3997 579 4070; x_wconf 72' lang='lat' dir='ltr'>thagoras,</span> <span class='ocrx_word' id='word_1_263' title='bbox 614 4016 685 4048; x_wconf 79' lang='lat' dir='ltr'>au</span> <span class='ocrx_word' id='word_1_264' title='bbox 716 3996 965 4048; x_wconf 72' lang='lat' dir='ltr'>erraverit</span> <span class='ocrx_word' id='word_1_265' title='bbox 1000 3997 1055 4046; x_wconf 90' lang='lat' dir='ltr'>in</span> <span class='ocrx_word' id='word_1_266' title='bbox 1085 3993 1305 4046; x_wconf 13' lang='lat' dir='ltr'>&#39;nomine</span> 
     </span>
     <span class='ocr_line' id='line_1_42' title="bbox 290 4074 1305 4149; baseline -0.009 -15"><span class='ocrx_word' id='word_1_267' title='bbox 290 4080 583 4135; x_wconf 76' lang='lat' dir='ltr'>Suetonius</span> <span class='ocrx_word' id='word_1_268' title='bbox 632 4076 929 4149; x_wconf 79' lang='lat' dir='ltr'>(triplicem</span> <span class='ocrx_word' id='word_1_269' title='bbox 976 4079 1117 4128; x_wconf 84' lang='lat' dir='ltr'>enim</span> <span class='ocrx_word' id='word_1_270' title='bbox 1164 4074 1305 4126; x_wconf 82' lang='lat' dir='ltr'>hanc</span> 
     </span>
     <span class='ocr_line' id='line_1_43' title="bbox 292 4157 1303 4226; baseline -0.005 -14"><span class='ocrx_word' id='word_1_271' title='bbox 292 4163 433 4214; x_wconf 68' lang='lat' dir='ltr'>riom</span> <span class='ocrx_word' id='word_1_272' title='bbox 448 4162 683 4212; x_wconf 82' lang='lat' dir='ltr'>inierunt</span> <span class='ocrx_word' id='word_1_273' title='bbox 692 4159 791 4210; x_wconf 76' lang='lat' dir='ltr'>viri</span> <span class='ocrx_word' id='word_1_274' title='bbox 803 4157 947 4209; x_wconf 84' lang='lat' dir='ltr'>docti</span> <span class='ocrx_word' id='word_1_275' title='bbox 962 4179 975 4220; x_wconf 86' lang='lat'>3</span> <span class='ocrx_word' id='word_1_276' title='bbox 992 4159 1063 4208; x_wconf 76' lang='lat' dir='ltr'>cf.</span> <span class='ocrx_word' id='word_1_277' title='bbox 1080 4158 1303 4226; x_wconf 83' lang='lat' dir='ltr'>interpr.</span> 
     </span>
    </p>
   </div>
   <div class='ocr_carea' id='block_1_7' title="bbox 1384 2730 2401 4216">
    <p class='ocr_par' dir='ltr' id='par_1_9' title="bbox 1384 2730 2391 2882">
     <span class='ocr_line' id='line_1_44' title="bbox 1384 2730 2391 2800; baseline 0.005 -17"><span class='ocrx_word' id='word_1_278' title='bbox 1384 2730 1630 2783; x_wconf 78' lang='lat' dir='ltr'>ditate.—</span> <span class='ocrx_word' id='word_1_279' title='bbox 1641 2731 1944 2784; x_wconf 75' lang='lat' dir='ltr'>Concessisse</span> <span class='ocrx_word' id='word_1_280' title='bbox 1967 2743 2046 2782; x_wconf 81' lang='lat' dir='ltr'>est</span> <span class='ocrx_word' id='word_1_281' title='bbox 2059 2733 2391 2800; x_wconf 74' lang='lat' dir='ltr'>condonasse,</span> 
     </span>
     <span class='ocr_line' id='line_1_45' title="bbox 1386 2809 2389 2882; baseline 0.006 -23"><span class='ocrx_word' id='word_1_282' title='bbox 1386 2810 1655 2882; x_wconf 73' lang='lat' dir='ltr'>iynovt&#39;sse.</span> <span class='ocrx_word' id='word_1_283' title='bbox 1673 2809 1808 2862; x_wconf 84' lang='lat' dir='ltr'>Vide</span> <span class='ocrx_word' id='word_1_284' title='bbox 1836 2809 2084 2861; x_wconf 89' lang='lat' dir='ltr'>Oudend.</span> <span class='ocrx_word' id='word_1_285' title='bbox 2110 2827 2162 2864; x_wconf 89' lang='lat' dir='ltr'>et</span> <span class='ocrx_word' id='word_1_286' title='bbox 2185 2813 2389 2865; x_wconf 84' lang='lat' dir='ltr'>Ernest.</span> 
     </span>
    </p>

    <p class='ocr_par' dir='ltr' id='par_1_10' title="bbox 1386 2887 2395 3271">
     <span class='ocr_line' id='line_1_46' title="bbox 1454 2887 2391 2958; baseline 0.005 -20"><span class='ocrx_word' id='word_1_287' title='bbox 1454 2888 1621 2938; x_wconf 83' lang='lat' dir='ltr'>XXX.</span> <span class='ocrx_word' id='word_1_288' title='bbox 1670 2905 1712 2940; x_wconf 84' lang='grc'>1.</span> <span class='ocrx_word' id='word_1_289' title='bbox 1751 2889 2024 2951; x_wconf 62' lang='lat' dir='ltr'>Sordidosf</span> <span class='ocrx_word' id='word_1_290' title='bbox 2052 2887 2391 2958; x_wconf 69' lang='grc' dir='ltr'>μικρόφρονας,</span> 
     </span>
     <span class='ocr_line' id='line_1_47' title="bbox 1388 2967 2394 3040; baseline 0.007 -22"><span class='ocrx_word' id='word_1_291' title='bbox 1388 2985 1494 3038; x_wconf 90' lang='lat' dir='ltr'>quo</span> <span class='ocrx_word' id='word_1_292' title='bbox 1524 2967 1712 3020; x_wconf 83' lang='lat' dir='ltr'>vocab.</span> <span class='ocrx_word' id='word_1_293' title='bbox 1741 2971 1906 3020; x_wconf 82' lang='lat' dir='ltr'>utitur</span> <span class='ocrx_word' id='word_1_294' title='bbox 1932 2969 2131 3040; x_wconf 84' lang='lat' dir='ltr'>Xiphil.</span> <span class='ocrx_word' id='word_1_295' title='bbox 2161 2973 2302 3036; x_wconf 72' lang='lat' dir='ltr'>LXI,</span> <span class='ocrx_word' id='word_1_296' title='bbox 2334 2971 2394 3040; x_wconf 78' lang='lat'>5’,</span> 
     </span>
     <span class='ocr_line' id='line_1_48' title="bbox 1386 3045 2393 3120; baseline 0.006 -22"><span class='ocrx_word' id='word_1_297' title='bbox 1386 3045 1477 3098; x_wconf 87' lang='lat' dir='ltr'>ubi</span> <span class='ocrx_word' id='word_1_298' title='bbox 1492 3049 1612 3098; x_wconf 76' lang='lat' dir='ltr'>vide</span> <span class='ocrx_word' id='word_1_299' title='bbox 1629 3049 1856 3099; x_wconf 76' lang='lat' dir='ltr'>Reimnr.</span> <span class='ocrx_word' id='word_1_300' title='bbox 1875 3048 1942 3101; x_wconf 87' lang='lat' dir='ltr'>de</span> <span class='ocrx_word' id='word_1_301' title='bbox 1961 3049 2066 3100; x_wconf 91' lang='lat' dir='ltr'>hoc</span> <span class='ocrx_word' id='word_1_302' title='bbox 2081 3065 2136 3104; x_wconf 90' lang='lat' dir='ltr'>et</span> <span class='ocrx_word' id='word_1_303' title='bbox 2153 3055 2393 3120; x_wconf 80' lang='lat' dir='ltr'>cognatis</span> 
     </span>
     <span class='ocr_line' id='line_1_49' title="bbox 1388 3125 2395 3198; baseline 0.005 -21"><span class='ocrx_word' id='word_1_304' title='bbox 1388 3125 1546 3178; x_wconf 82' lang='lat' dir='ltr'>docte</span> <span class='ocrx_word' id='word_1_305' title='bbox 1581 3127 1940 3180; x_wconf 74' lang='lat' dir='ltr'>disserentem.</span> <span class='ocrx_word' id='word_1_306' title='bbox 1973 3129 2158 3182; x_wconf 84' lang='lat' dir='ltr'>Horat.</span> <span class='ocrx_word' id='word_1_307' title='bbox 2193 3131 2301 3183; x_wconf 75' lang='lat' dir='ltr'>Sat.</span> <span class='ocrx_word' id='word_1_308' title='bbox 2340 3135 2395 3198; x_wconf 86' lang='lat'>1,</span> 
     </span>
     <span class='ocr_line' id='line_1_50' title="bbox 1391 3221 1587 3271; baseline 0.005 -15"><span class='ocrx_word' id='word_1_309' title='bbox 1391 3222 1419 3256; x_wconf 81' lang='lat'><em>2</em></span> <span class='ocrx_word' id='word_1_310' title='bbox 1436 3242 1453 3271; x_wconf 88' lang='lat'>‚</span> <span class='ocrx_word' id='word_1_311' title='bbox 1492 3221 1587 3271; x_wconf 80' lang='lat' dir='ltr'>to,</span> 
     </span>
    </p>

    <p class='ocr_par' dir='ltr' id='par_1_11' title="bbox 1389 3299 2396 3406">
     <span class='ocr_line' id='line_1_51' title="bbox 1389 3299 2396 3404; baseline 0.004 -62"><span class='ocrx_word' id='word_1_312' title='bbox 1389 3299 1610 3404; x_wconf 45' lang='lat' dir='ltr'>&amp;rdiam-</span> <span class='ocrx_word' id='word_1_313' title='bbox 1621 3311 1744 3357; x_wconf 73' lang='lat' dir='ltr'>atqnc</span> <span class='ocrx_word' id='word_1_314' title='bbox 1763 3304 1906 3342; x_wconf 72' lang='lat' dir='ltr'>animi</span> <span class='ocrx_word' id='word_1_315' title='bbox 1923 3303 2030 3358; x_wconf 80' lang='lat' dir='ltr'>quod</span> <span class='ocrx_word' id='word_1_316' title='bbox 2049 3303 2180 3358; x_wconf 71' lang='lat' dir='ltr'>parvi</span> <span class='ocrx_word' id='word_1_317' title='bbox 2199 3303 2303 3346; x_wconf 85' lang='lat' dir='ltr'>nolit</span> <span class='ocrx_word' id='word_1_318' title='bbox 2319 3303 2396 3346; x_wconf 78' lang='lat' dir='ltr'>hn-</span> 
     </span>
     <span class='ocr_line' id='line_1_52' title="bbox 1577 3379 1626 3406; baseline 0 0"><span class='ocrx_word' id='word_1_319' title='bbox 1577 3379 1626 3406; x_wconf 76' lang='grc' dir='ltr'>ΙῚ.</span> 
     </span>
    </p>

    <p class='ocr_par' dir='ltr' id='par_1_12' title="bbox 1389 3430 2396 3513">
     <span class='ocr_line' id='line_1_53' title="bbox 1389 3430 2396 3513; baseline 0.003 -17"><span class='ocrx_word' id='word_1_320' title='bbox 1389 3430 1612 3496; x_wconf 77' lang='lat' dir='ltr'>Sordidi&gt;</span> <span class='ocrx_word' id='word_1_321' title='bbox 1633 3461 1696 3494; x_wconf 81' lang='lat' dir='ltr'>ex</span> <span class='ocrx_word' id='word_1_322' title='bbox 1711 3444 1828 3512; x_wconf 84' lang='lat' dir='ltr'>ipsa</span> <span class='ocrx_word' id='word_1_323' title='bbox 1848 3441 2176 3513; x_wconf 74' lang='lat' dir='ltr'>etymologiae</span> <span class='ocrx_word' id='word_1_324' title='bbox 2189 3447 2396 3499; x_wconf 84' lang='lat' dir='ltr'>ratione</span> 
     </span>
    </p>

    <p class='ocr_par' dir='ltr' id='par_1_13' title="bbox 1391 3522 2398 3597">
     <span class='ocr_line' id='line_1_54' title="bbox 1391 3522 2398 3597; baseline 0.007 -24"><span class='ocrx_word' id='word_1_325' title='bbox 1391 3523 1684 3593; x_wconf 86' lang='lat' dir='ltr'>opponitur</span> <span class='ocrx_word' id='word_1_326' title='bbox 1718 3522 2026 3592; x_wconf 69' lang='lat' dir='ltr'>praelautus,</span> <span class='ocrx_word' id='word_1_327' title='bbox 2065 3526 2144 3575; x_wconf 86' lang='lat' dir='ltr'>uti</span> <span class='ocrx_word' id='word_1_328' title='bbox 2176 3527 2398 3597; x_wconf 83' lang='lat' dir='ltr'>deparco</span> 
     </span>
    </p>

    <p class='ocr_par' dir='ltr' id='par_1_14' title="bbox 1391 3597 2396 3675">
     <span class='ocr_line' id='line_1_55' title="bbox 1391 3597 2396 3675; baseline 0.006 -23"><span class='ocrx_word' id='word_1_329' title='bbox 1391 3597 1716 3675; x_wconf 58' lang='lat' dir='ltr'>magnificia.</span> <span class='ocrx_word' id='word_1_330' title='bbox 1757 3600 2036 3654; x_wconf 78' lang='lat' dir='ltr'>Sordidum</span> <span class='ocrx_word' id='word_1_331' title='bbox 2083 3603 2150 3654; x_wconf 88' lang='lat' dir='ltr'>ad</span> <span class='ocrx_word' id='word_1_332' title='bbox 2191 3602 2396 3658; x_wconf 78' lang='lat' dir='ltr'>literam</span> 
     </span>
    </p>

    <p class='ocr_par' dir='ltr' id='par_1_15' title="bbox 1392 3678 2220 3734">
     <span class='ocr_line' id='line_1_56' title="bbox 1392 3678 2220 3734; baseline 0.001 -2"><span class='ocrx_word' id='word_1_333' title='bbox 1392 3679 1564 3733; x_wconf 88' lang='lat' dir='ltr'>reddit</span> <span class='ocrx_word' id='word_1_334' title='bbox 1589 3679 1777 3731; x_wconf 78' lang='lat' dir='ltr'>vocab.</span> <span class='ocrx_word' id='word_1_335' title='bbox 1808 3678 1942 3732; x_wconf 80' lang='lat' dir='ltr'>Gau.</span> <span class='ocrx_word' id='word_1_336' title='bbox 1973 3697 2220 3734; x_wconf 77' lang='lat' dir='ltr'>cmsseux.</span> 
     </span>
    </p>

    <p class='ocr_par' dir='ltr' id='par_1_16' title="bbox 1393 3759 2401 4146">
     <span class='ocr_line' id='line_1_57' title="bbox 1458 3759 2396 3830; baseline 0.004 -19"><span class='ocrx_word' id='word_1_337' title='bbox 1458 3777 1505 3811; x_wconf 68' lang='grc' dir='ltr'>π.</span> <span class='ocrx_word' id='word_1_338' title='bbox 1520 3759 1847 3811; x_wconf 79' lang='lat' dir='ltr'>Laudabat...</span> <span class='ocrx_word' id='word_1_339' title='bbox 1859 3759 2180 3812; x_wconf 75' lang='lat' dir='ltr'>avunculum</span> <span class='ocrx_word' id='word_1_340' title='bbox 2195 3763 2396 3830; x_wconf 74' lang='lat' dir='ltr'>Caium,</span> 
     </span>
     <span class='ocr_line' id='line_1_58' title="bbox 1395 3837 2396 3907; baseline 0.006 -19"><span class='ocrx_word' id='word_1_341' title='bbox 1395 3851 1492 3889; x_wconf 87' lang='lat' dir='ltr'>etc.</span> <span class='ocrx_word' id='word_1_342' title='bbox 1516 3838 1648 3890; x_wconf 84' lang='lat' dir='ltr'>Vide</span> <span class='ocrx_word' id='word_1_343' title='bbox 1671 3837 1834 3907; x_wconf 77' lang='lat' dir='ltr'>Calig.</span> <span class='ocrx_word' id='word_1_344' title='bbox 1857 3840 1943 3907; x_wconf 85' lang='lat'>37.</span> <span class='ocrx_word' id='word_1_345' title='bbox 1965 3841 2043 3891; x_wconf 89' lang='lat' dir='ltr'>De</span> <span class='ocrx_word' id='word_1_346' title='bbox 2067 3843 2281 3892; x_wconf 85' lang='lat' dir='ltr'>Nerone</span> <span class='ocrx_word' id='word_1_347' title='bbox 2297 3843 2396 3893; x_wconf 79' lang='lat' dir='ltr'>Ta-</span> 
     </span>
     <span class='ocr_line' id='line_1_59' title="bbox 1395 3917 2401 3983; baseline 0.005 -15"><span class='ocrx_word' id='word_1_348' title='bbox 1395 3918 1483 3968; x_wconf 86' lang='lat' dir='ltr'>cit.</span> <span class='ocrx_word' id='word_1_349' title='bbox 1508 3917 1640 3968; x_wconf 81' lang='lat' dir='ltr'>Hist.</span> <span class='ocrx_word' id='word_1_350' title='bbox 1665 3919 1721 3983; x_wconf 86' lang='lat'>1,</span> <span class='ocrx_word' id='word_1_351' title='bbox 1749 3935 1816 3970; x_wconf 63' lang='grc' dir='ltr'>πο</span> <span class='ocrx_word' id='word_1_352' title='bbox 1832 3955 1848 3982; x_wconf 83' lang='grc'><em>,</em></span> <span class='ocrx_word' id='word_1_353' title='bbox 1879 3941 1900 3965; x_wconf 79' lang='grc' dir='ltr'>ι</span> <span class='ocrx_word' id='word_1_354' title='bbox 1923 3919 2006 3970; x_wconf 82' lang='lat' dir='ltr'>Bis</span> <span class='ocrx_word' id='word_1_355' title='bbox 2029 3932 2083 3969; x_wconf 85' lang='lat' dir='ltr'>et</span> <span class='ocrx_word' id='word_1_356' title='bbox 2104 3922 2263 3972; x_wconf 76' lang='lat' dir='ltr'>vicies</span> <span class='ocrx_word' id='word_1_357' title='bbox 2283 3920 2401 3972; x_wconf 85' lang='lat' dir='ltr'>mil·-</span> 
     </span>
     <span class='ocr_line' id='line_1_60' title="bbox 1393 3994 2400 4050; baseline 0.005 -5"><span class='ocrx_word' id='word_1_358' title='bbox 1393 3994 1485 4046; x_wconf 83' lang='lat' dir='ltr'>lies</span> <span class='ocrx_word' id='word_1_359' title='bbox 1519 3995 1812 4048; x_wconf 79' lang='lat' dir='ltr'>sestertium</span> <span class='ocrx_word' id='word_1_360' title='bbox 1845 3995 2220 4050; x_wconf 84' lang='lat' dir='ltr'>donationibus</span> <span class='ocrx_word' id='word_1_361' title='bbox 2253 3999 2400 4050; x_wconf 86' lang='lat' dir='ltr'>Nero</span> 
     </span>
     <span class='ocr_line' id='line_1_61' title="bbox 1396 4073 2396 4146; baseline 0.002 -20"><span class='ocrx_word' id='word_1_362' title='bbox 1396 4073 1675 4126; x_wconf 80' lang='lat' dir='ltr'>effuderat.</span> <span class='ocrx_word' id='word_1_363' title='bbox 1694 4098 1716 4120; x_wconf 65' lang='lat' dir='ltr'>a</span> <span class='ocrx_word' id='word_1_364' title='bbox 1736 4073 1818 4125; x_wconf 82' lang='lat' dir='ltr'>cf.</span> <span class='ocrx_word' id='word_1_365' title='bbox 1833 4075 1974 4146; x_wconf 84' lang='lat' dir='ltr'>Lips.</span> <span class='ocrx_word' id='word_1_366' title='bbox 1993 4075 2192 4128; x_wconf 83' lang='lat' dir='ltr'>Admir.</span> <span class='ocrx_word' id='word_1_367' title='bbox 2213 4078 2286 4143; x_wconf 85' lang='lat'>11,</span> <span class='ocrx_word' id='word_1_368' title='bbox 2317 4077 2396 4142; x_wconf 71' lang='lat'>¹4·</span> 
     </span>
    </p>

    <p class='ocr_par' dir='ltr' id='par_1_17' title="bbox 1464 4153 2400 4216">
     <span class='ocr_line' id='line_1_62' title="bbox 1464 4153 2400 4216; baseline 0.004 -12"><span class='ocrx_word' id='word_1_369' title='bbox 1464 4155 1518 4206; x_wconf 83' lang='lat'>3.</span> <span class='ocrx_word' id='word_1_370' title='bbox 1557 4156 1621 4205; x_wconf 85' lang='lat' dir='ltr'>In</span> <span class='ocrx_word' id='word_1_371' title='bbox 1665 4153 1931 4206; x_wconf 75' lang='lat' dir='ltr'>Tiridaten</span> <span class='ocrx_word' id='word_1_372' title='bbox 1951 4189 1966 4216; x_wconf 80' lang='lat'>‚</span> <span class='ocrx_word' id='word_1_373' title='bbox 2005 4169 2104 4207; x_wconf 87' lang='lat' dir='ltr'>etc.</span> <span class='ocrx_word' id='word_1_374' title='bbox 2143 4155 2275 4209; x_wconf 87' lang='lat' dir='ltr'>Vide</span> <span class='ocrx_word' id='word_1_375' title='bbox 2309 4175 2400 4208; x_wconf 85' lang='lat' dir='ltr'>su-</span> 
     </span>
    </p>
   </div>
  </div>
 </body>
</html>
