3050 5004
925 529 1426 598 EXCURSUS
1471 531 1665 597 XIX.
2214 539 2347 624 499

794 788 1500 891 EXCURSUS
1556 794 1809 891 XIX

628 1038 770 1111 AD
822 1039 1579 1131 DOMITIANUM‚
1634 1042 1805 1113 CAP.
1872 1068 1983 1145 17.

251 1490 544 1578 Domum
565 1522 836 1595 interjecit.
863 1519 1304 1572 Emendationem
1327 1518 1623 1589 elegantem
1646 1538 1711 1572 ac
1736 1524 2082 1579 certissimam
2102 1528 2327 1579 Ferrarii
2341 1565 2359 1593 ,

251 1604 499 1659 dolonem
527 1602 814 1676 interjecit,
851 1601 1145 1671 improbat,
1172 1615 1366 1674 praeter
1389 1602 1521 1657 alios
1554 1603 1921 1670 Burmannus,
1950 1605 2053 1659 hac
2088 1605 2245 1659 allata
2278 1626 2366 1659 ra-

252 1689 431 1753 tione,
456 1686 604 1761 quod
628 1683 912 1738 dicendum
939 1682 1127 1734 fuisset
1152 1682 1358 1753 injecit,
1384 1701 1494 1734 non
1530 1684 1783 1755 interjecit
1802 1706 1817 1735 .·
1851 1684 1999 1755 quod
2026 1705 2092 1738 an
2119 1686 2367 1740 Latinum

251 1770 346 1834 sit,
391 1767 621 1820 dubitat.
667 1766 954 1817 Enimvero
995 1759 1110 1813 haee
1145 1760 1304 1813 verba
1343 1781 1454 1813 non
1493 1762 1691 1814 debent
1727 1764 2019 1834 significare
2058 1768 2369 1839 petitionem

250 1849 572 1915 Domitiani,
600 1845 797 1898 dolone
818 1845 1041 1909 factam,
1067 1844 1213 1913 quod
1234 1858 1369 1897 esset
1397 1844 1606 1919 injicere
1626 1866 1641 1896 .·
1668 1864 1789 1898 nam
1814 1846 1881 1899 de
1906 1847 2006 1899 hac
2026 1870 2178 1915 mox,
2196 1850 2368 1923 suffo-

251 1928 330 1981 dit
369 1928 595 2003 inquina
625 1946 642 1976 .·
681 1924 773 1979 sed
811 1923 1030 1977 modum
1069 1922 1428 1975 abscondendi
1467 1923 1713 1992 dolonis,
1755 1946 1825 1979 ne
1861 1926 2366 1999 deprehenderetur.

250 2011 365 2081 Ego
404 2027 528 2060 vero
565 2026 675 2059 non
706 2004 928 2069 dubito,
965 2006 1323 2074 conjecturam
1361 2004 1501 2057 hane
1538 2024 1650 2059 esse
1690 2018 1907 2059 certam.
1952 2012 2091 2061 Nam
2131 2010 2197 2063 de
2237 2009 2366 2063 dolo

252 2102 378 2141 ante
421 2086 658 2153 dictum,
695 2085 974 2139 consilium
1016 2103 1334 2159 operamque
1369 2085 1596 2149 obtulitg
1634 2100 1687 2138 et
1720 2106 1872 2153 mox,
1906 2090 2216 2144 sinisteriore
2254 2093 2373 2144 bra·-

253 2168 376 2221 chio
385 2206 404 2233 ,
435 2181 535 2220 etc.
562 2168 621 2217 In
645 2164 728 2217 his
751 2177 834 2217 est
857 2162 1029 2215 dolus.
1053 2161 1155 2216 Sed
1178 2183 1302 2236 pars
1327 2162 1438 2216 «loli
1462 2177 1543 2217 est
1566 2168 1725 2218 etiam
1752 2168 1807 2217 in
1832 2166 1963 2235 hoc,
2000 2169 2145 2242 quod
2176 2172 2375 2222 instru-

251 2260 498 2299 mentum
520 2244 679 2297 eaedis
713 2245 828 2315 ipsa
851 2242 986 2295 hora
1002 2281 1038 2311 ,¹
1055 2244 1133 2295 rei
1168 2242 1312 2295 dicta
1327 2282 1345 2312 ‚
1371 2245 1595 2297 inseruit
1626 2246 1833 2310 fasciiS,
1868 2260 1921 2298 et
1955 2249 2028 2299 ita
2052 2250 2339 2302 occultavit
2354 2257 2385 2317 ,'

249 2346 320 2380 ne
342 2324 840 2399 deprehenderetur
862 2344 875 2375 ι
901 2322 958 2374 id
981 2324 1212 2390 factum,
1246 2324 1512 2397 interjecto
1538 2326 1676 2376 inter
1697 2325 1846 2377 lanas
1872 2338 1923 2379 et
1934 2326 2136 2397 fascias
2162 2329 2372 2381 dolone.

249 2408 440 2475 Quum
469 2409 544 2459 ita
567 2416 806 2477 parasset
831 2422 920 2469 se,
947 2404 1382 2473 instruxissetque
1399 2444 1416 2470 ,
1455 2406 1727 2474 professus
1760 2418 1838 2458 est
1873 2406 2126 2460 indicium
2144 2448 2161 2475 ‚
2196 2422 2248 2460 et
2271 2408 2371 2460 ad-

249 2488 481 2552 missus,
509 2497 608 2537 ete.
641 2485 724 2538 Sic
750 2481 894 2554 apud
918 2482 1194 2534 Horatium
1215 2485 1268 2535 in
1287 2482 1516 2556 Epodis,
1542 2483 1731 2538 Libelli
1750 2485 1889 2538 inter
1904 2485 2157 2559 pulvillos
2164 2489 2367 2559 jacent.

249 2566 612 2620 Philostratus
635 2583 796 2636 porro
817 2562 1014 2615 diserte
1038 2563 1222 2629 tradit,
1244 2566 1316 2616 ita
1342 2563 1716 2616 absconditum
1738 2583 1769 2616 a
1792 2565 2059 2637 Stephano
2089 2566 2372 2635 dolonem,

249 2647 307 2698 in
333 2649 466 2698 Vita
489 2643 745 2716 Apollon.
769 2643 890 2708 vll,
913 2641 978 2694 25
994 2680 1012 2709 ‚
1039 2661 1137 2694 nee
1163 2643 1415 2696 credibile
1432 2682 1448 2710 .,
1473 2642 1581 2700 hoc
1601 2637 2009 2717 praetermissum
2031 2665 2062 2698 a
2085 2647 2370 2711 Suetoni03

251 2746 422 2799 quum
451 2727 519 2778 sit
547 2736 843 2778 memoratu
866 2722 1251 2794 dignissimum.
1273 2725 1473 2776 Dolum
1503 2727 1815 2798 interjicere,
1842 2725 2004 2778 latine
2025 2725 2239 2799 quidem
2267 2728 2377 2782 dici

250 2827 417 2881 posse
449 2807 706 2873 arbitror,
731 2804 826 2858 sed
849 2823 959 2856 non
983 2823 1084 2875 pro
1119 2805 1388 2872 adhibere,
1415 2806 1688 2876 quomodo
1715 2820 1853 2859 esset
1872 2806 1928 2858 h.
1954 2808 1989 2860 l.
2016 2809 2336 2880 capiendum
2352 2833 2368 2862 ε

251 2907 355 2942 nec
385 2887 461 2940 ad
485 2907 595 2939 rem
619 2883 1030 2958 perficiendam,
1060 2885 1156 2938 sed
1174 2885 1567 2958 impediendam
1592 2888 1805 2957 potius;
1837 2888 1982 2958 quod
2016 2888 2085 2940 ab
2112 2890 2216 2943 hoe
2244 2888 2369 2944 loco

250 2979 330 3020 est
361 2967 621 3020 alienum.
645 2967 861 3016 Tacitus
895 2961 1140 3035 quidem,
1165 2965 1304 3016 Ann.
1339 2968 1394 3032 Ι,
1425 2963 1527 3032 24,
1558 2964 1688 3017 dicit
1716 2966 1889 3018 minas
1923 2969 2244 3040 interjicere,
2272 2968 2370 3022 sed

247 3046 324 3099 ibi
349 3047 477 3099 duae
497 3059 676 3118 partes
701 3058 841 3098 sunt.
871 3043 953 3095 Ad
978 3044 1159 3097 locum
1182 3045 1485 3098 Philostrati
1509 3047 1675 3099 miror
1694 3044 1823 3099 nihil
1847 3047 2041 3101 dixisse
2068 3049 2335 3103 Olearium
2351 3090 2369 3120 ‚

251 3127 408 3201 quod
440 3126 512 3179 ad
535 3126 674 3180 hane
697 3145 808 3178 rem
831 3127 1111 3197 pertineat.
1141 3127 1468 3197 Ignoraverit
1489 3141 1707 3199 oportet
1733 3129 1875 3181 hunc
1894 3131 2075 3183 locum
2096 3133 2367 3197 Suetonii,

250 3221 304 3261 et
327 3222 523 3262 notam
551 3205 871 3260 Casauboni.
902 3206 1249 3260 casaubonus
1273 3210 1328 3260 in
1353 3225 1452 3260 suo
1477 3208 1720 3280 exemplo
1750 3210 1875 3281 legit
1899 3207 2090 3280 ὖφὸμις,
2124 3233 2223 3284 pro
2258 3230 2368 3284 quo

247 3289 557 3362 legendum,
573 3301 728 3362 putat
753 3285 1040 3358 ὖφιρμόσας.
1067 3287 1313 3343 Olearius
1339 3304 1515 3343 autem
1542 3289 1706 3345 habet
1728 3293 1782 3344 in
1807 3305 1953 3344 textu
1984 3289 2165 3362 v'eu‘pae
2192 3293 2365 3359 nixu,

247 3375 553 3444 vertitque:
577 3371 876 3422 subnectens
897 3371 1070 3422 cubito
1090 3392 1109 3424 .-
1140 3371 1283 3443 qnod
1307 3370 1531 3442 intelligi
1554 3391 1665 3424 non
1686 3386 1864 3444 potest
1884 3394 1898 3423 ι
1928 3392 2026 3427 nee
2050 3373 2211 3426 ullam
2236 3375 2367 3427 alte-

249 3455 362 3506 rius
391 3451 642 3506 lectionis
665 3451 984 3502 mentionem
1013 3453 1067 3503 in
1097 3453 1238 3504 notis
1265 3453 1424 3521 facit,
1455 3453 1799 3519 autiudicat,
1827 3451 1972 3505 unde
2002 3453 2141 3506 hane
2174 3455 2367 3507 lectio-

249 3553 377 3587 nem
407 3532 626 3586 habeat.
649 3530 814 3583 Nihili
843 3543 1017 3583 autem
1048 3549 1150 3584 vox
1176 3545 1256 3586 est
1277 3531 1473 3602 ὕφοίριε.
1499 3533 1637 3584 Nam
1655 3552 1717 3585 ex
1748 3533 1991 3603 analogia
2015 3533 2228 3587 deberet
2246 3552 2364 3586 esse

250 3612 452 3682 ὖπιίμς
482 3633 494 3662 2
525 3609 618 3664 sed
649 3613 761 3681 ejus
787 3612 1186 3681 compositionis
1211 3610 1508 3683 exemplum
1534 3609 1737 3663 nullum
1764 3623 1934 3664 exstat
1962 3613 2015 3663 in
2040 3613 2258 3666 Lexicis.
2282 3615 2367 3665 ln-

249 3691 476 3745 ter-endi
495 3703 672 3743 nutem
701 3703 753 3742 et
779 3690 1130 3760 interjiciendi
1157 3693 1261 3743 vim
1285 3690 1486 3744 habent
1519 3689 1622 3742 alia
1650 3711 1679 3743 e
1706 3691 1867 3744 verbo
1897 3689 1999 3760 αἴρω
2031 3691 2364 3764 composita'‚

249 3786 312 3824 ut
337 3771 526 3841 boffa,
566 3769 714 3839 &nipe
748 3783 799 3824 et
821 3769 1052 3840 παριίμι,
1082 3770 1227 3840 apud
1249 3771 1549 3843 Longinum
1570 3769 1705 3824 Sect.
1739 3773 1801 3837 3,
1837 3789 1899 3823 ex
1920 3771 2193 3844 AEschylo‚
2220 3771 2369 3843 quod

249 3849 483 3904 verbum
509 3849 751 3902 nondum
781 3862 861 3902 est
887 3851 942 3902 in
970 3851 1175 3903 Lexicis
1201 3851 1442 3924 vulgatis,
1481 3853 1669 3924 Itaque
1697 3850 1867 3921 legam
1898 3863 1991 3903 aut
2020 3851 2241 3920 ὖπιίμις,
2275 3863 2371 3904 aut

247 3929 502 4000 παρείρας.
1570 3937 1585 3950 “

1974 4319 2088 4386 32.
