3050 5004
664 506 800 585 268
1417 508 1490 573 C.
1542 506 2009 572 SUETONII

669 664 698 695 ι
717 630 960 715 Galba,
1001 628 1244 723 cupide
1275 630 1519 699 fruaris
1556 648 1753 702 aetate
1788 630 1978 715 tua83
2000 660 2029 691 a
2068 633 2359 699 maxime
2392 633 2633 699 irritati
2664 631 2749 700 ad

656 740 865 811 mlem
888 740 1198 834 jocorum
1225 739 1699 833 petulantiam,
1734 739 1917 837 quod
1946 758 2105 809 ante
2128 764 2381 834 paucos
2408 742 2553 810 dies
2582 745 2757 810 exie·

657 870 766 919 rat
795 856 864 919 in
899 851 1172 944 vulgus,
1205 849 1503 918 laudanti
1539 851 1805 921 cuidam
1844 852 2130 918 formam
2168 874 2393 933 suam,
2428 868 2505 919 ut
2530 852 2752 921 adhuc

657 960 969 1030 floridam
997 980 1063 1029 et
1084 978 1384 1053 vegetam
1401 1014 1418 1044 ‚
1451 962 1877 1055 respondisse
1900 986 2057 1029 eum
2073 1015 2092 1044 ,
2116 975 2191 1034 ἔτι
2217 982 2341 1054 μοι9
2366 979 2512 1054 μένος
2538 976 2752 1055 ἔμπεδόν

654 1086 818 1142 ἐστιν.
859 1070 956 1138 Ab
993 1070 1097 1137 his
1137 1071 1423 1139 Patrobii
1463 1074 1861 1139 Neroniani7
1901 1069 2183 1138 libertus
2219 1088 2492 1139 centum
2529 1074 2750 1139 aureis

655 1179 1072 1264 redemtum,
1111 1206 1190 1248 eo
1227 1181 1410 1265 loco,
1449 1181 1567 1249 ubi
1599 1183 1799 1275 jussu
1834 1180 2065 1248 Galbae
2102 1179 2646 1248 animadversum
2682 1184 2752 1249 in

653 1307 1018 1384 patronum
1043 1316 1243 1360 suum
1273 1294 1525 1375 fuerat,
1560 1290 1821 1385 abjecit.
1850 1296 2009 1361 Sero
2038 1291 2309 1359 tandem
2330 1290 2753 1384 dispensator

655 1406 898 1495 Argius
915 1414 956 1441 ¹¹
979 1456 996 1486 ‚
1025 1423 1093 1474 et
1117 1402 1248 1471 hoc
1271 1420 1340 1471 et
1365 1420 1669 1473 ceterum
1694 1421 2012 1471 truncum
2034 1405 2105 1470 in
2134 1404 2407 1495 privatis
2432 1402 2577 1496 ejus
2602 1403 2750 1471 hor-

653 1513 742 1579 tis
765 1513 1052 1581 Aureliae
1075 1516 1198 1582 viae
1215 1530 1268 1561 ¹²
1291 1514 1658 1608 sepulturae
1682 1511 1887 1581 dedit.

745 1636 922 1699 XXI.
955 1634 1218 1700 Statura
1242 1633 1370 1701 fuit
1383 1630 1603 1725 justa,
1634 1634 1850 1726 capite
1873 1631 2207 1726 praeealvo
2222 1642 2237 1669 ¹
2260 1684 2277 1714 ,
2307 1630 2519 1699 oculis
2544 1655 2753 1699 czeru-

653 1740 775 1810 leis
791 1796 808 1826 ,
831 1741 1096 1810 adunco
1116 1768 1281 1811 naso
1297 1796 1314 1826 ‚
1340 1742 1652 1811 manibus
1672 1743 2095 1837 pedibusque
2112 1738 2451 1809 articulari
2472 1741 2755 1809 ²morbo

653 1847 1137 1921 distortissimis
1161 1906 1178 1935 ,
1212 1870 1292 1921 ut
1317 1878 1540 1949 neque
1566 1854 1867 1923 calceum
1894 1856 2193 1948 perpeti,
2232 1877 2453 1947 neque
2485 1852 2749 1921 libellos

655 1962 995 2046 evolvere,
1029 1982 1146 2032 aut
1168 1982 1397 2035 tenere
1425 1968 1703 2035 omnino
1728 1966 1999 2033 valeret.
2030 1970 2427 2033 Excreverat
2450 1968 2651 2031 etiam
2679 1968 2747 2030 in

652 2204 888 2263 tumque.
909 2216 932 2241 n
965 2194 1046 2246 cf.
1080 2194 1280 2268 xiphil.
1311 2210 1364 2249 et
1390 2196 1653 2251 Plutarch.

651 2271 756 2324 loc.
789 2274 879 2325 cit.
903 2302 980 2314 —
1007 2278 1176 2348 Ergo,
1213 2276 1450 2348 qualibet
1475 2291 1656 2345 aetate,

655 2352 840 2403 eadem
879 2372 1087 2424 semper
1124 2359 1432 2410 insanientis
1469 2357 1659 2430 populi

651 2431 826 2483 rabies
845 2433 1086 2499 effertur,
1107 2446 1160 2484 et
1177 2437 1232 2485 in
1258 2436 1404 2487 omni
1427 2434 1659 2487 tumultu

651 2513 972 2564 exsecranda
998 2513 1106 2564 haec
1132 2526 1330 2586 tropaea
1353 2513 1603 2566 horreas!

725 2601 774 2654 8.
818 2600 1013 2668 Galba,
1042 2603 1240 2676 cupide.
1260 2643 1271 2657 .
1293 2643 1306 2656 .
1325 2643 1338 2655 .
1367 2615 1518 2658 oetate
1548 2617 1651 2658 tua.

649 2681 864 2732 Memm.
899 2681 1123 2754 Cupido,
1157 2697 1216 2734 ut
1243 2682 1422 2735 Galbae
1459 2701 1655 2734 nomen

650 2761 927 2831 Cupidinis
973 2781 1070 2833 per
1103 2765 1288 2832 jocum
1333 2763 1654 2816 addiderint.

651 2840 726 2891 Co
734 2840 1100 2893 mmendarunt
1111 2862 1224 2895 eam
1241 2842 1522 2897 lectionem
1537 2855 1657 2915 post

648 2919 881 2972 Turneb.
901 2920 1116 2972 Advers.
1137 2923 1336 2988 XXXI,
1359 2924 1445 2989 41,
1465 2923 1659 2976 Cassu-

649 2998 828 3052 honus
873 3013 926 3051 et
961 3000 1208 3054 Woffius.
1257 3002 1519 3074 Equidem
1564 3021 1655 3055 ac-

654 3080 870 3148 quiesco
908 3079 960 3129 in
999 3081 1213 3150 cupide,
1256 3081 1404 3152 quod
1442 3100 1655 3134 sensum

650 3157 774 3207 satis
799 3155 1138 3208 commodum
1168 3157 1380 3228 praebet.
1406 3160 1655 3211 Ceterum

651 3253 773 3285 cum
811 3234 1040 3298 Wolfio,
1071 3248 1275 3308 turpem
1311 3237 1655 3308 significatio-

649 3333 774 3366 nem
801 3317 854 3366 in
884 3315 1049 3367 oetatis
1071 3314 1332 3369 vocabulo
1357 3335 1500 3383 esse,
1528 3335 1655 3390 per-

651 3411 866 3446 suasum
894 3392 1086 3446 habeo.

721 3499 774 3552 9.
796 3480 895 3532 Ἔτι
911 3497 1149 3547 μοι,.οῑο.
1169 3483 1244 3534 Ex
1267 3485 1480 3537 Homer.
1501 3483 1651 3537 Iliad.

651 3563 719 3629 V,
749 3563 870 3628 254.

727 3664 809 3704 ιο.
850 3648 1085 3700 Patrobii
1106 3649 1414 3702 Neroniani.
1443 3651 1520 3702 De
1550 3648 1654 3701 hoo

650 3725 770 3778 vide
798 3726 996 3799 xiphil.
1029 3727 1215 3792 Lxm,
1253 3729 1314 3792 33
1344 3730 1412 3781 cf.
1446 3729 1512 3781 ad
1541 3731 1653 3787 Ne-

650 3823 770 3856 ron.
805 3805 891 3871 45.
925 3807 1086 3856 Jussu
1109 3804 1288 3856 Galbae
1317 3807 1654 3859 interemtum

651 3897 870 3933 narrant
899 3880 1165 3933 Plutarch.
1202 3901 1322 3952 cap.
1360 3900 1440 3974 ι’ῖ,
1477 3897 1530 3935 et
1556 3885 1653 3935 xi-

651 3960 782 4031 phil.
807 3963 996 4026 LXIV,
1021 3961 1069 4012 3.
1096 3963 1174 4013 De
1201 3979 1257 4013 re
1283 3964 1448 4014 Tacit.
1475 3981 1523 4013 c.
1556 3963 1650 4031 49,

659 4062 680 4085 ιι
701 4039 896 4110 Caput,
924 4059 1022 4110 per
1045 4039 1172 4090 lixas
1199 4040 1518 4112 calonesque
1538 4043 1653 4092 suf-

652 4119 812 4170 fixum
833 4119 1256 4189 laceratumque,
1276 4134 1397 4172 ante
1421 4121 1655 4174 Patrobii

652 4198 916 4250 tumulum
939 4197 1186 4269 (libertus
1207 4200 1252 4250 is
1273 4201 1500 4254 Neronis
1514 4238 1533 4267 ‚
1555 4219 1653 4272 pu·

1745 2200 1887 2250 nitus
1914 2217 1943 2249 a
1971 2197 2139 2249 Galba
2170 2194 2381 2265 fuerat)
2414 2209 2623 2267 postera
2654 2192 2751 2247 de·-
2791 2205 2801 2216 “

1746 2298 1889 2331 mum
1906 2277 1993 2329 die
2012 2290 2305 2348 repertum,
2322 2291 2375 2329 et
2388 2288 2621 2329 cremato
2641 2278 2749 2344 jam

1744 2360 1961 2428 corpori
1980 2358 2268 2409 admixtum
2288 2368 2382 2409 est.
2404 2378 2428 2401 ο
2450 2355 2605 2406 Couf.
2626 2354 2751 2407 Plu-

1748 2436 1913 2489 tarch.
1940 2456 1985 2487 c.
2016 2437 2113 2502 28,
2143 2437 2235 2508 qui
2258 2434 2490 2487 Patrobii
2515 2448 2567 2485 et
2586 2432 2750 2485 Vitel-

1746 2518 1801 2570 lii
1822 2518 1981 2569 servis
2002 2515 2261 2568 donatum
2280 2527 2443 2586 caput
2462 2512 2622 2581 dicit,
2637 2533 2749 2566 nou

1744 2595 1935 2648 liberto
1962 2594 2249 2648 venditum.

1824 2702 1845 2737 ι
1862 2701 1905 2734 ι.
1931 2683 2055 2736 Sero
2076 2682 2286 2735 tandem
2310 2681 2629 2750 dispensator
2644 2679 2751 2730 Ar·-

1740 2763 1885 2836 9t'us,
1912 2776 2011 2814 etc.
2042 2761 2210 2812 Tacit.
2246 2779 2365 2830 cap.
2394 2759 2494 2829 49:
2526 2782 2547 2804 ι
2565 2757 2748 2810 Galbae

1745 2859 1939 2913 corpus
1976 2839 2069 2891 diu
2106 2840 2404 2910 neglectum
2442 2849 2497 2890 et
2536 2836 2751 2888 licentia

1746 2919 2081 2971 tenebrarum
2114 2919 2353 2989 plurimis
2386 2915 2629 2968 ludibriis
2656 2933 2751 2967 ve·-

1744 3011 1952 3062 xatum‚
1972 2996 2311 3069 dispensator
2328 2998 2516 3065 Argius
2528 3033 2545 3059 ,
2564 3013 2597 3047 e
2614 2997 2751 3066 prio-

1744 3075 1892 3129 ribus
1932 3078 2123 3142 servis‚
2158 3073 2349 3126 humili
2382 3072 2657 3145 sepultura
2690 3074 2746 3125 in

1744 3157 1961 3226 privatis
1981 3157 2095 3225 ejus
2115 3152 2286 3205 hortis
2300 3153 2551 3205 contexit.
2570 3175 2593 3198 ι»
2613 3151 2749 3204 Vide

1743 3233 2010 3286 Plutarch.
2038 3233 2071 3284 l.
2099 3253 2145 3285 c.

1820 3337 1903 3372 η.
1926 3318 2155 3372 Aurelia·
2178 3320 2289 3372 vioe.
2310 3320 2445 3371 Cum
2465 3317 2747 3370 Torrentio

1741 3397 2092 3470 Oudendorp.
2114 3413 2165 3450 et
2184 3398 2456 3450 Ernestius
2478 3395 2752 3448 malebant

1740 3476 1959 3531 Aurelia
1994 3479 2094 3530 υἰα.
2132 3478 2207 3529 lta
2242 3478 2464 3548 Eutrop.
2495 3477 2587 3529 vu
2602 3515 2621 3544 .,
2656 3491 2748 3542 to,

1749 3581 1772 3606 ι
1786 3559 2063 3629 Jugulatus
2085 3559 2140 3608 in
2162 3557 2533 3622 ForoxRomae,
2565 3554 2750 3626 sepul-

1744 3651 1935 3708 tusque
1956 3639 2010 3689 in
2031 3636 2199 3688 hortis
2220 3636 2471 3705 suis,·qui
2495 3647 2617 3686 sunt
2635 3634 2749 3684 Au-

1746 3717 1873 3768 relia
1894 3718 1975 3769 via
1990 3735 2098 3768 non
2114 3715 2269 3786 longe
2286 3715 2353 3766 ab
2368 3715 2511 3766 Urbe
2526 3716 2744 3766 Roma.-

1832 3804 1969 3856 xxl.
2024 3819 2069 3854 1.
2128 3804 2309 3874 Capite
2348 3800 2627 3874 praecalvo.
2670 3803 2751 3852 Itu

1742 3882 1956 3934 Memm.
1984 3881 2197 3952 aliique.
2220 3881 2373 3950 Vulg.
2402 3880 2570 3933 calvo.
2592 3879 2747 3931 Conf.

1720 3966 1963 4014 -omnino
1998 3960 2263 4014 Plutarch.
2298 3960 2453 4014 Galb.
2494 3977 2621 4030 σοι»
2653 3959 2748 4022 13,

1744 4056 1797 4095 et
1818 4041 1938 4094 vide
1966 4045 2124 4094 etiam
2152 4061 2271 4113 cap.
2300 4043 2559 4111 superius.

1815 4139 1863 4175 2.
1901 4121 2185 4174 Arate-ulan·
2224 4121 2414 4176 morbo.
2456 4119 2613 4171 Conf.
2657 4119 2748 4170 xi-

1743 4201 1875 4274 phil.
1906 4203 2087 4268 LXIV,
2110 4202 2171 4267 3,
2201 4201 2293 4253 ubi
2322 4199 2549 4252 Reimar.
