3050 5004
612 498 745 544 200

1358 478 1430 542 C.
1482 478 1950 544 SUETONII

607 605 853 695 raptim
875 604 1050 669 inter
1072 605 1395 669 maximos
1420 602 1669 670 imbres
1699 601 2106 671 translaticio
2132 603 2370 670 extulit
2391 614 2418 655 9
2437 604 2696 673 funere.

604 718 913 781 Locustae
931 738 1056 806 pro
1073 730 1315 781 navata
1333 737 1540 807 opera
1557 716 2024 808 impunitatem
2042 713 2430 810 praediaque
2448 717 2700 809 ampla,

608 824 728 892 sed
755 842 824 893 et
848 824 1211 917 discipulos
1240 824 1424 892 dedit
1443 837 1513 893 ¹⁰.

698 942 997 1005 XXXIV.
1040 942 1329 1004 Matrem
1346 990 1363 1020 ,
1386 936 1562 1004 dicta
1579 939 1886 1033 factaque
1908 963 2028 1006 sua
2049 942 2512 1033 exquirentem
2531 962 2706 1007 acer-

570 1084 583 1093 ²
605 1049 756 1116 bius
782 1065 850 1116 et
869 1044 1313 1140 corrigentem
1332 1102 1351 1131 ,
1375 1048 1702 1119 hactenus
1729 1051 1947 1141 primo
1972 1050 2374 1140 gravabatur
2389 1101 2406 1130 ,
2437 1066 2514 1115 ut
2539 1050 2705 1117 invi·

607 1159 719 1227 dia
758 1156 1122 1227 identidem
1162 1175 1505 1240 oneraret,
1555 1162 1749 1254 quasi
1801 1182 2115 1227 cessurus
2161 1161 2480 1252 imperio,
2529 1159 2706 1226 Rho·-

607 1269 906 1366 dumque
935 1270 1278 1338 abiturus:
1315 1293 1473 1337 mox
1510 1288 1577 1337 et
1609 1270 1866 1337 honore
1899 1274 2082 1338 omui
2118 1288 2185 1338 et
2215 1287 2545 1363 potestate
2568 1273 2703 1363 pri·

607 1381 839 1461 vavit3
890 1378 1313 1472 abductaque
1362 1378 1653 1446 militum
1705 1396 1772 1446 et
1820 1384 2313 1447 Germanorum
2363 1382 2651 1448 statione
2682 1435 2700 1462 ,

608 1490 1047 1560 contubernio
1078 1514 1351 1585 quoque
1389 1515 1467 1559 ac
1503 1491 1756 1560 Palatio
1793 1492 2052 1584 expulit
2075 1502 2116 1558 ¹.
2150 1497 2386 1586 Neque
2417 1495 2486 1559 in
2519 1492 2704 1562 dive-

603 1676 911 1751 prudentes.
937 1680 1033 1743 At,
1060 1678 1251 1750 quibus
1277 1679 1436 1731 altior
1459 1680 1610 1731 intel-

603 1758 771 1812 lectus
784 1798 801 1825 ,
815 1762 1063 1812 resistunt
1078 1758 1235 1812 defixi
1247 1798 1263 1826 ‚
1278 1772 1332 1811 et
1343 1760 1611 1812 Neronem

605 1838 889 1889 intuentes.
927 1836 1019 1889 nle
1037 1877 1054 1904 .,
1090 1852 1149 1889 ut
1182 1851 1294 1890 erat
1321 1838 1530 1890 reclinis
1559 1850 1612 1890 et

602 1918 788 1971 neseio
832 1916 1047 1984 similis,
1086 1916 1301 1968 solitum
1341 1920 1415 1969 ita
1438 1955 1457 1983 ‚
1500 1920 1612 1984 ait,

603 2014 702 2068 per
725 1995 1043 2049 comitialem
1068 1995 1344 2062 morbum,
1371 2014 1479 2066 quo
1504 1998 1613 2067 pri-

602 2091 689 2124 ma
714 2070 783 2125 ab
802 2072 1022 2125 infantia
1042 2072 1383 2125 afflictaretur
1405 2076 1610 2126 Britan-

605 2153 786 2217 nicus,
816 2166 867 2204 et
896 2152 1156 2205 redituros
1184 2152 1441 2224 paulatim
1465 2155 1609 2205 visus

602 2248 913 2301 sensusque.
934 2254 957 2279 ιι

676 2328 727 2380 9.
764 2311 1076 2383 Raptum...
1108 2311 1425 2365 translaticio
1460 2323 1610 2362 extu-

604 2390 673 2445 Iit
690 2390 899 2462 funere.
930 2392 1143 2442 Tacitus
1170 2412 1184 2441 τ
1225 2414 1248 2438 α
1267 2392 1385 2442 Nox
1421 2390 1608 2444 eadem

602 2488 790 2522 necem
810 2470 1093 2522 Britannici
1113 2482 1165 2522 et
1184 2487 1371 2540 rogum
1390 2472 1610 2540 conjun-

600 2551 705 2615 xit,
740 2551 954 2620 proviso
981 2561 1103 2600 ante
1130 2548 1346 2601 funebri
1381 2563 1605 2620 paratu,

602 2629 697 2700 qui
721 2627 963 2680 modicus
986 2627 1103 2678 fuit.
1128 2630 1187 2679 In
1212 2645 1405 2698 campo
1428 2641 1606 2680 tamen

600 2709 789 2760 Martis
819 2707 1057 2778 sepultus
1084 2720 1189 2772 est,
1219 2708 1355 2759 adeo
1382 2709 1606 2760 turbidis

601 2784 889 2850 imbribus,
936 2799 994 2836 ut
1031 2785 1223 2855 vulgus
1259 2788 1392 2836 iram
1433 2789 1606 2840 Deum

600 2864 851 2936 portendi
875 2863 1157 2915 crediderit
1184 2863 1435 2916 adversus
1468 2867 1604 2917 faci·

602 2961 729 3008 nus,
758 2944 845 2994 cui
873 2942 1114 3014 plerique
1141 2943 1297 2994 etiam
1329 2942 1606 2995 hominum

600 3019 983 3096 ignoscebant,
1008 3021 1254 3090 antiquas
1278 3021 1499 3072 fratrum
1525 3019 1606 3072 di·

602 3099 839 3156 scordias
856 3113 909 3150 et
922 3097 1232 3150 insociabile
1244 3117 1458 3169 regnum
1476 3101 1609 3151 aesti-

600 3193 825 3234 mantes.
852 3203 876 3227 υ
914 3178 1173 3250 xiphilin.
1207 3180 1353 3246 LXI,
1393 3197 1454 3249 7,
1492 3180 1607 3230 Bri-

600 3261 805 3312 tannici
837 3276 1061 3329 corpus,
1093 3275 1161 3308 ne
1193 3254 1327 3308 livor
1353 3274 1415 3308 ex
1441 3273 1605 3307 vene-

602 3359 678 3393 no
710 3351 1019 3412 appareret,
1054 3336 1275 3388 oblitum
1304 3355 1468 3408 gypso
1499 3335 1607 3386 ela-

600 3433 714 3472 tum
744 3430 945 3481 narrat,
977 3435 1082 3488 quo
1108 3434 1204 3486 per
1227 3413 1455 3466 subitam
1486 3415 1607 3485 piu-

600 3500 736 3552 viam
760 3497 930 3563 eluto,
954 3497 1160 3548 facinus
1182 3497 1416 3546 omnium
1440 3496 1606 3546 oculis

604 3577 871 3630 detectum
915 3579 997 3628 sit.
1048 3574 1191 3626 idem
1241 3575 1490 3625 Zonaras.
1535 3605 1608 3614 —

602 3657 838 3710 Burrhus
882 3653 1027 3726 apud
1067 3657 1292 3720 Rae-na,
1335 3651 1606 3704 Britanni-

603 3756 716 3803 cus,
754 3750 855 3788 act.
894 3735 956 3798 V,
993 3753 1065 3784 sc.
1098 3731 1158 3796 5,
1189 3749 1372 3782 necem
1408 3732 1604 3781 Britan-

602 3815 710 3866 nici
734 3815 922 3866 refert:

602 3901 633 3940 Α
650 3901 768 3956 peine
782 3899 1021 3955 rempemur
1034 3913 1057 3937 ιι
1070 3912 1121 3938 vu
1138 3897 1253 3938 venir
1266 3909 1338 3938 son
1355 3895 1479 3950 frere,

600 3959 629 4001 ΙΙ
656 3975 697 4003 οε
720 3961 830 4030 leve,
856 3961 883 4002 il
906 3957 1159 4008 umbrasse,
1184 3971 1237 3998 ou
1261 3971 1303 3998 se
1324 3957 1421 4006 tait3
1444 3967 1485 3997 et
1510 3971 1604 3998 sou-

602 4079 725 4124 edu:
736 4020 869 4137 ‹durgd
882 4081 919 4122 le
934 4081 1111 4138 premier
1124 4095 1203 4122 une
1216 4095 1344 4136 coupe
1356 4081 1377 4120 i·
1393 4078 1431 4120 lu
1444 4081 1556 4121 min
1571 4097 1579 4120 ε

604 4141 743 4182 «Pour
764 4141 935 4213 acbever
952 4157 997 4182 ce
1015 4141 1110 4196 jour
1130 4155 1221 4182 sous
1242 4139 1293 4180 de
1312 4137 1517 4182 meilleurs
1537 4155 1602 4180 uu-

733 4215 881 4256 spicea,

1701 1694 1723 1715 ιι
1733 1678 1799 1721 lun
1819 1680 1930 1721 main
1943 1677 1995 1720 de
2013 1686 2120 1721 cette
2135 1692 2263 1735 ooupe
2275 1678 2458 1737 &paucine
2476 1677 2536 1720 les
2553 1678 2700 1735 premi·

1700 1816 1722 1836 κ
1735 1754 2012 1843 Βία-ἰῗεᾶἰειιι
2023 1831 2034 1849 ‚
2054 1814 2131 1857 que
2141 1800 2333 1857 j'nppelle
2346 1804 2368 1842 ᾖ
2381 1810 2488 1844 cette
2501 1800 2678 1843 effinion
2691 1831 2702 1849 .

1701 1878 1724 1899 u
1736 1864 1872 1905 Veuez
1887 1864 2080 1905 favoriser
2093 1872 2210 1905 notre
2227 1863 2413 1905 reunion.
2425 1880 2448 1903 ιι

1699 1925 1776 1965 Par
1788 1924 1847 1967 les
1860 1928 2014 1967 memes
2027 1938 2214 1967 sennen·
2226 1924 2486 1965 Britannicus
2495 1936 2536 1965 se
2550 1921 2618 1965 lie.

1698 1983 1755 2025 La
1765 1998 1894 2057 eoupe
1906 1984 2008 2026 dans
2021 1998 2084 2026 ses
2099 1986 2231 2027 mains
2245 1999 2316 2041 par
2331 1985 2513 2027 Numine
2527 1992 2590 2024 est
2603 1994 2706 2024 rem-

1699 2105 1802 2147 Maia
1815 2045 2017 2149 sgilleeirres
2025 2108 2046 2147 s
2058 2108 2176 2163 peine
2185 2122 2238 2148 cn
2249 2118 2323 2149 ont
2333 2105 2480 2149 touch&
2491 2105 2550 2147 les
2558 2104 2682 2147 bords
2692 2136 2705 2155 ‚

1699 2168 1753 2210 Le
1769 2168 1830 2209 fer
1843 2183 1895 2211 ne
1909 2168 2074 2225 produit
2094 2170 2210 2225 point
2225 2167 2277 2210 de
2291 2170 2325 2211 si
2340 2170 2524 2225 puisun·
2537 2168 2706 2219 efforts,

1701 2228 1888 2271 Madame
1898 2261 1910 2282 ,
1925 2230 1964 2271 la
1976 2229 2148 2272 lumiisre
2162 2234 2183 2271 in
2199 2246 2261 2273 ses
2275 2246 2376 2287 yeux
2390 2241 2450 2273 est
2466 2230 2596 2281 ravie;

1698 2289 1731 2331 11
1747 2290 1885 2332 tumbe
1901 2306 1971 2333 sur
1983 2306 2058 2332 son
2071 2290 2121 2333 lit
2133 2306 2227 2334 snus
2241 2291 2406 2333 chuleur
2419 2302 2462 2332 et
2477 2306 2570 2333 sans
2581 2290 2662 2333 vie.

1697 2354 1818 2407 Jugez
1825 2355 2016 2396 combien
2030 2370 2076 2397 ce
2085 2369 2190 2411 coup
2205 2356 2346 2411 frnppe
2358 2356 2524 2396 tous.lcs
2533 2355 2680 2410 σφι-ἰὴ
2692 2370 2702 2395 :

1697 2416 1753 2456 Lu
1767 2416 1907 2458 moitie
1919 2416 2177 2473 s'cipouvante
2187 2447 2199 2465 ,
2215 2426 2257 2457 et
2269 2424 2357 2458 sort
2368 2430 2464 2456 avec
2479 2414 2550 2456 des
2565 2414 2665 2463 criu

1697 2477 1798 2520 Mais
1807 2492 1906 2522 ceux
1913 2479 1982 2536 qui
1993 2477 2045 2520 de
2056 2480 2092 2522 ln
2103 2493 2202 2522 cour
2211 2488 2286 2522 ont
2299 2492 2356 2520 un
2371 2478 2464 2535 plus
2475 2478 2574 2532 long
2583 2490 2702 2532 usage

1697 2539 1777 2580 Sur
1788 2539 1848 2581 les
1862 2555 1963 2598 yeux
1977 2540 2028 2583 de
2042 2541 2165 2583 cesar
2177 2550 2414 2596 composent
2427 2541 2517 2582 leur
2530 2541 2676 2593 visnge.

1698 2601 1958 2657 Cependant‚
1974 2618 2042 2646 sur
2055 2617 2128 2646 sou
2142 2602 2194 2644 lit
2209 2601 2235 2642 il
2251 2600 2444 2642 demente
2458 2600 2639 2657 pench&

1698 2662 1873 2705 D'aucun
1887 2665 2155 2707 e¹tonnemcnt
2169 2663 2198 2705 il
2215 2678 2266 2705 ue
2279 2668 2411 2719 paruit
2427 2661 2594 2704 touche:

1699 2739 1722 2760 u
1733 2725 1790 2766 ce
1799 2725 1882 2766 mal
1893 2724 1996 2767 dont
2003 2740 2103 2768 vous
2112 2726 2308 2777 misnen,
2323 2722 2441 2773 dit-il,
2457 2723 2494 2764 la
2505 2722 2700 2770 violence,

1697 2799 1721 2822 α
1732 2787 1765 2826 Α
1781 2796 1952 2828 souvent
1967 2800 2059 2828 sans
2073 2784 2174 2841 peril
2189 2782 2354 2838 :ittaque
2367 2797 2441 2824 son
2455 2783 2642 2826 casanae.
2657 2800 2680 2823 ιι

1695 2845 1878 2888 Nan-cisse
1891 2856 1987 2888 veut
2000 2862 2052 2887 en
2067 2847 2158 2887 vain
2172 2845 2342 2884 affecten-
2355 2842 2641 2898 quelqu'ennui
2653 2875 2664 2892 ,

1695 2905 1748 2946 Et
1758 2919 1800 2948 sa
1815 2905 1967 2961 perfide
1977 2908 2062 2962 joie
2074 2904 2203 2946 delate
2218 2901 2372 2956 malm-e
2385 2901 2458 2944 lui.

1775 3001 1853 3037 ιο.
1891 2985 2324 3058 Impunitatem...
2351 2981 2504 3034 dedit.
2531 2983 2696 3033 Dein-

1695 3078 1818 3116 nata
1841 3067 1980 3117 enim
1998 3065 2174 3116 fuerat
2193 3061 2459 3128 veneficii,
2479 3073 2698 3113 auctore

1695 3144 1864 3196 Tacit.
1895 3144 2084 3196 Annai.
2119 3145 2245 3206 XII,
2281 3140 2367 3194 66.
2405 3138 2590 3192 Aliena
2619 3153 2700 3194 est

1697 3234 1750 3273 et
1777 3222 2066 3294 rejicienda
2097 3220 2358 3274 correctio
2393 3219 2696 3270 immunita-

1699 3312 1817 3352 tem.
1843 3329 1914 3340 —-
1933 3302 2012 3353 De
2030 3299 2300 3372 discipulis
2317 3300 2581 3350 consentit
2602 3300 2700 3349 Ju-

1696 3380 1866 3432 venal.
1895 3381 1999 3433 Sat.
2032 3384 2086 3449 1,
2117 3397 2201 3451 71.

1767 3469 2003 3521 xxxiv.
2039 3486 2082 3520 1.
2107 3467 2500 3539 Abductaque...
2525 3467 2700 3518 statio-

1696 3565 1859 3599 ηοω..
1884 3546 2102 3619 expulit.
2127 3549 2294 3598 Tacit.
2319 3544 2513 3598 Annal.
2548 3543 2666 3596 xm
2680 3581 2697 3608 ‚

1701 3626 1794 3678 18:
1831 3649 1852 3672 ι
1872 3625 2134 3678 Excubias
2163 3624 2442 3690 militares,
2473 3641 2615 3694 quae,
2641 3636 2700 3674 ut

1696 3707 1909 3776 conjugi
1946 3707 2280 3777 imperatoris
2311 3704 2470 3768 olim,
2508 3715 2620 3754 tum
2648 3715 2701 3754 et

1695 3797 1753 3835 ut
1769 3786 1918 3834 matri
1937 3782 2300 3846 servabantur,
2321 3793 2374 3832 et
2389 3781 2698 3845 Germanos,

1697 3883 1857 3934 super
1875 3863 2118 3915 eumdem
2137 3861 2423 3928 honorem,
2449 3857 2698 3910 custodes

1699 3943 1910 3994 additos
1925 3983 1941 4010 ‚
1961 3943 2177 4014 degredi
2191 3941 2360 4013 jubet.
2383 3944 2481 4005 Ac,
2503 3959 2570 3990 ne
2589 3955 2700 3990 (ιω-

1696 4037 1754 4074 tu
1775 4023 2115 4075 salutantium
2133 4024 2559 4092 frequentaretur
2572 4055 2588 4083 ‚
2615 4034 2700 4068 se-

1693 4117 1845 4174 parat
1857 4103 2096 4171 domum,
2107 4113 2432 4170 matremque
2447 4098 2700 4150 transfert

1694 4186 1747 4235 in
1769 4202 1914 4250 eam,
1937 4201 2054 4254 quae
2077 4183 2314 4234 Antonine
2337 4181 2538 4242 fuerat3
2561 4195 2665 4249 quo
2689 4202 2696 4210 ·
