3050 5004
1174 458 1455 527 NERO.
2243 458 2370 549 ¹⁵9

265 609 393 683 que
426 588 697 655 Senecae
718 636 735 667 ,
752 580 901 677 jam
932 598 1099 669 tunc
1128 584 1433 653 Senatori
1452 634 1469 665 ,
1498 584 1572 649 in
1599 580 2026 675 disciplinam
2059 580 2370 653 traditus.

262 705 513 767 Ferunt
530 750 549 783 ,
582 701 909 767 Senecam
939 696 1249 789 proxima
1280 709 1477 763 nocte
1507 696 1732 762 visum
1763 694 1894 763 sibi
1917 718 2044 788 per
2075 698 2374 791 quietem

262 814 331 879 C.
368 812 617 879 Caesari
654 811 1065 902 praecipere:
1102 822 1171 875 et
1198 804 1405 875 fidem
1442 808 1708 875 somnio
1745 812 1922 875 Nero
1957 806 2149 876 brevi
2182 808 2375 891 fecit,

262 920 529 1015 prodita
548 911 968 989 immanitate
996 933 1259 987 naturae
1272 970 1291 1001 ,
1320 917 1570 1012 quibus
1600 920 1900 1012 primum
1931 923 2154 1013 potuit
2175 944 2378 1015 expe-

264 1034 588 1101 rimentis,
638 1036 950 1125 Namque
992 1032 1447 1097 Britannicum
1496 1028 1776 1097 fratr·-
1799 1082 1818 1112 ,
1869 1030 2056 1125 quod
2101 1016 2176 1099 se
2223 1049 2380 1126 post

262 1143 698 1238 adoptionem
718 1144 1277 1209 AENOBARBUM
1308 1165 1393 1209 ex
1424 1140 1916 1211 consuetudine
1943 1143 2376 1226 ²salutasset,

264 1273 339 1325 ut
362 1255 783 1325 subditivum
804 1253 991 1347 apud
1019 1270 1283 1347 patrem
1314 1278 1600 1347 arguere
1624 1272 1905 1323 conatus
1935 1273 2058 1325 est.
2087 1259 2380 1325 Amitam

263 1386 497 1437 autem
520 1366 891 1461 Lepidam3
919 1390 1107 1435 ream
1138 1369 1528 1436 testimonio
1561 1390 1788 1435 coram
1821 1366 2090 1449 afflixit,
2129 1367 2380 1461 gratifi-

266 1504 427 1549 cans
462 1484 707 1563 matri,
742 1504 785 1546 a
820 1503 959 1574 qua
992 1502 1111 1545 rea
1145 1478 1602 1571 premebatur.
1641 1478 1986 1547 Deductus
2020 1482 2090 1545 in
2130 1486 2382 1547 Forum
2437 1464 2446 1471 ¹

268 1591 475 1677 marck,
515 1590 775 1687 populo
818 1593 1235 1683 congiarium
1254 1642 1271 1673 ,
1308 1590 1505 1659 militi
1549 1590 1942 1659 donativum
1983 1596 2378 1684 proposuit:

266 1701 657 1798 indictaque
698 1700 1103 1771 decursione
1117 1702 1140 1741 ⁵
1187 1704 1610 1794 praetorianis
1627 1754 1646 1785 ‚
1691 1718 1962 1770 scutum
2005 1725 2130 1769 sua
2174 1727 2384 1771 manu

266 1813 603 1907 proetulit:
634 1816 792 1883 exin
818 1815 994 1907 patri
1022 1815 1267 1905 gratias
1292 1814 1365 1879 in
1388 1817 1640 1883 Senatu
1663 1816 1818 1905 egit.
1863 1812 2060 1905 Apud
2089 1810 2384 1881 eundem

268 1924 637 1993 Consulem
670 1948 801 2018 pro
827 1922 1361 1993 Bononiensibus
1394 1926 1634 1993 Latine
1653 1976 1672 2006 ,
1709 1948 1838 2016 pro
1873 1921 2152 1993 Rhodiis
2179 1940 2384 2020 atque

272 2033 631 2105 Iliensibus
660 2037 893 2103 Graece
929 2033 1137 2102 verba
1172 2030 1393 2101 fecit⁶.
1434 2036 1840 2127 Auspicatns
1875 2050 1980 2102 est
2017 2051 2085 2101 et
2111 2030 2388 2127 jurisdi-

271 2149 563 2215 ctionem
598 2146 959 2215 Praefectus
993 2144 1195 2213 Urbi⁷
1227 2168 1421 2213 sacro
1457 2148 1856 2215 Latinarum
1873 2200 1890 2231 ,
1931 2144 2386 2217 celeberrimis
2479 2121 2488 2147 ἶ

272 2355 663 2428 Oudendorpio
694 2354 761 2407 ad
784 2367 951 2408 nostr.
980 2354 1283 2409 Facillimus
1372 2356 1658 2411 videretur.
1691 2360 1756 2409 Et
1778 2357 1954 2410 Coesar
1985 2356 2386 2413 adulationibus

274 2455 417 2489 error
438 2438 499 2489 in
532 2437 769 2489 numeris
794 2434 901 2504 XI,
933 2434 1015 2488 vel
1046 2435 1177 2504 XII,
1202 2434 1285 2488 vel
1374 2438 1599 2491 Senatus
1641 2438 1814 2491 libens
1857 2440 2014 2490 cessit
2033 2475 2051 2505 ‚
2093 2452 2154 2490 ut
2197 2440 2388 2491 vicesi-

346 2615 395 2650 2.
438 2596 595 2667 Quod
610 2613 721 2649 se...
748 2594 1173 2649 AEnobarbum...
1204 2613 1288 2648 so-

276 2675 491 2730 lutasset
506 2715 525 2744 ,
570 2688 671 2728 etc.
709 2674 880 2726 Tacit.
920 2673 1115 2726 Annal.
1153 2675 1251 2726 ΧΠ
1270 2712 1289 2742 ,

274 2754 337 2822 41
358 2778 373 2808 ε
406 2779 431 2802 ι
450 2755 611 2808 obvii
632 2756 771 2807 inter
797 2771 853 2806 se
868 2790 885 2819 ‚
913 2751 1059 2804 Nero
1083 2753 1287 2806 Britan-

278 2837 455 2888 nicum
479 2836 699 2886 nomine
714 2869 733 2899 ,
766 2831 853 2884 ille
885 2832 1179 2884 Domitium
1204 2851 1291 2886 sn·-

277 2913 531 2968 lutavere.
557 2911 751 2983 Quod,
782 2925 845 2965 ut
876 2911 1156 2966 discordie
1187 2915 1291 2966 ini-

279 2999 441 3064 tium,
466 2997 765 3068 Agrippina
794 2992 964 3046 multo
998 3007 1191 3066 questu
1224 2993 1294 3046 ad

280 3078 527 3128 maritum
546 3073 750 3128 defert:
776 3073 959 3145 sperni
976 3075 1177 3146 qnippe
1200 3073 1293 3126 ad-

280 3157 589 3228 optionem;
618 3171 845 3226 queque
870 3155 1175 3206 censuerint
1196 3155 1293 3206 Pn-

280 3248 419 3301 tres‚
439 3235 659 3306 jusserit
680 3232 917 3305 populus
933 3271 951 3300 ,
974 3234 1113 3286 intra
1136 3235 1295 3286 Pena-

283 3326 361 3366 tes
382 3313 665 3382 abrogari:
692 3331 757 3366 ac
772 3350 791 3380 ,
812 3313 913 3366 nisi
931 3315 1165 3383 pravitas
1186 3327 1295 3366 tam

282 3391 489 3444 infensa
528 3390 838 3444 docentium
874 3404 1135 3458 arceatur,
1172 3409 1295 3444 ern-

282 3485 437 3542 ptura
456 3471 513 3522 in
535 3470 809 3541 publicam
826 3471 1135 3542 perniciem.
1158 3495 1181 3518 ιι

354 3552 407 3604 3.
445 3550 760 3602 Amitam...
792 3548 1079 3620 Lepidam3
1116 3549 1293 3602 Domi-

284 3632 413 3684 tiam
434 3629 693 3700 Lepidam
710 3666 727 3695 ‚
755 3647 917 3700 qnam
942 3627 1205 3699 perditam
1228 3625 1295 3678 ab

285 3710 581 3781 Agrippina
599 3745 617 3775 ,
631 3721 811 3760 narrat
828 3708 1045 3760 Tacitus
1059 3745 1077 3775 ,
1100 3706 1294 3760 Annei.

285 3789 383 3844 111
396 3827 415 3856 ‚
444 3789 533 3854 64.

360 3869 415 3936 4.
442 3867 704 3920 Deductus
723 3867 779 3918 in
798 3867 995 3919 Eorum
1021 3867 1121 3920 tiro
1129 3886 1149 3928 ,·
1164 3883 1296 3938 nnn.

291 3948 411 4004 805.
440 3950 611 4002 Tacit.
646 3946 841 4000 Annal.
882 3947 1007 4014 XII,
1040 3947 1099 4015 41
1126 3969 1139 3998 ε
1176 3948 1299 3999 «Ti.

289 4027 513 4096 Claudio
555 4031 635 4094 V,
679 4027 789 4080 Ser·
836 4025 1085 4078 Cornelio
1127 4025 1301 4078 Orfito

292 4109 463 4178 Coss„
476 4105 641 4162 virilis
660 4120 787 4178 toga
800 4107 1003 4160 Neroni
1016 4119 1303 4174 maturata,

296 4207 401 4261 quo
440 4188 777 4262 capessenda
816 4187 1065 4260 Reipubl.
1106 4186 1301 4241 habilis

1374 2537 1465 2570 mo
1500 2519 1668 2570 etatis
1701 2535 1846 2570 anno
1875 2515 2215 2569 consulatum
2244 2521 2388 2570 Nero

1372 2599 1534 2648 iniret
1553 2635 1570 2662 ‚
1617 2611 1781 2668 atque
1821 2598 2034 2648 interim
2081 2596 2389 2668 designatus

1378 2676 1766 2749 proconsulare
1799 2678 2078 2749 imperium
2111 2691 2258 2730 extra
2289 2679 2393 2730 Ur-

1378 2757 1503 2809 bem
1540 2755 1792 2824 habetet,
1821 2775 1886 2808 ac
1913 2759 2164 2828 Princeps
2200 2761 2390 2829 juven-

1380 2839 1509 2888 tutis
1533 2834 1909 2908 appellaretur.
1937 2835 2193 2889 Additum
2217 2841 2395 2892 nomi-

1380 2933 1451 2968 ne
1479 2918 1594 2987 ejus
1617 2917 1930 2969 donativum
1959 2917 2146 2987 militi,
2175 2921 2394 2993 congia·

1381 2996 1519 3046 rium
1547 2995 1713 3066 plebi.
1737 3020 1760 3043 ιι

1454 3072 1505 3126 5.
1555 3075 1868 3148 Indis-taque
1907 3074 2206 3130 det-unione
2223 3099 2244 3140 ,-
2290 3097 2396 3150 qua

1384 3153 1578 3208 milites
1602 3157 2003 3210 exercebantur.
2030 3159 2184 3211 Conf.
2207 3161 2395 3234 Veget.

1382 3232 1477 3285 lib.
1496 3236 1535 3286 1.
1551 3235 1692 3286 Infra
1707 3275 1724 3300 ,
1747 3234 1901 3288 calb.
1919 3237 1982 3304 6,
2003 3259 2026 3284 ι
2041 3253 2396 3311 campestrem

1382 3313 1756 3366 decursionem
1776 3327 1929 3382 scuto
1949 3315 2274 3372 moderatus.
2297 3341 2319 3368 ι

1454 3397 1507 3449 6.
1545 3399 1652 3448 Pro
1687 3397 2112 3452 Bononiensibus.
2133 3439 2145 3452 .
2166 3440 2177 3451 .
2200 3436 2213 3451 .
2245 3403 2398 3454 verba

1374 3475 1528 3547 fecit.
1553 3479 1724 3529 Tac'it.
1749 3477 1941 3530 Annal.
1969 3479 2066 3532 XII
2081 3518 2097 3543 ‚
2124 3479 2191 3532 58
2207 3520 2224 3547 ,
2253 3503 2275 3528 ι
2295 3483 2398 3534 Eo-

1382 3555 1511 3608 dem
1535 3553 1814 3628 (Nerone)
1839 3569 2050 3610 oratore
2075 3561 2400 3616 Bononiensi

1383 3634 1644 3698 coloniae,
1672 3636 1783 3706 igni
1815 3634 2046 3702 haustae,
2083 3639 2397 3696 subventum

1388 3717 1590 3766 centies
1632 3714 1868 3767 Sestertii
1909 3715 2218 3790 largitione3
2239 3745 2260 3770 a·
2304 3722 2400 3775 ubi

1386 3791 1457 3844 de
1496 3793 1711 3846 Rhodiis
1747 3809 1910 3866 atque
1947 3796 2226 3853 Iliensibus
2261 3801 2396 3854 vide.

1389 3873 1471 3926 Cf.
1492 3872 1563 3924 ad
1587 3871 1775 3925 Claud.
1808 3872 1891 3926 25.

1462 3969 1511 4022 7.
1538 3951 1830 4026 Proefectus
1849 3953 1988 4006 Urbi.
2011 3955 2166 4008 Conf.
2185 3955 2256 4009 ad
2269 3958 2397 4013 Caes.

1390 4029 1459 4101 76
1476 4042 1531 4081 et
1557 4047 1642 4100 79.
1669 4061 1742 4072 -
1763 4030 2151 4087 Postulatt‘ones
2174 4035 2402 4108 inqerere

1390 4123 1471 4162 est
1498 4127 1688 4163 causas
1715 4111 1956 4184 proferre
1971 4149 1990 4180 ‚
2014 4111 2084 4165 de
2105 4112 2300 4186 quibus
2319 4117 2402 4186 jn·

1392 4187 1614 4241 dicaret.
