3050 5004
1172 525 1507 589 GALBA.
2253 527 2384 594 261

300 653 431 720 uici
464 666 586 718 aut
621 651 863 742 xystici
904 649 1232 718 donatum
1268 649 1429 718 olim
1478 647 1972 735 vendidissent,
2011 652 2390 722 auferretur

300 757 711 845 emtoribus),
744 760 1018 856 quando
1062 761 1194 844 illi,
1226 762 1541 830 absumto
1582 767 1828 854 pretio,
1867 762 2124 831 solvere
2165 767 2399 858 nequi·

298 891 466 943 rent.
492 881 579 942 At
600 891 835 966 contra
855 927 872 958 ,
896 873 1065 941 nihil
1091 899 1231 942 non
1255 899 1379 968 per
1402 877 1680 942 comites
1712 893 1914 969 atque
1951 875 2226 944 libertos
2251 899 2394 969 pre-

300 987 391 1052 tio
412 982 670 1052 addici³
692 1039 709 1068 ‚
746 1001 865 1052 aut
898 984 1135 1052 donari
1170 988 1377 1078 gratia
1408 1007 1649 1078 passus
1688 1003 1821 1066 est,
1857 985 2202 1078 vectigalia
2224 1039 2239 1068 ,
2279 989 2392 1052 im-

297 1101 702 1181 munitates,
728 1121 961 1190 poenas
998 1101 1494 1180 innocentium,
1533 1099 1967 1190 impunitates
2009 1102 2390 1166 noxiorum.

299 1210 479 1293 Quin
505 1211 737 1290 etiam,
766 1207 1021 1300 populo
1054 1211 1355 1274 Romano
1389 1207 1794 1301 deposcente
1831 1208 2237 1302 supplicium
2273 1213 2398 1276 Ha·

300 1315 459 1385 loti⁴
500 1335 569 1385 et
601 1313 986 1410 Tigelli'ni⁵‚
1020 1319 1197 1386 solos
1234 1343 1317 1387 ex
1352 1317 1667 1386 omnibus
1711 1321 1994 1386 Neronis
2034 1321 2394 1388 emissariis

298 1427 409 1496 vel
442 1425 1089 1498 maleficentissimos
1115 1429 1489 1498 incolumes
1514 1431 1860 1522 praestitit:
1890 1445 2093 1524 atque
2119 1433 2398 1524 insuper

302 1537 627 1606 Halotum
656 1544 1127 1632 procuratione
1158 1539 1574 1632 amplissima
1597 1542 1879 1609 ornavit.
1914 1547 2041 1608 Pro
2063 1541 2396 1634 Tigellino

301 1652 503 1718 etiam
528 1653 801 1718 saevitiae
827 1651 1159 1744 populum
1180 1653 1517 1743 increpuit
1542 1649 1812 1718 edicto⁶.

391 1774 570 1837 XVI.
622 1776 747 1838 Per
774 1769 919 1838 haec
942 1795 1153 1864 prope
1178 1773 1507 1840 universis
1533 1771 1882 1839 ordinibus
1908 1769 2182 1838 offensis
2199 1783 2220 1858 ,¹
2241 1825 2258 1854 ,
2291 1752 2398 1843 {rel

207 1912 218 1923 ’
302 1881 647 1974 praecipua
684 1879 1010 1972 flagrabat
1047 1881 1297 1948 invidia
1334 1879 1514 1974 apud
1555 1880 1819 1948 milites,
1869 1885 2039 1947 Nam
2079 1907 2291 1975 quum
2327 1885 2402 1950 in

302 1989 516 2056 verba
540 1987 599 2082 ej
609 2014 687 2057 us
711 1990 1007 2059 absentis
1026 1990 1411 2084 jurantibus
1436 1990 1833 2059 donativum
1857 1989 2176 2083 grandius
2203 1990 2400 2060 solito

301 2105 651 2195 praepositi
684 2106 1315 2196 pronunciassenv,
1345 2128 1568 2200 neque
1605 2123 1820 2172 raoem
1853 2127 1997 2173 rem
2033 2103 2299 2186 habuit,
2335 2119 2410 2174 et

374 2329 423 2382 3.
449 2327 659 2382 Addici.
686 2329 765 2382 Al.
791 2331 1023 2403 adipisci.
1050 2329 1186 2383 Illud
1211 2351 1307 2402 op-

304 2410 552 2460 timorum
586 2408 927 2480 interpretum
956 2409 1160 2480 judicio
1186 2412 1305 2481 jure

302 2486 577 2557 praelatum
607 2501 699 2539 est.
726 2489 806 2541 De
830 2490 1196 2559 sequentibus,
1224 2508 1307 2541 ve-

302 2565 594 2637 ctiqalia....
634 2568 967 2637 impunitates
994 2571 1304 2636 noxiorum,

300 2643 421 2696 vide
446 2660 559 2697 uot.
584 2644 655 2697 ad
677 2646 861 2698 Claud.
890 2664 972 2716 29.

372 2724 421 2792 4.
444 2724 650 2777 Haloti.
671 2725 749 2776 De
768 2724 871 2777 hoc
891 2726 1009 2777 vide
1030 2726 1095 2777 ad
1116 2724 1301 2779 Claud.

302 2820 419 2873 cap.
448 2802 535 2870 44.

374 2882 425 2935 5.
462 2884 537 2935 Et
560 2883 831 2956 Tigellini.
860 2887 940 2937 De
966 2884 1187 2956 Sofonio
1214 2875 1306 2937 Ti-

296 2962 501 3035 qellino
513 3001 531 3029 ,
554 2965 809 3017 Pratfecto
826 2966 1074 3017 Praetorio
1092 2966 1190 3017 sub
1206 2966 1307 3018 Ne-

302 3060 466 3107 rone,
500 3042 620 3095 vide
651 3044 929 3111 Tacitum,
958 3045 1148 3097 Annal.
1185 3046 1307 3097 xlv

298 3136 351 3174 et
390 3124 487 3174 XV
518 3124 741 3195 paesium
770 3125 901 3175 Hist.
936 3124 989 3185 1,
1028 3140 1111 3193 72.
1147 3124 1299 3176 conf.

300 3202 443 3273 Lipa.
472 3202 540 3255 ad
562 3202 751 3255 Annal.
772 3204 908 3269 XIV,
931 3202 989 3255 51
1011 3225 1025 3265 ;
1045 3203 1213 3256 schol.
1236 3203 1305 3255 ad

298 3282 539 3334 Juvenal.
570 3284 675 3336 Sat.
706 3286 755 3347 l,
792 3282 905 3337 155.
938 3284 1165 3337 Mortem
1191 3286 1303 3355 ejus

300 3360 551 3414 describit
575 3364 729 3414 etiam
758 3362 1017 3415 Plutarch.
1044 3359 1170 3417 Oth.
1201 3382 1247 3415 2.

370 3442 421 3493 6.
452 3442 557 3492 Pro
582 3438 853 3512 Tigellino
870 3444 1047 3493 etrum.
1063 3480 1076 3493 .
1092 3482 1103 3493 .
1125 3462 1303 3514 popu-

302 3518 411 3570 lum
440 3520 699 3593 increpuit
726 3520 913 3573 edicto.
938 3520 1072 3573 Vide
1102 3520 1302 3592 Xiphil.

298 3599 483 3663 LXIV,
508 3598 567 3660 33
593 3601 815 3651 maxime
838 3599 974 3650 Plut.
1000 3598 1153 3650 Galb.
1188 3616 1266 3669 17.

370 3678 507 3728 XVI.
554 3694 598 3729 1.
638 3678 744 3729 Per
766 3678 873 3730 hoec
888 3696 1108 3749 prope...
1132 3678 1305 3748 offen-

300 3756 390 3820 sis,
415 3769 519 3808 etc.
556 3757 729 3829 Prope
752 3756 921 3823 edidi,
944 3774 1051 3807 non
1068 3766 1302 3829 propere,

302 3850 357 3887 et
388 3836 459 3889 ob
491 3836 834 3906 elegantiam,
872 3856 984 3909 quae
1016 3850 1092 3888 est
1126 3838 1177 3888 in
1212 3834 1302 3887 illo

302 3912 545 3965 modeste
570 3912 783 3981 addito,
813 3914 955 3986 quod
978 3917 1304 3985 monuitjam

304 3992 563 4055 W'olliu53
585 4006 637 4043 et
659 3994 803 4065 quod
832 3994 1056 4047 universi
1085 3994 1303 4060 ordines,

304 4084 363 4121 ut
383 4090 546 4142 saepe,
563 4090 674 4123 esse
694 4085 919 4145 possunt
934 4073 1173 4125 homines
1191 4074 1305 4124 uni-

304 4170 575 4203 versorum
598 4152 868 4215 ordinum3
891 4153 1136 4225 denique,
1164 4152 1307 4225 quod

306 4246 411 4281 nun
438 4230 617 4302 placet
638 4249 858 4303 propere
880 4233 952 4284 ita
983 4232 1182 4284 dictum
1208 4251 1306 4303 pro

1397 2331 1561 2395 brevi,
1593 2330 1684 2382 ubi
1709 2351 1816 2384 nou
1834 2369 1849 2396 ,
1880 2329 2006 2408 quid
2029 2329 2196 2382 Galba
2211 2329 2406 2402 fecerit

1396 2429 1516 2462 cum
1545 2412 1880 2462 festinatione
1906 2424 1956 2462 et
1979 2412 2178 2482 impetu
2202 2409 2400 2479 aliquo,

1395 2488 1487 2541 sed
1522 2489 1647 2561 quid
1677 2492 1724 2541 ei
1757 2489 2026 2555 acciderit,
2057 2489 2406 2561 significatur..

1394 2571 1724 2639 Ingeniosam
1778 2570 2138 2639 conjecturam
2194 2586 2398 2618 mecum

1397 2650 1806 2699 communicavit
1823 2646 2073 2698 Mullerus
2089 2687 2105 2711 ,
2131 2670 2152 2692 α
2169 2648 2267 2697 Per
2287 2645 2396 2697 haec

1390 2726 1603 2799 probra,
1631 2738 1729 2779 etc.
1749 2750 1770 2773 ιι
1811 2725 2014 2778 Deinde
2035 2726 2251 2798 offensis
2276 2722 2414 2777 cum'

1394 2806 1642 2860 Oudend.
1662 2819 1714 2858 et
1727 2807 1926 2859 'Wolfio
1942 2805 2017 2877 (in
2033 2806 2180 2877 nota)
2195 2804 2400 2877 praetuli

1394 2883 1537 2954 vulg.
1557 2884 1820 2957 offensus,
1852 2886 2105 2955 quoniam
2132 2883 2237 2936 hoc
2267 2884 2400 2936 Sue·

1394 2966 1542 3017 tonio
1581 2979 1659 3017 est
1698 2965 1950 3037 infensus,
2004 2984 2276 3037 nunquam
2314 2964 2402 3015 in-

1396 3046 1557 3113 visus,
1574 3064 1893 3117 quamquam
1912 3064 2034 3099 usus
2049 3044 2208 3113 hujus
2224 3063 2400 3096 exem-

1393 3122 1482 3195 pla
1510 3124 1859 3178 Casaubonus
1885 3140 1935 3178 et
1959 3126 2228 3177 Ernestius
2257 3138 2400 3176 attu-

1394 3200 1570 3254 lerunt
1594 3206 1959 3257 Ciceroniana.
1993 3205 2118 3255 Mox
2127 3204 2404 3279 flaqrabat

1394 3300 1425 3333 e
1462 3282 1676 3334 Momm.
1714 3284 1935 3355 aliisque
1968 3282 2138 3336 codd.
2171 3296 2222 3333 et
2254 3300 2399 3333 more

1394 3362 1629 3414 Suetonii
1656 3382 1774 3414 cum
1800 3364 1974 3414 Burni.
2004 3376 2160 3433 atque
2190 3364 2395 3412 Ernest.

1394 3440 1533 3492 edidi
1561 3458 1660 3511 pro
1686 3440 1948 3513 flagravit.
1985 3442 2101 3491 Hoc
2132 3459 2226 3510 per
2249 3442 2403 3490 incu-

1394 3522 1525 3571 riam
1551 3520 1604 3570 iu
1635 3532 1779 3570 textu
1809 3520 2020 3591 reliquit
2045 3516 2406 3589 Oudendorp.

1396 3617 1556 3669 quum
1585 3598 1716 3649 illud
1739 3600 1790 3649 iu
1812 3614 1940 3651 nota
1963 3598 2366 3670 comprobasset
2383 3637 2400 3666 ,

1395 3690 1447 3728 et
1476 3677 1778 3746 reposuisse
1808 3698 1860 3730 se
1890 3680 2200 3750 scripsisset.
2374 3682 2380 3687 ’

1467 3772 1515 3806 2.
1567 3756 1707 3808 Nam
1738 3774 1976 3828 quum....
2012 3756 2398 3807 donativum....

1390 3835 1850 3906 pronunciassent5
1883 3835 2266 3906 promisissent.
2316 3834 2398 3886 cf.

1398 3915 1619 3965 omnino
1641 3913 1904 3965 Plutarch.
1929 3911 2085 3963 Galb.
2115 3928 2161 3961 2.
2188 3911 2406 3980 Praepo-

1393 3995 1512 4045 εἰὶσε
1550 3993 1784 4065 intellige
1821 3990 2200 4065 Nymphidium
2222 4027 2238 4053 ,
2267 3992 2403 4039 1³1·ae-

1395 4074 1594 4124 fectum
1615 4074 1859 4123 l’raetorio
1871 4112 1886 4137 ‚
1901 4087 1953 4123 et
1968 4070 2200 4141 reliquos
2211 4066 2372 4119 duces
2386 4109 2401 4136 ,

1398 4154 1489 4221 qui
1506 4156 1620 4222 ejus
1634 4153 1914 4223 imperium
1933 4164 1984 4203 et
2004 4148 2300 4221 exemplum
2319 4168 2404 4201 se·
2497 4174 2502 4179 ·

1397 4231 1715 4301 quebaxttu=·.
