<?xml version="1.0" encoding="UTF-8"?>
<!DOCTYPE html PUBLIC "-//W3C//DTD XHTML 1.0 Transitional//EN"
    "http://www.w3.org/TR/xhtml1/DTD/xhtml1-transitional.dtd">
<html xmlns="http://www.w3.org/1999/xhtml" xml:lang="en" lang="en">
 <head>
  <title>
</title>
<meta http-equiv="Content-Type" content="text/html;charset=utf-8" />
  <meta name='ocr-system' content='tesseract 3.04.00' />
  <meta name='ocr-capabilities' content='ocr_page ocr_carea ocr_par ocr_line ocrx_word'/>
</head>
<body>
  <div class='ocr_page' id='page_1' title='image "./csuetoniitranqu09suetgoog_0030.png"; bbox 0 0 3050 5004; ppageno 0'>
   <div class='ocr_carea' id='block_1_1' title="bbox 24 1155 30 1738">
    <p class='ocr_par' dir='ltr' id='par_1_1' title="bbox 24 1155 30 1738">
     <span class='ocr_line' id='line_1_1' title="bbox 24 1155 30 1738; baseline 0 0"><span class='ocrx_word' id='word_1_1' title='bbox 24 1155 30 1738; x_wconf 95' lang='lat' dir='ltr'><strong> </strong></span> 
     </span>
    </p>
   </div>
   <div class='ocr_carea' id='block_1_2' title="bbox 1015 440 2324 538">
    <p class='ocr_par' dir='ltr' id='par_1_2' title="bbox 1015 440 2324 538">
     <span class='ocr_line' id='line_1_2' title="bbox 1015 440 2324 538; baseline 0.005 -33"><span class='ocrx_word' id='word_1_2' title='bbox 1015 440 1527 507; x_wconf 74' lang='lat' dir='ltr'><strong>cAmcULA.</strong></span> <span class='ocrx_word' id='word_1_3' title='bbox 2249 467 2324 538; x_wconf 77' lang='lat'><strong>¹7</strong></span> 
     </span>
    </p>
   </div>
   <div class='ocr_carea' id='block_1_3' title="bbox 219 568 2347 2326">
    <p class='ocr_par' dir='ltr' id='par_1_3' title="bbox 219 568 2343 1881">
     <span class='ocr_line' id='line_1_3' title="bbox 221 568 2330 665; baseline 0 -24"><span class='ocrx_word' id='word_1_4' title='bbox 221 590 346 655; x_wconf 85' lang='lat' dir='ltr'><strong>set,</strong></span> <span class='ocrx_word' id='word_1_5' title='bbox 373 587 532 640; x_wconf 81' lang='lat' dir='ltr'><strong>vota</strong></span> <span class='ocrx_word' id='word_1_6' title='bbox 557 594 687 665; x_wconf 87' lang='lat' dir='ltr'><strong>pro</strong></span> <span class='ocrx_word' id='word_1_7' title='bbox 717 568 954 637; x_wconf 88' lang='lat' dir='ltr'><strong>reditu</strong></span> <span class='ocrx_word' id='word_1_8' title='bbox 986 584 1302 661; x_wconf 82' lang='lat' dir='ltr'><strong>suscepta</strong></span> <span class='ocrx_word' id='word_1_9' title='bbox 1331 584 1527 651; x_wconf 80' lang='lat' dir='ltr'><strong>sunt3</strong></span> <span class='ocrx_word' id='word_1_10' title='bbox 1555 592 1643 635; x_wconf 90' lang='lat' dir='ltr'><strong>ne</strong></span> <span class='ocrx_word' id='word_1_11' title='bbox 1674 570 2023 637; x_wconf 82' lang='lat' dir='ltr'><strong>minimam</strong></span> <span class='ocrx_word' id='word_1_12' title='bbox 2051 571 2330 665; x_wconf 89' lang='lat' dir='ltr'><strong>quidem</strong></span> 
     </span>
     <span class='ocr_line' id='line_1_4' title="bbox 219 677 2335 774; baseline -0.001 -23"><span class='ocrx_word' id='word_1_13' title='bbox 219 684 635 751; x_wconf 70' lang='lat' dir='ltr'><strong>occasionem</strong></span> <span class='ocrx_word' id='word_1_14' title='bbox 673 700 1030 774; x_wconf 87' lang='lat' dir='ltr'><strong>quoquam</strong></span> <span class='ocrx_word' id='word_1_15' title='bbox 1059 680 1412 745; x_wconf 86' lang='lat' dir='ltr'><strong>omittente</strong></span> <span class='ocrx_word' id='word_1_16' title='bbox 1447 680 1518 745; x_wconf 91' lang='lat' dir='ltr'><strong>in</strong></span> <span class='ocrx_word' id='word_1_17' title='bbox 1559 677 1979 747; x_wconf 84' lang='lat' dir='ltr'><strong>testificanda</strong></span> <span class='ocrx_word' id='word_1_18' title='bbox 2019 680 2335 749; x_wconf 88' lang='lat' dir='ltr'><strong>sollicitu-</strong></span> 
     </span>
     <span class='ocr_line' id='line_1_5' title="bbox 219 784 2336 881; baseline 0.002 -24"><span class='ocrx_word' id='word_1_19' title='bbox 219 790 370 859; x_wconf 86' lang='lat' dir='ltr'>dine</span> <span class='ocrx_word' id='word_1_20' title='bbox 401 805 478 877; x_wconf 80' lang='lat' dir='ltr'><strong>et</strong></span> <span class='ocrx_word' id='word_1_21' title='bbox 513 814 680 857; x_wconf 88' lang='lat' dir='ltr'><strong>cura</strong></span> <span class='ocrx_word' id='word_1_22' title='bbox 719 788 806 856; x_wconf 91' lang='lat' dir='ltr'><strong>de</strong></span> <span class='ocrx_word' id='word_1_23' title='bbox 843 786 1306 855; x_wconf 82' lang='lat' dir='ltr'><strong>incolumitate</strong></span> <span class='ocrx_word' id='word_1_24' title='bbox 1340 784 1510 881; x_wconf 87' lang='lat' dir='ltr'><strong>ejus.</strong></span> <span class='ocrx_word' id='word_1_25' title='bbox 1552 792 1647 856; x_wconf 90' lang='lat' dir='ltr'><strong>Ut</strong></span> <span class='ocrx_word' id='word_1_26' title='bbox 1676 810 1838 856; x_wconf 83' lang='lat' dir='ltr'><strong>vero</strong></span> <span class='ocrx_word' id='word_1_27' title='bbox 1874 792 1946 856; x_wconf 92' lang='lat' dir='ltr'><strong>in</strong></span> <span class='ocrx_word' id='word_1_28' title='bbox 1981 790 2336 861; x_wconf 87' lang='lat' dir='ltr'><strong>adversam</strong></span> 
     </span>
     <span class='ocr_line' id='line_1_6' title="bbox 221 894 2339 991; baseline 0 -22"><span class='ocrx_word' id='word_1_29' title='bbox 221 900 678 970; x_wconf 80' lang='lat' dir='ltr'><strong>valetudinem</strong></span> <span class='ocrx_word' id='word_1_30' title='bbox 708 894 980 967; x_wconf 83' lang='lat' dir='ltr'><strong>incidit³</strong></span> <span class='ocrx_word' id='word_1_31' title='bbox 998 950 1016 979; x_wconf 93' lang='lat'>‚</span> <span class='ocrx_word' id='word_1_32' title='bbox 1051 897 1611 991; x_wconf 76' lang='lat' dir='ltr'><strong>pernoctantibus</strong></span> <span class='ocrx_word' id='word_1_33' title='bbox 1646 902 1909 967; x_wconf 87' lang='lat' dir='ltr'><strong>cunctis</strong></span> <span class='ocrx_word' id='word_1_34' title='bbox 1943 901 2123 969; x_wconf 87' lang='lat' dir='ltr'><strong>circa</strong></span> <span class='ocrx_word' id='word_1_35' title='bbox 2158 903 2339 970; x_wconf 85' lang='lat' dir='ltr'><strong>Pala-</strong></span> 
     </span>
     <span class='ocr_line' id='line_1_7' title="bbox 221 1007 2337 1105; baseline -0 -25"><span class='ocrx_word' id='word_1_36' title='bbox 221 1015 420 1095; x_wconf 78' lang='lat' dir='ltr'><strong>tium,</strong></span> <span class='ocrx_word' id='word_1_37' title='bbox 459 1035 602 1079; x_wconf 89' lang='lat' dir='ltr'><strong>non</strong></span> <span class='ocrx_word' id='word_1_38' title='bbox 641 1008 1044 1092; x_wconf 84' lang='lat' dir='ltr'><strong>defuerunt,</strong></span> <span class='ocrx_word' id='word_1_39' title='bbox 1085 1010 1234 1103; x_wconf 91' lang='lat' dir='ltr'><strong>qui,</strong></span> <span class='ocrx_word' id='word_1_40' title='bbox 1269 1007 1777 1101; x_wconf 78' lang='lat' dir='ltr'><strong>depugnaturos</strong></span> <span class='ocrx_word' id='word_1_41' title='bbox 1812 1008 1927 1075; x_wconf 55' lang='lat' dir='ltr'><strong>seh</strong></span> <span class='ocrx_word' id='word_1_42' title='bbox 1966 1013 2173 1078; x_wconf 86' lang='lat' dir='ltr'><strong>armis</strong></span> <span class='ocrx_word' id='word_1_43' title='bbox 2208 1036 2337 1105; x_wconf 91' lang='lat' dir='ltr'><strong>pro</strong></span> 
     </span>
     <span class='ocr_line' id='line_1_8' title="bbox 221 1119 2332 1217; baseline 0 -26"><span class='ocrx_word' id='word_1_44' title='bbox 221 1124 440 1193; x_wconf 84' lang='lat' dir='ltr'><strong>salute</strong></span> <span class='ocrx_word' id='word_1_45' title='bbox 461 1125 628 1215; x_wconf 77' lang='lat' dir='ltr'><strong>aegri</strong></span> <span class='ocrx_word' id='word_1_46' title='bbox 641 1176 658 1205; x_wconf 89' lang='lat'><strong>,</strong></span> <span class='ocrx_word' id='word_1_47' title='bbox 693 1124 950 1217; x_wconf 90' lang='lat' dir='ltr'><strong>quique</strong></span> <span class='ocrx_word' id='word_1_48' title='bbox 977 1124 1198 1214; x_wconf 84' lang='lat' dir='ltr'><strong>capita</strong></span> <span class='ocrx_word' id='word_1_49' title='bbox 1220 1144 1346 1189; x_wconf 90' lang='lat' dir='ltr'><strong>sua</strong></span> <span class='ocrx_word' id='word_1_50' title='bbox 1375 1119 1575 1189; x_wconf 90' lang='lat' dir='ltr'><strong>titulo</strong></span> <span class='ocrx_word' id='word_1_51' title='bbox 1603 1124 1953 1213; x_wconf 89' lang='lat' dir='ltr'><strong>proposito</strong></span> <span class='ocrx_word' id='word_1_52' title='bbox 1982 1140 2332 1191; x_wconf 83' lang='lat' dir='ltr'><strong>voverent.</strong></span> 
     </span>
     <span class='ocr_line' id='line_1_9' title="bbox 223 1229 2338 1301; baseline 0 0"><span class='ocrx_word' id='word_1_53' title='bbox 223 1236 518 1301; x_wconf 82' lang='lat' dir='ltr'><strong>Accessit</strong></span> <span class='ocrx_word' id='word_1_54' title='bbox 550 1229 640 1299; x_wconf 89' lang='lat' dir='ltr'><strong>ad</strong></span> <span class='ocrx_word' id='word_1_55' title='bbox 682 1234 1094 1299; x_wconf 88' lang='lat' dir='ltr'><strong>immensum</strong></span> <span class='ocrx_word' id='word_1_56' title='bbox 1133 1232 1384 1298; x_wconf 88' lang='lat' dir='ltr'><strong>civium</strong></span> <span class='ocrx_word' id='word_1_57' title='bbox 1409 1250 1732 1297; x_wconf 72' lang='lat' dir='ltr'><strong>‘amorem</strong></span> <span class='ocrx_word' id='word_1_58' title='bbox 1777 1230 2093 1299; x_wconf 87' lang='lat' dir='ltr'><strong>notabilis</strong></span> <span class='ocrx_word' id='word_1_59' title='bbox 2133 1236 2338 1301; x_wconf 89' lang='lat' dir='ltr'><strong>etiam</strong></span> 
     </span>
     <span class='ocr_line' id='line_1_10' title="bbox 225 1341 2336 1437; baseline 0 -26"><span class='ocrx_word' id='word_1_60' title='bbox 225 1361 662 1411; x_wconf 85' lang='lat' dir='ltr'><strong>externorum</strong></span> <span class='ocrx_word' id='word_1_61' title='bbox 691 1342 900 1409; x_wconf 85' lang='lat' dir='ltr'><strong>favor.</strong></span> <span class='ocrx_word' id='word_1_62' title='bbox 929 1346 1238 1437; x_wconf 80' lang='lat' dir='ltr'><strong>Namque</strong></span> <span class='ocrx_word' id='word_1_63' title='bbox 1261 1341 1679 1409; x_wconf 82' lang='lat' dir='ltr'><strong>Artabanus⁵</strong></span> <span class='ocrx_word' id='word_1_64' title='bbox 1699 1394 1717 1425; x_wconf 91' lang='lat'><strong>,</strong></span> <span class='ocrx_word' id='word_1_65' title='bbox 1742 1342 2148 1411; x_wconf 81' lang='lat' dir='ltr'><strong>Parthorum</strong></span> <span class='ocrx_word' id='word_1_66' title='bbox 2179 1368 2297 1412; x_wconf 85' lang='lat' dir='ltr'><strong>rex</strong></span> <span class='ocrx_word' id='word_1_67' title='bbox 2318 1398 2336 1428; x_wconf 92' lang='lat'><strong>,</strong></span> 
     </span>
     <span class='ocr_line' id='line_1_11' title="bbox 225 1452 2343 1549; baseline 0 -26"><span class='ocrx_word' id='word_1_68' title='bbox 225 1453 456 1523; x_wconf 87' lang='lat' dir='ltr'><strong>odium</strong></span> <span class='ocrx_word' id='word_1_69' title='bbox 478 1478 753 1548; x_wconf 85' lang='lat' dir='ltr'><strong>semper</strong></span> <span class='ocrx_word' id='word_1_70' title='bbox 775 1469 1339 1549; x_wconf 83' lang='lat' dir='ltr'><strong>contemtumque</strong></span> <span class='ocrx_word' id='word_1_71' title='bbox 1362 1452 1616 1520; x_wconf 85' lang='lat' dir='ltr'><strong>Tiberii</strong></span> <span class='ocrx_word' id='word_1_72' title='bbox 1640 1478 1781 1545; x_wconf 81' lang='lat' dir='ltr'><strong>prae</strong></span> <span class='ocrx_word' id='word_1_73' title='bbox 1806 1478 1879 1522; x_wconf 90' lang='lat' dir='ltr'><strong>se</strong></span> <span class='ocrx_word' id='word_1_74' title='bbox 1902 1454 2159 1538; x_wconf 85' lang='lat' dir='ltr'><strong>ferens,</strong></span> <span class='ocrx_word' id='word_1_75' title='bbox 2182 1460 2343 1523; x_wconf 89' lang='lat' dir='ltr'><strong>ami-</strong></span> 
     </span>
     <span class='ocr_line' id='line_1_12' title="bbox 225 1562 2343 1661; baseline 0.002 -28"><span class='ocrx_word' id='word_1_76' title='bbox 225 1570 450 1635; x_wconf 83' lang='lat' dir='ltr'><strong>citiam</strong></span> <span class='ocrx_word' id='word_1_77' title='bbox 489 1562 644 1658; x_wconf 88' lang='lat' dir='ltr'><strong>ejus</strong></span> <span class='ocrx_word' id='word_1_78' title='bbox 683 1563 869 1633; x_wconf 90' lang='lat' dir='ltr'><strong>ultro</strong></span> <span class='ocrx_word' id='word_1_79' title='bbox 907 1567 1140 1659; x_wconf 87' lang='lat' dir='ltr'><strong>petiit;</strong></span> <span class='ocrx_word' id='word_1_80' title='bbox 1189 1567 1507 1659; x_wconf 86' lang='lat' dir='ltr'><strong>venitque</strong></span> <span class='ocrx_word' id='word_1_81' title='bbox 1548 1563 1636 1632; x_wconf 87' lang='lat' dir='ltr'><strong>ad</strong></span> <span class='ocrx_word' id='word_1_82' title='bbox 1678 1562 2093 1660; x_wconf 87' lang='lat' dir='ltr'><strong>colloquium</strong></span> <span class='ocrx_word' id='word_1_83' title='bbox 2141 1566 2343 1661; x_wconf 80' lang='lat' dir='ltr'><strong>legati</strong></span> 
     </span>
     <span class='ocr_line' id='line_1_13' title="bbox 227 1676 2343 1773; baseline 0 -27"><span class='ocrx_word' id='word_1_84' title='bbox 227 1676 636 1755; x_wconf 82' lang='lat' dir='ltr'><strong>consularis,</strong></span> <span class='ocrx_word' id='word_1_85' title='bbox 671 1693 741 1744; x_wconf 90' lang='lat' dir='ltr'><strong>et</strong></span> <span class='ocrx_word' id='word_1_86' title='bbox 767 1693 1233 1769; x_wconf 79' lang='lat' dir='ltr'><strong>transgressus</strong></span> <span class='ocrx_word' id='word_1_87' title='bbox 1255 1676 1673 1770; x_wconf 85' lang='lat' dir='ltr'><strong>Euphratem</strong></span> <span class='ocrx_word' id='word_1_88' title='bbox 1691 1730 1709 1761; x_wconf 90' lang='lat'><strong>,</strong></span> <span class='ocrx_word' id='word_1_89' title='bbox 1748 1676 2011 1773; x_wconf 87' lang='lat' dir='ltr'><strong>aquilas</strong></span> <span class='ocrx_word' id='word_1_90' title='bbox 2049 1697 2118 1745; x_wconf 87' lang='lat' dir='ltr'><strong>et</strong></span> <span class='ocrx_word' id='word_1_91' title='bbox 2152 1684 2343 1772; x_wconf 79' lang='lat' dir='ltr'><strong>signa</strong></span> 
     </span>
     <span class='ocr_line' id='line_1_14' title="bbox 231 1786 1785 1881; baseline 0 -26"><span class='ocrx_word' id='word_1_92' title='bbox 231 1794 530 1857; x_wconf 86' lang='lat' dir='ltr'><strong>Romana</strong></span> <span class='ocrx_word' id='word_1_93' title='bbox 549 1840 567 1871; x_wconf 91' lang='lat'><strong>,</strong></span> <span class='ocrx_word' id='word_1_94' title='bbox 595 1792 1079 1881; x_wconf 63' lang='lat' dir='ltr'><strong>Caesarumque</strong></span> <span class='ocrx_word' id='word_1_95' title='bbox 1106 1789 1432 1879; x_wconf 78' lang='lat' dir='ltr'><strong>imagines</strong></span> <span class='ocrx_word' id='word_1_96' title='bbox 1458 1786 1785 1856; x_wconf 86' lang='lat' dir='ltr'><strong>adoravit.</strong></span> 
     </span>
    </p>

    <p class='ocr_par' dir='ltr' id='par_1_4' title="bbox 229 1898 2347 2326">
     <span class='ocr_line' id='line_1_15' title="bbox 321 1898 2345 1995; baseline 0.001 -26"><span class='ocrx_word' id='word_1_97' title='bbox 321 1906 457 1969; x_wconf 82' lang='lat' dir='ltr'><strong>XV.</strong></span> <span class='ocrx_word' id='word_1_98' title='bbox 507 1898 956 1968; x_wconf 82' lang='lat' dir='ltr'><strong>Incendebat¹</strong></span> <span class='ocrx_word' id='word_1_99' title='bbox 986 1914 1055 1966; x_wconf 91' lang='lat' dir='ltr'><strong>et</strong></span> <span class='ocrx_word' id='word_1_100' title='bbox 1077 1902 1226 1991; x_wconf 91' lang='lat' dir='ltr'><strong>ipse</strong></span> <span class='ocrx_word' id='word_1_101' title='bbox 1253 1898 1478 1967; x_wconf 89' lang='lat' dir='ltr'><strong>studia</strong></span> <span class='ocrx_word' id='word_1_102' title='bbox 1499 1898 1857 1967; x_wconf 90' lang='lat' dir='ltr'><strong>hominum</strong></span> <span class='ocrx_word' id='word_1_103' title='bbox 1886 1903 2073 1969; x_wconf 88' lang='lat' dir='ltr'><strong>omni</strong></span> <span class='ocrx_word' id='word_1_104' title='bbox 2102 1924 2345 1995; x_wconf 80' lang='lat' dir='ltr'><strong>genere</strong></span> 
     </span>
     <span class='ocr_line' id='line_1_16' title="bbox 229 2007 2347 2105; baseline -0.001 -25"><span class='ocrx_word' id='word_1_105' title='bbox 229 2010 719 2105; x_wconf 74' lang='lat' dir='ltr'><strong>popularitatis,</strong></span> <span class='ocrx_word' id='word_1_106' title='bbox 741 2008 1015 2079; x_wconf 88' lang='lat' dir='ltr'><strong>Tiberio</strong></span> <span class='ocrx_word' id='word_1_107' title='bbox 1035 2032 1194 2076; x_wconf 89' lang='lat' dir='ltr'><strong>cum</strong></span> <span class='ocrx_word' id='word_1_108' title='bbox 1219 2009 1531 2101; x_wconf 88' lang='lat' dir='ltr'><strong>plurimis</strong></span> <span class='ocrx_word' id='word_1_109' title='bbox 1553 2007 1848 2077; x_wconf 86' lang='lat' dir='ltr'><strong>lacrimis</strong></span> <span class='ocrx_word' id='word_1_110' title='bbox 1871 2034 1998 2103; x_wconf 87' lang='lat' dir='ltr'><strong>pro</strong></span> <span class='ocrx_word' id='word_1_111' title='bbox 2021 2014 2347 2080; x_wconf 86' lang='lat' dir='ltr'><strong>concione</strong></span> 
     </span>
     <span class='ocr_line' id='line_1_17' title="bbox 229 2119 2346 2216; baseline 0 -25"><span class='ocrx_word' id='word_1_112' title='bbox 229 2122 502 2192; x_wconf 85' lang='lat' dir='ltr'><strong>laudato</strong></span> <span class='ocrx_word' id='word_1_113' title='bbox 519 2175 538 2205; x_wconf 90' lang='lat'><strong>,</strong></span> <span class='ocrx_word' id='word_1_114' title='bbox 557 2124 1009 2216; x_wconf 84' lang='lat' dir='ltr'><strong>funeratoque</strong></span> <span class='ocrx_word' id='word_1_115' title='bbox 1026 2119 1442 2213; x_wconf 84' lang='lat' dir='ltr'><strong>amplissime</strong></span> <span class='ocrx_word' id='word_1_116' title='bbox 1457 2173 1475 2202; x_wconf 94' lang='lat'><strong>,</strong></span> <span class='ocrx_word' id='word_1_117' title='bbox 1502 2121 1857 2189; x_wconf 85' lang='lat' dir='ltr'><strong>confestim</strong></span> <span class='ocrx_word' id='word_1_118' title='bbox 1876 2121 2346 2191; x_wconf 82' lang='lat' dir='ltr'><strong>Pandateriam</strong></span> 
     </span>
     <span class='ocr_line' id='line_1_18' title="bbox 231 2230 2343 2326; baseline 0 -23"><span class='ocrx_word' id='word_1_119' title='bbox 231 2252 302 2303; x_wconf 90' lang='lat' dir='ltr'><strong>et</strong></span> <span class='ocrx_word' id='word_1_120' title='bbox 333 2236 643 2316; x_wconf 87' lang='lat' dir='ltr'><strong>Pontias,</strong></span> <span class='ocrx_word' id='word_1_121' title='bbox 678 2232 766 2300; x_wconf 89' lang='lat' dir='ltr'><strong>ad</strong></span> <span class='ocrx_word' id='word_1_122' title='bbox 793 2230 1298 2300; x_wconf 83' lang='lat' dir='ltr'><strong>transferendos</strong></span> <span class='ocrx_word' id='word_1_123' title='bbox 1337 2234 1571 2298; x_wconf 88' lang='lat' dir='ltr'><strong>matris</strong></span> <span class='ocrx_word' id='word_1_124' title='bbox 1606 2231 1972 2326; x_wconf 84' lang='lat' dir='ltr'><strong>fratrisque</strong></span> <span class='ocrx_word' id='word_1_125' title='bbox 2011 2237 2343 2316; x_wconf 73' lang='lat' dir='ltr'><strong>²cinereS,</strong></span> 
     </span>
    </p>
   </div>
   <div class='ocr_carea' id='block_1_4' title="bbox 229 2474 1246 2947">
    <p class='ocr_par' dir='ltr' id='par_1_5' title="bbox 229 2474 1246 2947">
     <span class='ocr_line' id='line_1_19' title="bbox 231 2474 1242 2531; baseline -0.004 0"><span class='ocrx_word' id='word_1_126' title='bbox 231 2478 382 2531; x_wconf 64' lang='lat' dir='ltr'><strong>nini·</strong></span> <span class='ocrx_word' id='word_1_127' title='bbox 423 2476 586 2530; x_wconf 67' lang='lat' dir='ltr'><strong>antis</strong></span> <span class='ocrx_word' id='word_1_128' title='bbox 625 2474 820 2530; x_wconf 79' lang='lat' dir='ltr'><strong>finibus</strong></span> <span class='ocrx_word' id='word_1_129' title='bbox 860 2475 1242 2530; x_wconf 79' lang='lat' dir='ltr'><strong>circumscribit</strong></span> 
     </span>
     <span class='ocr_line' id='line_1_20' title="bbox 231 2554 1242 2622; baseline 0 -14"><span class='ocrx_word' id='word_1_130' title='bbox 231 2559 466 2612; x_wconf 70' lang='lat' dir='ltr'><strong>auctoris</strong></span> <span class='ocrx_word' id='word_1_131' title='bbox 511 2557 829 2610; x_wconf 74' lang='lat' dir='ltr'><strong>sententiam</strong></span> <span class='ocrx_word' id='word_1_132' title='bbox 849 2593 868 2622; x_wconf 85' lang='lat'><strong>,</strong></span> <span class='ocrx_word' id='word_1_133' title='bbox 917 2554 1242 2609; x_wconf 85' lang='lat' dir='ltr'><strong>subaudiens</strong></span> 
     </span>
     <span class='ocr_line' id='line_1_21' title="bbox 229 2634 1204 2708; baseline -0.001 -22"><span class='ocrx_word' id='word_1_134' title='bbox 229 2646 358 2687; x_wconf 68' lang='lat' dir='ltr'><strong>uota</strong></span> <span class='ocrx_word' id='word_1_135' title='bbox 381 2635 697 2708; x_wconf 57' lang='lat' dir='ltr'><strong>aecipiendi</strong></span> <span class='ocrx_word' id='word_1_136' title='bbox 717 2647 840 2705; x_wconf 80' lang='lat' dir='ltr'><strong>post</strong></span> <span class='ocrx_word' id='word_1_137' title='bbox 867 2634 1204 2686; x_wconf 69' lang='lat' dir='ltr'><strong>coensium.</strong></span> 
     </span>
     <span class='ocr_line' id='line_1_22' title="bbox 309 2711 1244 2767; baseline -0.001 -2"><span class='ocrx_word' id='word_1_138' title='bbox 309 2713 363 2766; x_wconf 83' lang='lat'><strong>3.</strong></span> <span class='ocrx_word' id='word_1_139' title='bbox 388 2713 508 2765; x_wconf 72' lang='lat' dir='ltr'><strong>Ut...</strong></span> <span class='ocrx_word' id='word_1_140' title='bbox 529 2715 584 2765; x_wconf 72' lang='lat' dir='ltr'><strong>in</strong></span> <span class='ocrx_word' id='word_1_141' title='bbox 603 2714 875 2767; x_wconf 71' lang='lat' dir='ltr'><strong>advenam</strong></span> <span class='ocrx_word' id='word_1_142' title='bbox 895 2711 1244 2764; x_wconf 76' lang='lat' dir='ltr'><strong>valetudinem</strong></span> 
     </span>
     <span class='ocr_line' id='line_1_23' title="bbox 229 2793 1246 2865; baseline -0.002 -19"><span class='ocrx_word' id='word_1_143' title='bbox 229 2793 453 2856; x_wconf 55' lang='lat' dir='ltr'><strong>{achlin-</strong></span> <span class='ocrx_word' id='word_1_144' title='bbox 486 2808 680 2847; x_wconf 76' lang='lat' dir='ltr'><strong>octavo</strong></span> <span class='ocrx_word' id='word_1_145' title='bbox 705 2793 912 2865; x_wconf 83' lang='lat' dir='ltr'><strong>imperii</strong></span> <span class='ocrx_word' id='word_1_146' title='bbox 945 2811 1122 2844; x_wconf 85' lang='lat' dir='ltr'><strong>mense</strong></span> <span class='ocrx_word' id='word_1_147' title='bbox 1151 2812 1246 2864; x_wconf 86' lang='lat' dir='ltr'><strong>per</strong></span> 
     </span>
     <span class='ocr_line' id='line_1_24' title="bbox 231 2871 1246 2947; baseline -0.001 -23"><span class='ocrx_word' id='word_1_148' title='bbox 231 2875 729 2947; x_wconf 78' lang='lat' dir='ltr'><strong>intemperantiam,</strong></span> <span class='ocrx_word' id='word_1_149' title='bbox 756 2887 817 2925; x_wconf 86' lang='lat' dir='ltr'><strong>ut</strong></span> <span class='ocrx_word' id='word_1_150' title='bbox 849 2885 1030 2925; x_wconf 85' lang='lat' dir='ltr'><strong>narrat</strong></span> <span class='ocrx_word' id='word_1_151' title='bbox 1064 2871 1246 2937; x_wconf 89' lang='lat' dir='ltr'><strong>Philo,</strong></span> 
     </span>
    </p>
   </div>
   <div class='ocr_carea' id='block_1_5' title="bbox 233 2953 1255 3506">
    <p class='ocr_par' dir='ltr' id='par_1_6' title="bbox 233 2953 1040 3026">
     <span class='ocr_line' id='line_1_25' title="bbox 233 2953 1040 3026; baseline -0.007 -18"><span class='ocrx_word' id='word_1_152' title='bbox 233 2973 350 3026; x_wconf 64' lang='lat' dir='ltr'><strong>pag.</strong></span> <span class='ocrx_word' id='word_1_153' title='bbox 381 2955 507 3024; x_wconf 81' lang='lat'><strong>769.</strong></span> <span class='ocrx_word' id='word_1_154' title='bbox 535 2953 622 3006; x_wconf 81' lang='lat' dir='ltr'><strong>Cf.</strong></span> <span class='ocrx_word' id='word_1_155' title='bbox 653 2955 788 3020; x_wconf 89' lang='lat' dir='ltr'><strong>Dio,</strong></span> <span class='ocrx_word' id='word_1_156' title='bbox 811 2953 957 3017; x_wconf 85' lang='lat' dir='ltr'><strong>LIX,</strong></span> <span class='ocrx_word' id='word_1_157' title='bbox 989 2955 1040 3006; x_wconf 87' lang='lat'><strong>8.</strong></span> 
     </span>
    </p>

    <p class='ocr_par' dir='ltr' id='par_1_7' title="bbox 233 3032 1255 3506">
     <span class='ocr_line' id='line_1_26' title="bbox 299 3032 1249 3106; baseline -0.004 -20"><span class='ocrx_word' id='word_1_158' title='bbox 299 3035 354 3102; x_wconf 74' lang='grc'><strong>4,</strong></span> <span class='ocrx_word' id='word_1_159' title='bbox 375 3034 516 3105; x_wconf 76' lang='lat' dir='ltr'><strong>Qui,</strong></span> <span class='ocrx_word' id='word_1_160' title='bbox 535 3032 924 3106; x_wconf 76' lang='lat' dir='ltr'><strong>depuqnaturos</strong></span> <span class='ocrx_word' id='word_1_161' title='bbox 938 3049 1015 3098; x_wconf 73' lang='lat' dir='ltr'><strong>se,</strong></span> <span class='ocrx_word' id='word_1_162' title='bbox 1037 3044 1136 3083; x_wconf 88' lang='lat' dir='ltr'><strong>etc.</strong></span> <span class='ocrx_word' id='word_1_163' title='bbox 1157 3033 1249 3083; x_wconf 84' lang='lat' dir='ltr'><strong>vi-</strong></span> 
     </span>
     <span class='ocr_line' id='line_1_27' title="bbox 233 3111 1251 3188; baseline -0.004 -20"><span class='ocrx_word' id='word_1_164' title='bbox 233 3116 298 3168; x_wconf 75' lang='lat' dir='ltr'><strong>de</strong></span> <span class='ocrx_word' id='word_1_165' title='bbox 315 3135 442 3188; x_wconf 79' lang='lat' dir='ltr'><strong>cap.</strong></span> <span class='ocrx_word' id='word_1_166' title='bbox 465 3131 560 3184; x_wconf 84' lang='lat'><strong>²7·</strong></span> <span class='ocrx_word' id='word_1_167' title='bbox 577 3115 637 3165; x_wconf 86' lang='lat' dir='ltr'><strong>ln</strong></span> <span class='ocrx_word' id='word_1_168' title='bbox 656 3131 752 3167; x_wconf 81' lang='lat' dir='ltr'><strong>sua</strong></span> <span class='ocrx_word' id='word_1_169' title='bbox 771 3115 946 3186; x_wconf 79' lang='lat' dir='ltr'><strong>capita</strong></span> <span class='ocrx_word' id='word_1_170' title='bbox 966 3111 1251 3164; x_wconf 85' lang='lat' dir='ltr'><strong>deflectere</strong></span> 
     </span>
     <span class='ocr_line' id='line_1_28' title="bbox 235 3190 1252 3269; baseline -0.008 -19"><span class='ocrx_word' id='word_1_171' title='bbox 235 3215 286 3250; x_wconf 70' lang='lat' dir='ltr'><strong>ne</strong></span> <span class='ocrx_word' id='word_1_172' title='bbox 306 3195 584 3269; x_wconf 77' lang='lat' dir='ltr'><strong>putabant</strong></span> <span class='ocrx_word' id='word_1_173' title='bbox 604 3197 841 3248; x_wconf 84' lang='lat' dir='ltr'><strong>Deorum</strong></span> <span class='ocrx_word' id='word_1_174' title='bbox 861 3195 1000 3245; x_wconf 82' lang='lat' dir='ltr'><strong>iram</strong></span> <span class='ocrx_word' id='word_1_175' title='bbox 1022 3190 1252 3244; x_wconf 71' lang='lat' dir='ltr'><strong>destina-</strong></span> 
     </span>
     <span class='ocr_line' id='line_1_29' title="bbox 237 3273 1252 3351; baseline -0.006 -22"><span class='ocrx_word' id='word_1_176' title='bbox 237 3293 454 3351; x_wconf 69' lang='lat' dir='ltr'><strong>tamque</strong></span> <span class='ocrx_word' id='word_1_177' title='bbox 477 3275 638 3328; x_wconf 78' lang='lat' dir='ltr'><strong>alicui</strong></span> <span class='ocrx_word' id='word_1_178' title='bbox 657 3287 911 3342; x_wconf 85' lang='lat' dir='ltr'><strong>mortem,</strong></span> <span class='ocrx_word' id='word_1_179' title='bbox 935 3273 1031 3345; x_wconf 86' lang='lat' dir='ltr'><strong>qui</strong></span> <span class='ocrx_word' id='word_1_180' title='bbox 1053 3290 1152 3344; x_wconf 87' lang='lat' dir='ltr'><strong>pro</strong></span> <span class='ocrx_word' id='word_1_181' title='bbox 1169 3290 1252 3324; x_wconf 81' lang='lat' dir='ltr'><strong>sa·</strong></span> 
     </span>
     <span class='ocr_line' id='line_1_30' title="bbox 235 3351 1253 3427; baseline -0.009 -17"><span class='ocrx_word' id='word_1_182' title='bbox 235 3355 338 3410; x_wconf 70' lang='lat' dir='ltr'><strong>lule</strong></span> <span class='ocrx_word' id='word_1_183' title='bbox 371 3359 496 3427; x_wconf 80' lang='lat' dir='ltr'><strong>ejus</strong></span> <span class='ocrx_word' id='word_1_184' title='bbox 532 3356 610 3406; x_wconf 81' lang='lat' dir='ltr'><strong>ita</strong></span> <span class='ocrx_word' id='word_1_185' title='bbox 636 3371 692 3406; x_wconf 78' lang='lat' dir='ltr'><strong>se</strong></span> <span class='ocrx_word' id='word_1_186' title='bbox 730 3351 1082 3405; x_wconf 74' lang='lat' dir='ltr'><strong>devovebant.</strong></span> <span class='ocrx_word' id='word_1_187' title='bbox 1113 3351 1253 3422; x_wconf 82' lang='lat' dir='ltr'><strong>Apte</strong></span> 
     </span>
     <span class='ocr_line' id='line_1_31' title="bbox 233 3430 1255 3506; baseline -0.009 -15"><span class='ocrx_word' id='word_1_188' title='bbox 233 3437 468 3490; x_wconf 68' lang='lat' dir='ltr'><strong>cnauh.</strong></span> <span class='ocrx_word' id='word_1_189' title='bbox 495 3446 776 3506; x_wconf 83' lang='lat' dir='ltr'><strong>comparat</strong></span> <span class='ocrx_word' id='word_1_190' title='bbox 797 3434 995 3484; x_wconf 80' lang='lat' dir='ltr'><strong>Neron.</strong></span> <span class='ocrx_word' id='word_1_191' title='bbox 1031 3430 1118 3484; x_wconf 81' lang='lat'><strong>36.</strong></span> <span class='ocrx_word' id='word_1_192' title='bbox 1145 3433 1255 3483; x_wconf 85' lang='lat' dir='ltr'><strong>Ea·-</strong></span> 
     </span>
    </p>
   </div>
   <div class='ocr_carea' id='block_1_6' title="bbox 197 3509 1252 3582">
    <p class='ocr_par' dir='ltr' id='par_1_8' title="bbox 197 3509 1252 3582">
     <span class='ocr_line' id='line_1_32' title="bbox 197 3509 1252 3582; baseline -0.008 -14"><span class='ocrx_word' id='word_1_193' title='bbox 197 3523 212 3538; x_wconf 87' lang='grc'><em>·</em></span> <span class='ocrx_word' id='word_1_194' title='bbox 231 3515 354 3568; x_wconf 75' lang='lat' dir='ltr'><strong>den</strong></span> <span class='ocrx_word' id='word_1_195' title='bbox 389 3515 660 3567; x_wconf 76' lang='lat' dir='ltr'><strong>sententia</strong></span> <span class='ocrx_word' id='word_1_196' title='bbox 689 3524 926 3563; x_wconf 75' lang='lat' dir='ltr'><strong>veterum</strong></span> <span class='ocrx_word' id='word_1_197' title='bbox 961 3509 1252 3582; x_wconf 82' lang='lat' dir='ltr'><strong>frequenti-</strong></span> 
     </span>
    </p>
   </div>
   <div class='ocr_carea' id='block_1_7' title="bbox 231 3589 1264 4142">
    <p class='ocr_par' dir='ltr' id='par_1_9' title="bbox 231 3589 1257 3902">
     <span class='ocr_line' id='line_1_33' title="bbox 231 3589 1256 3666; baseline -0.009 -18"><span class='ocrx_word' id='word_1_198' title='bbox 231 3595 330 3648; x_wconf 73' lang='lat' dir='ltr'><strong>bus</strong></span> <span class='ocrx_word' id='word_1_199' title='bbox 361 3612 472 3666; x_wconf 78' lang='lat' dir='ltr'><strong>pro</strong></span> <span class='ocrx_word' id='word_1_200' title='bbox 497 3593 669 3664; x_wconf 83' lang='lat' dir='ltr'><strong>patria</strong></span> <span class='ocrx_word' id='word_1_201' title='bbox 691 3589 1066 3642; x_wconf 82' lang='lat' dir='ltr'><strong>devotionibus</strong></span> <span class='ocrx_word' id='word_1_202' title='bbox 1093 3605 1256 3640; x_wconf 77' lang='lat' dir='ltr'><strong>causa</strong></span> 
     </span>
     <span class='ocr_line' id='line_1_34' title="bbox 233 3668 1253 3742; baseline -0.008 -16"><span class='ocrx_word' id='word_1_203' title='bbox 233 3676 354 3726; x_wconf 73' lang='lat' dir='ltr'><strong>fuit.</strong></span> <span class='ocrx_word' id='word_1_204' title='bbox 397 3673 600 3724; x_wconf 67' lang='lat' dir='ltr'><strong>Postea</strong></span> <span class='ocrx_word' id='word_1_205' title='bbox 640 3668 798 3742; x_wconf 60' lang='lat' dir='ltr'><strong>titulo</strong></span> <span class='ocrx_word' id='word_1_206' title='bbox 832 3669 1096 3742; x_wconf 75' lang='lat' dir='ltr'><strong>proposito</strong></span> <span class='ocrx_word' id='word_1_207' title='bbox 1139 3679 1218 3720; x_wconf 81' lang='lat' dir='ltr'><strong>est</strong></span> <span class='ocrx_word' id='word_1_208' title='bbox 1235 3702 1253 3732; x_wconf 89' lang='lat'><strong>,</strong></span> 
     </span>
     <span class='ocr_line' id='line_1_35' title="bbox 239 3744 1257 3817; baseline -0.009 -11"><span class='ocrx_word' id='word_1_209' title='bbox 239 3777 262 3798; x_wconf 78' lang='grc' dir='ltr'><strong><em>ο</em></strong></span> <span class='ocrx_word' id='word_1_210' title='bbox 279 3750 524 3806; x_wconf 75' lang='lat' dir='ltr'><strong>formula</strong></span> <span class='ocrx_word' id='word_1_211' title='bbox 541 3749 845 3802; x_wconf 72' lang='lat' dir='ltr'><strong>devotionis</strong></span> <span class='ocrx_word' id='word_1_212' title='bbox 863 3749 922 3800; x_wconf 88' lang='lat' dir='ltr'><strong>in</strong></span> <span class='ocrx_word' id='word_1_213' title='bbox 945 3744 1129 3800; x_wconf 82' lang='lat' dir='ltr'><strong>tabula</strong></span> <span class='ocrx_word' id='word_1_214' title='bbox 1151 3764 1257 3817; x_wconf 85' lang='lat' dir='ltr'><strong>pu-</strong></span> 
     </span>
     <span class='ocr_line' id='line_1_36' title="bbox 235 3831 756 3902; baseline -0.017 -17"><span class='ocrx_word' id='word_1_215' title='bbox 235 3832 380 3885; x_wconf 72' lang='lat' dir='ltr'><strong>blice</strong></span> <span class='ocrx_word' id='word_1_216' title='bbox 403 3831 705 3902; x_wconf 80' lang='lat' dir='ltr'><strong>proposita.</strong></span> <span class='ocrx_word' id='word_1_217' title='bbox 730 3851 756 3876; x_wconf 70' lang='lat' dir='ltr'><em>n</em></span> 
     </span>
    </p>

    <p class='ocr_par' dir='ltr' id='par_1_10' title="bbox 237 3903 1264 4142">
     <span class='ocr_line' id='line_1_37' title="bbox 303 3903 1260 3981; baseline -0.006 -18"><span class='ocrx_word' id='word_1_218' title='bbox 303 3911 360 3964; x_wconf 81' lang='lat'><strong>5.</strong></span> <span class='ocrx_word' id='word_1_219' title='bbox 385 3911 644 3981; x_wconf 73' lang='lat' dir='ltr'><strong>Namque</strong></span> <span class='ocrx_word' id='word_1_220' title='bbox 659 3907 982 3973; x_wconf 74' lang='lat' dir='ltr'><strong>Artabanus,</strong></span> <span class='ocrx_word' id='word_1_221' title='bbox 999 3917 1100 3958; x_wconf 84' lang='lat' dir='ltr'><strong>etc.</strong></span> <span class='ocrx_word' id='word_1_222' title='bbox 1121 3903 1260 3957; x_wconf 83' lang='lat' dir='ltr'><strong>Vide</strong></span> 
     </span>
     <span class='ocr_line' id='line_1_38' title="bbox 237 3983 1260 4048; baseline -0.009 -4"><span class='ocrx_word' id='word_1_223' title='bbox 237 3991 428 4044; x_wconf 74' lang='lat' dir='ltr'><strong>Tiber-</strong></span> <span class='ocrx_word' id='word_1_224' title='bbox 447 3989 540 4042; x_wconf 92' lang='grc'><strong>66.</strong></span> <span class='ocrx_word' id='word_1_225' title='bbox 569 3988 834 4040; x_wconf 83' lang='lat' dir='ltr'><strong>Coactum</strong></span> <span class='ocrx_word' id='word_1_226' title='bbox 865 4003 900 4037; x_wconf 84' lang='lat' dir='ltr'><strong>a</strong></span> <span class='ocrx_word' id='word_1_227' title='bbox 928 3985 987 4038; x_wconf 84' lang='lat' dir='ltr'><strong>L.</strong></span> <span class='ocrx_word' id='word_1_228' title='bbox 1014 3983 1226 4038; x_wconf 83' lang='lat' dir='ltr'><strong>Vitellio</strong></span> <span class='ocrx_word' id='word_1_229' title='bbox 1242 4021 1260 4048; x_wconf 91' lang='lat'><strong>,</strong></span> 
     </span>
     <span class='ocr_line' id='line_1_39' title="bbox 239 4063 1264 4142; baseline -0.008 -19"><span class='ocrx_word' id='word_1_230' title='bbox 239 4070 406 4142; x_wconf 62' lang='lat' dir='ltr'><strong>Syria</strong></span> <span class='ocrx_word' id='word_1_231' title='bbox 423 4068 713 4140; x_wconf 67' lang='lat' dir='ltr'><strong>pra-posito</strong></span> <span class='ocrx_word' id='word_1_232' title='bbox 725 4105 744 4133; x_wconf 92' lang='lat'>‚</span> <span class='ocrx_word' id='word_1_233' title='bbox 759 4063 1094 4117; x_wconf 81' lang='lat' dir='ltr'><strong>Artabanum</strong></span> <span class='ocrx_word' id='word_1_234' title='bbox 1112 4076 1264 4116; x_wconf 79' lang='lat' dir='ltr'><strong>tanta</strong></span> 
     </span>
    </p>
   </div>
   <div class='ocr_carea' id='block_1_8' title="bbox 241 4147 1266 4306">
    <p class='ocr_par' dir='ltr' id='par_1_11' title="bbox 241 4147 1266 4306">
     <span class='ocr_line' id='line_1_40' title="bbox 241 4147 1266 4219; baseline -0.004 -17"><span class='ocrx_word' id='word_1_235' title='bbox 241 4147 572 4206; x_wconf 69' lang='lat' dir='ltr'><strong>verecundia</strong></span> <span class='ocrx_word' id='word_1_236' title='bbox 591 4149 783 4204; x_wconf 78' lang='lat' dir='ltr'><strong>Caium</strong></span> <span class='ocrx_word' id='word_1_237' title='bbox 810 4157 1158 4219; x_wconf 76' lang='lat' dir='ltr'><strong>prosecutum</strong></span> <span class='ocrx_word' id='word_1_238' title='bbox 1177 4164 1266 4199; x_wconf 82' lang='lat' dir='ltr'><strong>es-</strong></span> 
     </span>
     <span class='ocr_line' id='line_1_41' title="bbox 437 4242 534 4306; baseline 0.01 -1"><span class='ocrx_word' id='word_1_239' title='bbox 437 4242 534 4306; x_wconf 86' lang='lat' dir='ltr'><strong>II.</strong></span> 
     </span>
    </p>
   </div>
   <div class='ocr_carea' id='block_1_9' title="bbox 1333 2474 2365 4218">
    <p class='ocr_par' dir='ltr' id='par_1_12' title="bbox 1333 2474 2360 3740">
     <span class='ocr_line' id='line_1_42' title="bbox 1333 2474 2347 2546; baseline -0.002 -18"><span class='ocrx_word' id='word_1_240' title='bbox 1333 2494 1417 2544; x_wconf 81' lang='lat' dir='ltr'><strong>se,</strong></span> <span class='ocrx_word' id='word_1_241' title='bbox 1449 2474 1518 2528; x_wconf 79' lang='lat' dir='ltr'><strong>ad</strong></span> <span class='ocrx_word' id='word_1_242' title='bbox 1544 2494 1668 2528; x_wconf 82' lang='lat' dir='ltr'><strong>ann.</strong></span> <span class='ocrx_word' id='word_1_243' title='bbox 1708 2477 1809 2546; x_wconf 85' lang='lat'><strong>793</strong></span> <span class='ocrx_word' id='word_1_244' title='bbox 1844 2490 2025 2528; x_wconf 80' lang='lat' dir='ltr'><strong>narrat</strong></span> <span class='ocrx_word' id='word_1_245' title='bbox 2043 2477 2173 2542; x_wconf 87' lang='lat' dir='ltr'><strong>Dio,</strong></span> <span class='ocrx_word' id='word_1_246' title='bbox 2200 2476 2313 2528; x_wconf 87' lang='lat' dir='ltr'>le</span> <span class='ocrx_word' id='word_1_247' title='bbox 2331 2515 2347 2538; x_wconf 86' lang='lat'><strong>,</strong></span> 
     </span>
     <span class='ocr_line' id='line_1_43' title="bbox 1337 2556 2347 2628; baseline -0.002 -20"><span class='ocrx_word' id='word_1_248' title='bbox 1337 2573 1401 2626; x_wconf 79' lang='lat'><strong>27</strong></span> <span class='ocrx_word' id='word_1_249' title='bbox 1419 2593 1436 2620; x_wconf 87' lang='lat'><strong>.,</strong></span> <span class='ocrx_word' id='word_1_250' title='bbox 1476 2575 1709 2628; x_wconf 85' lang='lat' dir='ltr'><strong>quocum</strong></span> <span class='ocrx_word' id='word_1_251' title='bbox 1739 2556 2006 2607; x_wconf 82' lang='lat' dir='ltr'><strong>consentit</strong></span> <span class='ocrx_word' id='word_1_252' title='bbox 2034 2557 2265 2621; x_wconf 83' lang='lat' dir='ltr'><strong>Noster,</strong></span> <span class='ocrx_word' id='word_1_253' title='bbox 2292 2557 2347 2606; x_wconf 83' lang='lat' dir='ltr'><strong>in</strong></span> 
     </span>
     <span class='ocr_line' id='line_1_44' title="bbox 1333 2633 2347 2703; baseline -0.002 -15"><span class='ocrx_word' id='word_1_254' title='bbox 1333 2636 1510 2689; x_wconf 72' lang='lat' dir='ltr'><strong>viteli.</strong></span> <span class='ocrx_word' id='word_1_255' title='bbox 1554 2655 1581 2689; x_wconf 85' lang='lat'><em>2</em></span> <span class='ocrx_word' id='word_1_256' title='bbox 1601 2674 1618 2700; x_wconf 93' lang='lat'><strong>,</strong></span> <span class='ocrx_word' id='word_1_257' title='bbox 1654 2635 1750 2688; x_wconf 87' lang='lat' dir='ltr'><strong>ubi</strong></span> <span class='ocrx_word' id='word_1_258' title='bbox 1783 2633 1919 2687; x_wconf 77' lang='lat' dir='ltr'><strong>vide.</strong></span> <span class='ocrx_word' id='word_1_259' title='bbox 1960 2637 2141 2703; x_wconf 85' lang='lat' dir='ltr'><strong>Quum</strong></span> <span class='ocrx_word' id='word_1_260' title='bbox 2170 2649 2347 2688; x_wconf 84' lang='lat' dir='ltr'><strong>tamen</strong></span> 
     </span>
     <span class='ocr_line' id='line_1_45' title="bbox 1335 2711 2349 2785; baseline 0.001 -19"><span class='ocrx_word' id='word_1_261' title='bbox 1335 2713 1391 2766; x_wconf 85' lang='lat' dir='ltr'><strong>h.</strong></span> <span class='ocrx_word' id='word_1_262' title='bbox 1433 2714 1468 2766; x_wconf 90' lang='lat' dir='ltr'><strong>l.</strong></span> <span class='ocrx_word' id='word_1_263' title='bbox 1502 2713 1643 2766; x_wconf 79' lang='lat' dir='ltr'><strong>ultro</strong></span> <span class='ocrx_word' id='word_1_264' title='bbox 1674 2711 1744 2765; x_wconf 81' lang='lat' dir='ltr'><strong>ad</strong></span> <span class='ocrx_word' id='word_1_265' title='bbox 1778 2711 2109 2785; x_wconf 86' lang='lat' dir='ltr'><strong>colloquium</strong></span> <span class='ocrx_word' id='word_1_266' title='bbox 2144 2715 2349 2767; x_wconf 76' lang='lat' dir='ltr'><strong>venisse</strong></span> 
     </span>
     <span class='ocr_line' id='line_1_46' title="bbox 1337 2793 2349 2866; baseline -0.002 -18"><span class='ocrx_word' id='word_1_267' title='bbox 1337 2815 1514 2866; x_wconf 79' lang='lat' dir='ltr'><strong>regem</strong></span> <span class='ocrx_word' id='word_1_268' title='bbox 1531 2833 1548 2861; x_wconf 94' lang='lat'><strong>,</strong></span> <span class='ocrx_word' id='word_1_269' title='bbox 1574 2794 1743 2860; x_wconf 82' lang='lat' dir='ltr'><strong>dicat,</strong></span> <span class='ocrx_word' id='word_1_270' title='bbox 1762 2793 1929 2865; x_wconf 88' lang='lat' dir='ltr'><strong>idque</strong></span> <span class='ocrx_word' id='word_1_271' title='bbox 1944 2796 2120 2866; x_wconf 84' lang='lat' dir='ltr'><strong>primo</strong></span> <span class='ocrx_word' id='word_1_272' title='bbox 2139 2796 2349 2866; x_wconf 86' lang='lat' dir='ltr'><strong>imperii</strong></span> 
     </span>
     <span class='ocr_line' id='line_1_47' title="bbox 1336 2873 2351 2946; baseline 0.001 -21"><span class='ocrx_word' id='word_1_273' title='bbox 1336 2873 1589 2944; x_wconf 76' lang='lat' dir='ltr'><strong>Caligulae</strong></span> <span class='ocrx_word' id='word_1_274' title='bbox 1614 2891 1787 2940; x_wconf 85' lang='lat' dir='ltr'><strong>anno,</strong></span> <span class='ocrx_word' id='word_1_275' title='bbox 1812 2887 2046 2926; x_wconf 84' lang='lat' dir='ltr'><strong>mutasse</strong></span> <span class='ocrx_word' id='word_1_276' title='bbox 2068 2888 2257 2946; x_wconf 77' lang='lat' dir='ltr'><strong>postea</strong></span> <span class='ocrx_word' id='word_1_277' title='bbox 2282 2874 2351 2926; x_wconf 85' lang='lat' dir='ltr'><strong>de</strong></span> 
     </span>
     <span class='ocr_line' id='line_1_48' title="bbox 1337 2951 2353 3006; baseline 0 -2"><span class='ocrx_word' id='word_1_278' title='bbox 1337 2951 1444 3004; x_wconf 87' lang='lat' dir='ltr'><strong>hoc</strong></span> <span class='ocrx_word' id='word_1_279' title='bbox 1461 2953 1666 3006; x_wconf 80' lang='lat' dir='ltr'><strong>Coesare</strong></span> <span class='ocrx_word' id='word_1_280' title='bbox 1687 2951 1991 3004; x_wconf 77' lang='lat' dir='ltr'><strong>Artabanus</strong></span> <span class='ocrx_word' id='word_1_281' title='bbox 2008 2952 2217 3005; x_wconf 79' lang='lat' dir='ltr'><strong>videtur</strong></span> <span class='ocrx_word' id='word_1_282' title='bbox 2238 2972 2353 3006; x_wconf 85' lang='lat' dir='ltr'><strong>sen-</strong></span> 
     </span>
     <span class='ocr_line' id='line_1_49' title="bbox 1339 3031 2353 3099; baseline 0 -15"><span class='ocrx_word' id='word_1_283' title='bbox 1339 3035 1591 3099; x_wconf 82' lang='lat' dir='ltr'><strong>tentiam,</strong></span> <span class='ocrx_word' id='word_1_284' title='bbox 1630 3034 1858 3084; x_wconf 76' lang='lat' dir='ltr'><strong>fortasse</strong></span> <span class='ocrx_word' id='word_1_285' title='bbox 1890 3031 2129 3084; x_wconf 75' lang='lat' dir='ltr'><strong>offensus</strong></span> <span class='ocrx_word' id='word_1_286' title='bbox 2160 3047 2353 3085; x_wconf 84' lang='lat' dir='ltr'><strong>contu-</strong></span> 
     </span>
     <span class='ocr_line' id='line_1_50' title="bbox 1339 3111 2353 3184; baseline -0.002 -20"><span class='ocrx_word' id='word_1_287' title='bbox 1339 3113 1497 3166; x_wconf 75' lang='lat' dir='ltr'><strong>melia</strong></span> <span class='ocrx_word' id='word_1_288' title='bbox 1531 3115 1677 3165; x_wconf 78' lang='lat' dir='ltr'><strong>Darii</strong></span> <span class='ocrx_word' id='word_1_289' title='bbox 1712 3111 2019 3179; x_wconf 80' lang='lat' dir='ltr'><strong>Arsacidae,</strong></span> <span class='ocrx_word' id='word_1_290' title='bbox 2062 3115 2151 3184; x_wconf 85' lang='lat' dir='ltr'><strong>qui</strong></span> <span class='ocrx_word' id='word_1_291' title='bbox 2194 3112 2353 3166; x_wconf 79' lang='lat' dir='ltr'><strong>obses</strong></span> 
     </span>
     <span class='ocr_line' id='line_1_51' title="bbox 1337 3189 2349 3262; baseline -0.002 -18"><span class='ocrx_word' id='word_1_292' title='bbox 1337 3194 1519 3244; x_wconf 80' lang='lat' dir='ltr'><strong>Romae</strong></span> <span class='ocrx_word' id='word_1_293' title='bbox 1548 3204 1690 3256; x_wconf 84' lang='lat' dir='ltr'><strong>erat,</strong></span> <span class='ocrx_word' id='word_1_294' title='bbox 1721 3190 1789 3243; x_wconf 86' lang='lat' dir='ltr'><strong>de</strong></span> <span class='ocrx_word' id='word_1_295' title='bbox 1810 3207 1913 3262; x_wconf 81' lang='lat' dir='ltr'><strong>qua</strong></span> <span class='ocrx_word' id='word_1_296' title='bbox 1934 3189 2053 3243; x_wconf 82' lang='lat' dir='ltr'><strong>vide</strong></span> <span class='ocrx_word' id='word_1_297' title='bbox 2074 3191 2209 3262; x_wconf 82' lang='lat' dir='ltr'><strong>infra</strong></span> <span class='ocrx_word' id='word_1_298' title='bbox 2232 3209 2349 3262; x_wconf 79' lang='lat' dir='ltr'><strong>cap.</strong></span> 
     </span>
     <span class='ocr_line' id='line_1_52' title="bbox 1347 3267 2357 3342; baseline -0.001 -19"><span class='ocrx_word' id='word_1_299' title='bbox 1347 3289 1436 3341; x_wconf 85' lang='lat'><strong>19,</strong></span> <span class='ocrx_word' id='word_1_300' title='bbox 1453 3270 1548 3324; x_wconf 78' lang='lat' dir='ltr'><strong>sed</strong></span> <span class='ocrx_word' id='word_1_301' title='bbox 1567 3271 1637 3323; x_wconf 84' lang='lat' dir='ltr'><strong>ad</strong></span> <span class='ocrx_word' id='word_1_302' title='bbox 1656 3271 1939 3342; x_wconf 86' lang='lat' dir='ltr'><strong>pristinum</strong></span> <span class='ocrx_word' id='word_1_303' title='bbox 1956 3267 2191 3322; x_wconf 82' lang='lat' dir='ltr'><strong>officium</strong></span> <span class='ocrx_word' id='word_1_304' title='bbox 2211 3289 2357 3323; x_wconf 80' lang='lat' dir='ltr'><strong>revo-</strong></span> 
     </span>
     <span class='ocr_line' id='line_1_53' title="bbox 1341 3348 2354 3403; baseline 0 -2"><span class='ocrx_word' id='word_1_305' title='bbox 1341 3363 1491 3403; x_wconf 83' lang='lat' dir='ltr'><strong>catus</strong></span> <span class='ocrx_word' id='word_1_306' title='bbox 1524 3369 1553 3402; x_wconf 85' lang='lat' dir='ltr'><strong>a</strong></span> <span class='ocrx_word' id='word_1_307' title='bbox 1588 3348 1825 3402; x_wconf 86' lang='lat' dir='ltr'><strong>Vitellio.</strong></span> <span class='ocrx_word' id='word_1_308' title='bbox 1865 3349 2177 3401; x_wconf 84' lang='lat' dir='ltr'><strong>Suetonium</strong></span> <span class='ocrx_word' id='word_1_309' title='bbox 2208 3363 2354 3401; x_wconf 87' lang='lat' dir='ltr'><strong>certe</strong></span> 
     </span>
     <span class='ocr_line' id='line_1_54' title="bbox 1343 3426 2355 3482; baseline -0.002 -2"><span class='ocrx_word' id='word_1_310' title='bbox 1343 3427 1584 3482; x_wconf 87' lang='lat' dir='ltr'><strong>eamdem</strong></span> <span class='ocrx_word' id='word_1_311' title='bbox 1612 3447 1726 3480; x_wconf 87' lang='lat' dir='ltr'><strong>rem</strong></span> <span class='ocrx_word' id='word_1_312' title='bbox 1754 3426 1967 3480; x_wconf 75' lang='lat' dir='ltr'><strong>duobus</strong></span> <span class='ocrx_word' id='word_1_313' title='bbox 1998 3426 2129 3478; x_wconf 82' lang='lat' dir='ltr'><strong>locis</strong></span> <span class='ocrx_word' id='word_1_314' title='bbox 2166 3428 2239 3478; x_wconf 86' lang='lat' dir='ltr'><strong>ita</strong></span> <span class='ocrx_word' id='word_1_315' title='bbox 2272 3430 2355 3478; x_wconf 89' lang='lat' dir='ltr'><strong>sui</strong></span> 
     </span>
     <span class='ocr_line' id='line_1_55' title="bbox 1342 3505 2357 3575; baseline -0.001 -17"><span class='ocrx_word' id='word_1_316' title='bbox 1342 3509 1710 3561; x_wconf 84' lang='lat' dir='ltr'><strong>immemorem</strong></span> <span class='ocrx_word' id='word_1_317' title='bbox 1736 3505 2047 3575; x_wconf 77' lang='lat' dir='ltr'><strong>tradidisse,</strong></span> <span class='ocrx_word' id='word_1_318' title='bbox 2074 3509 2157 3559; x_wconf 79' lang='lat' dir='ltr'><strong>vix</strong></span> <span class='ocrx_word' id='word_1_319' title='bbox 2185 3505 2357 3558; x_wconf 86' lang='lat' dir='ltr'><strong>credi-</strong></span> 
     </span>
     <span class='ocr_line' id='line_1_56' title="bbox 1344 3585 2360 3640; baseline -0.004 0"><span class='ocrx_word' id='word_1_320' title='bbox 1344 3587 1452 3640; x_wconf 82' lang='lat' dir='ltr'><strong>bile</strong></span> <span class='ocrx_word' id='word_1_321' title='bbox 1467 3601 1565 3640; x_wconf 81' lang='lat' dir='ltr'><strong>est.</strong></span> <span class='ocrx_word' id='word_1_322' title='bbox 1586 3589 1807 3640; x_wconf 82' lang='lat' dir='ltr'><strong>Diversa</strong></span> <span class='ocrx_word' id='word_1_323' title='bbox 1828 3589 1881 3638; x_wconf 87' lang='lat' dir='ltr'><strong>in</strong></span> <span class='ocrx_word' id='word_1_324' title='bbox 1902 3589 2137 3640; x_wconf 78' lang='lat' dir='ltr'><strong>Excursu</strong></span> <span class='ocrx_word' id='word_1_325' title='bbox 2158 3585 2229 3638; x_wconf 87' lang='lat' dir='ltr'><strong>ad</strong></span> <span class='ocrx_word' id='word_1_326' title='bbox 2246 3585 2301 3637; x_wconf 87' lang='lat' dir='ltr'><strong>h.</strong></span> <span class='ocrx_word' id='word_1_327' title='bbox 2324 3586 2360 3636; x_wconf 90' lang='grc'><strong>1.</strong></span> 
     </span>
     <span class='ocr_line' id='line_1_57' title="bbox 1347 3662 2356 3740; baseline -0.001 -20"><span class='ocrx_word' id='word_1_328' title='bbox 1347 3662 1808 3740; x_wconf 75' lang='lat' dir='ltr'><strong>disputat&#39;Ei-nest.</strong></span> <span class='ocrx_word' id='word_1_329' title='bbox 1826 3685 2013 3738; x_wconf 83' lang='lat' dir='ltr'><strong>parum</strong></span> <span class='ocrx_word' id='word_1_330' title='bbox 2033 3667 2356 3739; x_wconf 79' lang='lat' dir='ltr'><strong>probabilia.</strong></span> 
     </span>
    </p>

    <p class='ocr_par' dir='ltr' id='par_1_13' title="bbox 1347 3745 2362 4138">
     <span class='ocr_line' id='line_1_58' title="bbox 1409 3745 2361 3816; baseline -0.002 -18"><span class='ocrx_word' id='word_1_331' title='bbox 1409 3749 1523 3798; x_wconf 77' lang='lat' dir='ltr'><strong>XV.</strong></span> <span class='ocrx_word' id='word_1_332' title='bbox 1549 3764 1567 3799; x_wconf 89' lang='grc' dir='ltr'><strong>ι</strong></span> <span class='ocrx_word' id='word_1_333' title='bbox 1581 3784 1593 3797; x_wconf 93' lang='grc'><strong>.</strong></span> <span class='ocrx_word' id='word_1_334' title='bbox 1610 3745 1941 3798; x_wconf 79' lang='lat' dir='ltr'><strong>Incendebat.</strong></span> <span class='ocrx_word' id='word_1_335' title='bbox 1958 3747 2067 3798; x_wconf 87' lang='lat' dir='ltr'><strong>MS.</strong></span> <span class='ocrx_word' id='word_1_336' title='bbox 2085 3747 2237 3816; x_wconf 82' lang='lat' dir='ltr'><strong>cujus</strong></span> <span class='ocrx_word' id='word_1_337' title='bbox 2254 3747 2361 3798; x_wconf 87' lang='lat' dir='ltr'><strong>col-</strong></span> 
     </span>
     <span class='ocr_line' id='line_1_59' title="bbox 1347 3824 2361 3878; baseline -0.002 0"><span class='ocrx_word' id='word_1_338' title='bbox 1347 3825 1602 3878; x_wconf 84' lang='lat' dir='ltr'><strong>lationem</strong></span> <span class='ocrx_word' id='word_1_339' title='bbox 1627 3824 1986 3877; x_wconf 84' lang='lat' dir='ltr'><strong>commodavit</strong></span> <span class='ocrx_word' id='word_1_340' title='bbox 2010 3825 2141 3878; x_wconf 83' lang='lat' dir='ltr'><strong>mihi</strong></span> <span class='ocrx_word' id='word_1_341' title='bbox 2170 3825 2361 3878; x_wconf 86' lang='lat' dir='ltr'><strong>Mulle&#39;-</strong></span> 
     </span>
     <span class='ocr_line' id='line_1_60' title="bbox 1347 3901 2362 3975; baseline -0.002 -19"><span class='ocrx_word' id='word_1_342' title='bbox 1347 3923 1470 3971; x_wconf 85' lang='lat' dir='ltr'><strong>rus,</strong></span> <span class='ocrx_word' id='word_1_343' title='bbox 1495 3901 1665 3956; x_wconf 83' lang='lat' dir='ltr'><strong>habet</strong></span> <span class='ocrx_word' id='word_1_344' title='bbox 1692 3903 2029 3971; x_wconf 77' lang='lat' dir='ltr'><strong>Intendebat,</strong></span> <span class='ocrx_word' id='word_1_345' title='bbox 2060 3903 2209 3975; x_wconf 87' lang='lat' dir='ltr'><strong>quod</strong></span> <span class='ocrx_word' id='word_1_346' title='bbox 2235 3922 2362 3974; x_wconf 84' lang='lat' dir='ltr'><strong>pro-</strong></span> 
     </span>
     <span class='ocr_line' id='line_1_61' title="bbox 1349 3982 2359 4039; baseline -0.002 0"><span class='ocrx_word' id='word_1_347' title='bbox 1349 3985 1443 4039; x_wconf 79' lang='lat' dir='ltr'><strong>bat</strong></span> <span class='ocrx_word' id='word_1_348' title='bbox 1463 3987 1547 4037; x_wconf 73' lang='lat' dir='ltr'><strong>vir</strong></span> <span class='ocrx_word' id='word_1_349' title='bbox 1568 3983 1656 4037; x_wconf 89' lang='lat' dir='ltr'><strong>ille</strong></span> <span class='ocrx_word' id='word_1_350' title='bbox 1680 3984 2015 4038; x_wconf 81' lang='lat' dir='ltr'><strong>doctissimus</strong></span> <span class='ocrx_word' id='word_1_351' title='bbox 2036 3984 2159 4037; x_wconf 90' lang='lat' dir='ltr'><strong>loco</strong></span> <span class='ocrx_word' id='word_1_352' title='bbox 2178 3982 2359 4037; x_wconf 82' lang='lat' dir='ltr'><strong>Tiber.</strong></span> 
     </span>
     <span class='ocr_line' id='line_1_62' title="bbox 1351 4065 2359 4138; baseline -0.002 -20"><span class='ocrx_word' id='word_1_353' title='bbox 1351 4065 1450 4131; x_wconf 84' lang='lat'><strong>62,</strong></span> <span class='ocrx_word' id='word_1_354' title='bbox 1483 4087 1506 4112; x_wconf 75' lang='grc' dir='ltr'>ι</span> <span class='ocrx_word' id='word_1_355' title='bbox 1525 4065 1679 4116; x_wconf 66' lang='lat' dir='ltr'><strong>aux-it</strong></span> <span class='ocrx_word' id='word_1_356' title='bbox 1698 4065 2026 4138; x_wconf 74' lang='lat' dir='ltr'><strong>intenditque</strong></span> <span class='ocrx_word' id='word_1_357' title='bbox 2050 4066 2311 4118; x_wconf 75' lang='lat' dir='ltr'><strong>saevitiam.</strong></span> <span class='ocrx_word' id='word_1_358' title='bbox 2334 4087 2359 4110; x_wconf 73' lang='grc' dir='ltr'><strong>ιο</strong></span> 
     </span>
    </p>

    <p class='ocr_par' dir='ltr' id='par_1_14' title="bbox 1427 4143 2365 4218">
     <span class='ocr_line' id='line_1_63' title="bbox 1427 4143 2365 4218; baseline -0.002 -20"><span class='ocrx_word' id='word_1_359' title='bbox 1427 4163 1476 4198; x_wconf 78' lang='lat'><strong>2.</strong></span> <span class='ocrx_word' id='word_1_360' title='bbox 1514 4144 1604 4197; x_wconf 78' lang='lat' dir='ltr'><strong>Ad</strong></span> <span class='ocrx_word' id='word_1_361' title='bbox 1628 4144 2007 4216; x_wconf 77' lang='lat' dir='ltr'><strong>transferendos</strong></span> <span class='ocrx_word' id='word_1_362' title='bbox 2038 4146 2220 4199; x_wconf 67' lang='lat' dir='ltr'><strong>manis</strong></span> <span class='ocrx_word' id='word_1_363' title='bbox 2238 4143 2365 4218; x_wconf 75' lang='lat' dir='ltr'><strong>fra-</strong></span> 
     </span>
    </p>
   </div>
   <div class='ocr_carea' id='block_1_10' title="bbox 2037 4257 2075 4300">
    <p class='ocr_par' dir='ltr' id='par_1_15' title="bbox 2037 4257 2075 4300">
     <span class='ocr_line' id='line_1_64' title="bbox 2037 4257 2075 4300; baseline 0 0"><span class='ocrx_word' id='word_1_364' title='bbox 2037 4257 2075 4300; x_wconf 75' lang='lat'>2</span> 
     </span>
    </p>
   </div>
  </div>
 </body>
</html>
