3050 5004
1049 482 1662 548 FRAGMENTA.
2268 492 2348 578 47
2369 513 2392 556 ι

306 611 550 681 ludum
576 609 805 678 emissi
828 606 1089 700 gladius
1113 624 1433 677 curvatus
1456 608 1696 676 fuisset
1718 631 1802 676 ex
1823 611 1966 676 acie
1997 629 2184 680 recta
2202 665 2220 695 ,
2252 637 2406 705 pro-

307 723 519 791 currit
557 742 737 788 unus
773 718 861 786 ad
896 742 1056 788 eum
1094 719 1613 812 corrigendum:
1661 735 1946 815 tumque
1981 747 2024 789 a
2057 740 2404 815 pugnante

306 856 710 926 responsum
739 847 843 910 est
860 885 878 915 ,
916 831 1023 900 Sic
1042 819 1342 927 puqitabo
1368 831 1488 918 (al.
1516 836 1644 899 sica
1671 834 2038 928 puqnabo):
2069 834 2228 903 inde
2251 838 2406 904 sicae

305 971 559 1018 nomen
586 945 824 1014 datum
853 960 973 1014 est.

468 1170 930 1236 Commentator
958 1192 1000 1232 v
1052 1190 1128 1232 us
1148 1169 1439 1248 Horatii,
1464 1167 1552 1232 ad
1570 1167 1718 1234 Art.
1750 1169 1926 1234 Poet.
1952 1191 2044 1235 υς.
2079 1167 2236 1250 354.

395 1362 704 1457 Scriptor‚
750 1359 1063 1429 librarius
1082 1411 1099 1443 ,
1147 1359 1515 1455 bibliopola
1531 1413 1548 1444 ‚
1600 1363 1701 1428 uti
1749 1377 2010 1430 veteres
2057 1345 2402 1445 dicebant,

302 1472 488 1569 quod
516 1489 585 1542 et
610 1471 1049 1569 Tranquillus
1078 1471 1391 1540 affirmat.

1220 1693 1470 1762 SuidaS.

406 1878 823 1999 Ασσάρια,
848 1889 1168 1990 ὀβολοί.
1193 1890 1662 1994 Νούμμας
1625 1917 1673 1969 o
1695 1894 2006 1994 πρῶτος
2031 1889 2405 1988 βασιλεὺς

300 2017 502 2123 μετὰ
551 2003 944 2121 Ρωμύλον
995 1997 1383 2122 Ρωμαίων
1426 2016 1796 2122 γεγονώς,
1847 2012 2012 2097 ἀπὸ
2058 2015 2405 2123 σιδήρου

298 2141 446 2222 καὶ
512 2143 835 2243 χαλκοῦ
892 2135 1395 2243 πεποιημένα
1470 2139 2021 2244 (νομίσματα)
2093 2151 2407 2246 πρῶτος

298 2267 741 2374 ἐχαρίσατο
775 2249 1227 2368 Ρωμαίοῑς,
1260 2277 1405 2346 τῶν
1438 2266 1604 2370 πρὸ
1636 2269 1901 2346 αὐταῦ
1929 2263 2236 2346 πάντων
2266 2265 2406 2344 διὰ

298 2387 675 2471 σκυτίνων
690 2387 835 2468 καὶ
861 2388 1353 2494 ὀστρακίνων
1374 2387 1514 2477 τὴν
1540 2389 1826 2494 χρείαν
1853 2385 2396 2492 πληρούντων,

297 2511 503 2621 ἅπερ
544 2514 953 2616 ὠνόμασεν
994 2516 1089 2591 ἐκ,
1115 2515 1270 2597 τοῦ
1298 2512 1521 2592 ἰδίου
1555 2512 1971 2615 ὀνόματος
1994 2513 2396 2615 νούμμια,

296 2636 401 2732 ὥς
442 2651 637 2749 φησι
672 2637 1228 2747 Τράγκυλλος.
1515 2620 1523 2627 ’

870 2875 1127 2943 Serv-ius
1148 2876 1235 2943 ad
1258 2875 1481 2967 Georq.
1508 2874 1642 2957 IV,
1679 2898 1702 2939 ι
1720 2896 1826 2965 27.

390 3076 687 3167 Corycos
718 3074 903 3139 enim
933 3074 1169 3140 civitas
1204 3086 1311 3140 est
1334 3068 1584 3138 ciliciae
1601 3122 1619 3153 ,
1660 3070 1734 3136 in
1759 3090 1898 3163 qua
1927 3084 2204 3137 antrum
2231 3068 2400 3137 illud

294 3186 639 3253 famosum
658 3203 855 3276 paene
876 3181 965 3251 ab
984 3182 1304 3251 omnibus
1327 3178 1761 3250 celebratum.
1788 3183 1874 3247 Et
1894 3200 2018 3272 per
2037 3182 2400 3252 transitum

294 3297 513 3388 mugit
533 3293 885 3363 historiam
904 3308 1348 3362 memoratam
1374 3315 1417 3359 a
1440 3292 1778 3361 Suetonio,
1802 3292 2161 3383 Pompeius
2185 3291 2368 3357 enim
2383 3344 2400 3372 ,

296 3408 493 3475 vietis
518 3407 755 3499 piratis
775 3402 1092 3472 Cilicibus
1111 3457 1128 3488 ,
1158 3405 1408 3498 partim
1424 3393 1678 3473 ibidem
1695 3454 1712 3485 ,
1737 3403 1988 3494 purtim
2007 3403 2080 3469 in
2107 3403 2366 3471 Graecia
2381 3454 2398 3483 ,

294 3520 545 3610 partim
573 3518 645 3585 in
670 3514 977 3585 Calabria
991 3569 1010 3599 ‚
1038 3538 1237 3608 agros
1258 3513 1557 3584 donavit.

882 3739 1063 3806 Idem
1088 3740 1177 3806 ad
1201 3738 1451 3806 AE'neid.
1486 3739 1620 3820 VI,
1657 3761 1808 3828 799.

392 3934 592 4025 Quod
612 3912 843 4005 autem
865 3934 1027 4003 dicit
1044 3987 1061 4016 ,
1095 3958 1343 4039 verum¹
1364 3951 1485 4005 est.
1520 3939 1694 4003 Nam
1725 3950 1795 4001 et
1827 3934 2181 4003 Suetonius
2207 3934 2301 4000 ait
2329 3934 2402 4027 iu

296 4048 455 4117 vita
475 4048 755 4118 Caesaris
774 4096 795 4130 ,
822 4068 1151 4139 responsa
1171 4068 1318 4117 esse
1340 4044 1501 4117 data
1524 4070 1650 4141 per
1667 4060 1886 4115 totum
1909 4043 2177 4127 orbem,
2202 4046 2404 4113 Nasci

296 4160 631 4227 invictum
654 4160 1157 4251 Imperatorem.
