3050 5004
1052 483 1696 551 DOMITIANUS.

2295 483 2428 570 413

329 609 541 676 thenii
567 607 851 681 libertus
866 661 884 691 ‚
920 623 989 674 et
1015 609 1317 676 Saturius
1332 609 1385 692 6,
1416 610 1705 676 Decurio
1733 607 2298 678 cubiculariorum
2317 665 2335 695 ,
2367 631 2435 680 et

328 719 607 814 quidam
624 743 663 788 e
680 718 1077 812 gladiatorio
1095 718 1259 787 ludo
1272 773 1290 803 ,
1314 718 1713 788 vulneribus
1740 736 1998 812 septem
2017 723 2436 793 contrucida-

324 848 491 900 runt
502 843 549 900 ⁷.
590 815 796 915 Puer,
839 837 955 929 qui
998 857 1133 900 arae
1174 834 1450 900 Larium
1488 831 1784 900 cubiculi
1823 857 1905 900 ex
1946 836 2434 904 consuetudine

322 946 647 1012 assistens
658 942 709 1029 ⁸,
730 944 1033 1012 interfuit
1047 941 1237 1027 caedi,
1256 943 1385 1010 hoc
1402 942 1697 1035 amplius
1717 942 2057 1027 narrabat,
2071 941 2342 1036 jussum
2359 969 2434 1014 se

322 1081 366 1122 a
393 1059 777 1124 Domitiano
804 1056 892 1125 ad
915 1060 1211 1149 primum
1238 1058 1464 1123 statim
1486 1055 1738 1123 vulnus
1763 1057 2128 1147 pugionem
2153 1058 2434 1149 pulvino

324 1165 675 1236 subditum
696 1169 1041 1260 porrigere
1062 1220 1079 1250 ,
1106 1189 1187 1234 ac
1208 1167 1554 1233 ministros
1577 1189 1820 1234 vocare
1835 1218 1852 1248 ‚
1877 1190 2101 1260 neque
2123 1167 2210 1234 ad
2231 1187 2437 1262 caput

324 1278 693 1370 quicquam
709 1329 725 1360 ,
752 1293 1033 1369 excepto
1058 1273 1336 1368 capu10,
1366 1291 1435 1342 et
1460 1291 1789 1367 praeterea
1816 1273 2048 1344 clausa
2076 1281 2306 1345 omnia
2331 1303 2436 1347 re-

326 1389 660 1478 perisse9:
692 1402 896 1482 atque
925 1385 1119 1454 illum
1147 1388 1416 1454 interim
1432 1438 1449 1468 ,
1475 1401 1789 1477 correpto
1809 1395 1861 1432 ¹⁰
1888 1384 2316 1481 deductoque
2341 1386 2428 1455 ad

326 1571 397 1623 rii
407 1611 427 1637 ,
451 1586 506 1624 et
528 1585 677 1626 erant
693 1574 805 1625 fere
824 1574 1032 1626 accensi
1052 1573 1334 1626 Centurio·

326 1661 497 1717 num,
536 1651 679 1704 unde
718 1651 1099 1704 cornicularius
1134 1654 1335 1705 Centu-

325 1731 489 1784 rionis
526 1730 672 1802 apud
700 1731 871 1785 Valer.
914 1731 1125 1782 Maxim.
1150 1733 1250 1796 vl,
1284 1748 1331 1798 1,

333 1824 415 1859 ιι.
476 1811 659 1862 Fuisse
722 1825 899 1862 autem
949 1809 1332 1862 cornicularios

326 1889 482 1940 etiam
502 1889 716 1962 vigilum
732 1927 751 1956 ‚
776 1902 827 1942 et
846 1889 1148 1942 cohortium
1171 1889 1335 1942 urba-

324 1985 514 2024 narum
529 2006 546 2033 ‚
575 1980 627 2021 et
644 1967 881 2021 Profecti
901 1969 1036 2022 adeo
1056 1970 1332 2037 Praetorio,

324 2045 485 2099 docet
510 2047 927 2120 Oudendorpius
957 2062 1145 2101 contra
1169 2050 1336 2101 Erne-

324 2128 485 2180 stium
500 2166 518 2194 ,
542 2131 911 2199 conjicientem
934 2129 986 2181 h.
1011 2129 1047 2180 l.
1074 2128 1335 2181 cubicula·

324 2207 459 2271 rius,
483 2225 648 2276 quum
666 2227 856 2280 perum
873 2207 1156 2260 convenire
1172 2208 1220 2260 ei
1241 2225 1335 2279 pu-

326 2298 461 2336 taret
476 2285 905 2354 cornicularium,
919 2285 1221 2356 legionariae
1235 2287 1333 2337 mi·

324 2362 450 2415 litiae
474 2364 763 2417 hominem.

412 2443 465 2496 6.
513 2443 765 2498 Saturius.
818 2445 1141 2517 corruptum
1186 2441 1332 2496 haud

325 2522 492 2575 dubie
520 2542 735 2577 nomen.
768 2522 915 2575 Idem
952 2526 1091 2575 enim
1118 2536 1197 2576 est
1231 2523 1334 2575 ho-

326 2618 451 2665 ιιιο,
480 2604 571 2671 qui
592 2600 790 2686 Xiphil.
820 2602 1037 2667 LXVII,
1068 2600 1163 2667 15,
1186 2608 1333 2666 Σιγει-

326 2667 403 2749 po'c
418 2680 502 2733 vel
514 2669 677 2749 Σηιῖμ
682 2702 724 2739 ος
740 2681 933 2734 dicitur
935 2682 1192 2754 ,8ἱ9σνίαε
1202 2682 1336 2733 Mar-

322 2758 551 2827 tial.1V‚
577 2778 677 2830 79,
703 2774 755 2812 et
773 2760 1081 2813 Tertullian.
1101 2758 1332 2833 Apolog-

311 2858 447 2910 ,σιμ
472 2838 540 2892 35
557 2878 575 2907 ‚
599 2854 650 2891 et
669 2842 898 2909 Victori,
922 2841 1061 2914 Epit.
1086 2842 1211 2909 xu,
1242 2842 1334 2908 14,

328 2918 611 2989 Casperius.
640 2918 722 2971 Cf.
759 2920 985 2971 Reimar.
1022 2918 1091 2969 ad
1118 2917 1155 2969 1.
1183 2935 1335 2969 συ·-

322 2999 549 3052 Deo-urio
559 2997 1001 3051 cubiculariorum
1014 3000 1333 3065 nominatur,

322 3090 385 3131 ut
408 3078 634 3129 Decurio
664 3076 1038 3131 lecticariorum
1068 3078 1123 3129 in
1147 3078 1333 3130 iuscri-

318 3156 507 3228 ptione
518 3194 536 3223 ‚
552 3174 712 3226 quam
728 3157 1053 3227 comparavit
1067 3158 1332 3223 Torrent.‚

322 3248 377 3287 et
410 3235 633 3287 Decun'o
657 3234 860 3287 Palatii
893 3233 1041 3307 apud
1067 3235 1329 3287 Ammian.

318 3314 455 3379 XX,
481 3314 533 3379 4.

396 3410 447 3465 7.
489 3394 938 3447 contrucidarunt.
965 3392 1098 3446 Vide
1124 3392 1329 3466 Xiphil.

320 3475 539 3541 van,
574 3490 655 3545 17.

395 3556 445 3607 8.
494 3556 594 3626 Qui
630 3570 733 3606 aroe
770 3554 1041 3607 Larium...
1082 3554 1327 3605 assistens.

320 3635 637 3706 Recepimus
650 3653 769 3686 cum
781 3633 993 3687 Wolfio
1010 3631 1333 3685 emendatio—

322 3732 445 3765 nem
474 3715 728 3779 Ernestii‚
758 3712 1145 3785 Oudendorpio
1176 3714 1333 3765 etiam

322 3791 623 3864 probatam.
656 3792 811 3863 Vulg.
852 3815 875 3838 ιι
896 3792 991 3863 qui
1026 3808 1217 3845 curoe...
1252 3810 1333 3843 as-

324 3871 530 3921 sistens.
557 3892 580 3916 a
624 3870 908 3922 Burmann.
950 3873 1123 3921 minus
1166 3868 1336 3922 felici-

324 3960 437 4014 ter,
466 3970 489 3995 ι
508 3948 596 4000 σαί
626 3968 747 4001 σανα
783 3949 996 4001 Larium
1035 3949 1282 4001 cubiculi.
1304 3956 1328 3995 f·

322 4030 603 4098 Ingeniosa
642 4040 718 4081 est
746 4029 1057 4099 conjectura
1088 4028 1331 4091 Mulieri,

324 4108 549 4163 Observ.
588 4112 717 4180 pag.
759 4125 854 4179 19,
897 4133 919 4156 ι
940 4109 1033 4181 qui
1071 4126 1195 4160 cura
1232 4107 1335 4160 La-

325 4189 519 4241 rium...
548 4188 818 4255 interfuit,
837 4211 860 4235 a·
890 4201 949 4239 ut
980 4205 1103 4239 cura
1141 4188 1207 4239 sit
1233 4204 1333 4259 pro

1423 1581 1691 1637 curatore,
1721 1569 1930 1624 collatis
1953 1571 2110 1625 ovid.
2135 1572 2350 1626 Heroid.
2373 1577 2400 1626 1
2412 1611 2430 1640 ‚

1429 1653 1558 1718 104:

1501 1737 1666 1778 Tertius
1684 1735 1908 1780 immumloe
1924 1751 2036 1782 cura
2056 1735 2188 1780 fidelis
2205 1737 2334 1791 hara,

1418 1822 1471 1861 et
1511 1809 1740 1862 Trebell.
1786 1811 1915 1862 Poll.
1957 1811 2142 1864 Claud.
2197 1830 2256 1865 η
2275 1850 2292 1879 ,
2337 1811 2431 1865 ubi

1420 1889 1561 1940 inter
1589 1889 1766 1940 officia
1799 1889 1989 1942 domus
2021 1893 2271 1961 Aug-ustie
2305 1907 2430 1942 cura

1419 1968 1662 2020 Proetorii
1687 1987 1883 2039 genere
1915 1970 2133 2022 mascul.
2167 1987 2430 2022 memore-

1420 2059 1523 2098 tur.
1554 2047 1712 2099 Couf.
1742 2047 1818 2099 ibi
1845 2047 2062 2102 Salmas.
2089 2051 2338 2102 Assistens
2359 2051 2434 2102 ita

1422 2122 1668 2177 absolute
1687 2124 1898 2192 dicitur,
1921 2126 2002 2179 vel
2025 2125 2384 2199 supplendum
2403 2147 2435 2180 e

1422 2206 1669 2275 proximo
1695 2205 1924 2258 Laribus.
1963 2209 2100 2258 Pace
2132 2217 2310 2258 tamen
2335 2207 2435 2257 viri

1422 2283 1714 2336 doctissimi
1728 2283 1785 2335 id
1800 2303 2006 2354 regem,
2026 2285 2204 2338 Ovidii
2221 2285 2404 2337 Iocum
2415 2323 2433 2352 ‚

1424 2375 1483 2413 ut
1496 2374 1696 2434 poetic,
1713 2365 1887 2415 minus
1901 2362 2074 2416 valere
2090 2364 2142 2414 iu
2154 2362 2434 2429 historico,

1424 2453 1478 2492 et
1516 2459 1651 2494 curoe
1691 2459 1888 2494 nomen
1929 2441 2074 2513 apud
2108 2441 2433 2494 Trebellium

1422 2523 1616 2591 partim
1631 2523 1943 2574 recentioris
1959 2520 2124 2573 videri
2140 2540 2268 2574 usus
2279 2560 2296 2587 ‚
2311 2540 2434 2592 par·

1422 2600 1517 2650 tim
1539 2618 1646 2652 non
1672 2602 1956 2653 convenire
1977 2618 2128 2651 servo
2148 2600 2202 2651 in
2224 2598 2432 2652 diverso

1424 2678 1624 2730 officio.
1656 2682 1726 2731 Ut
1753 2680 1982 2747 ingenue
2011 2678 2185 2730 dicam
2219 2676 2286 2729 de
2315 2697 2435 2730 mea

1422 2758 1719 2824 sententia,
1759 2760 2052 2830 genuinum
2090 2770 2224 2833 puto
2265 2776 2432 2826 σανα,

1421 2834 1478 2887 h.
1505 2855 1554 2887 e.
1585 2834 1788 2903 cultui,
1819 2855 2004 2905 sacro,
2042 2836 2188 2908 quod
2210 2836 2434 2890 Laribus

1422 2917 1598 2970 fiebat.

1493 3016 1546 3068 9.
1585 3000 1831 3072 Neque...
1866 3001 2119 3072 reperisse.
2149 2997 2436 3053 Ademerat

1420 3078 1622 3129 ferrum
1637 3076 1949 3131 Parthenius
1961 3116 1978 3145 ‚
1999 3092 2218 3132 auctore
2231 3078 2432 3151 Xiphil.

1420 3158 1634 3220 LXVII,
1660 3174 1739 3228 17.
1765 3158 1950 3212 clausa
1969 3160 2176 3223 omnia,
2201 3158 2315 3212 scil.
2341 3180 2432 3212 cu-

1420 3235 1600 3302 bicula
1623 3239 1998 3289 ministrorum.
2031 3239 2263 3290 Pertinet
2293 3240 2432 3289 enim

1422 3315 1492 3368 ad
1507 3319 1704 3388 jussum
1729 3336 1839 3369 se...
1869 3316 2126 3369 ministros
2149 3333 2347 3368 vocare·

1497 3410 1576 3446 ιο.
1612 3396 1870 3466 Correpto.
1891 3392 2242 3465 Oudendorp.
2266 3393 2434 3446 edidit

1420 3492 1544 3525 cum
1563 3474 1768 3544 aliquot
1787 3472 1930 3525 libris
1953 3484 2173 3547 arr-epto.
2199 3475 2324 3525 Mox
2349 3491 2432 3525 σο-

1421 3565 1581 3605 natur
1605 3566 1684 3603 est
1709 3571 1770 3603 ex
1796 3551 2167 3603 emendatione
2191 3551 2433 3605 salmasii

1419 3652 1517 3706 pro
1539 3632 1680 3701 vulg.
1707 3642 1983 3697 conatum,
2011 3632 2155 3703 quod
2175 3633 2299 3685 ferri
2319 3646 2432 3685 tan-

1419 3725 1534 3764 tum
1556 3725 1732 3784 potest
1749 3713 1944 3762 omisso
1960 3712 2113 3774 dum,·
2134 3712 2295 3783 idque
2309 3730 2432 3764 vere

1424 3792 1578 3845 abest
1599 3793 1654 3843 in
1687 3792 1955 3863 plerisque
1989 3790 2169 3857 libris,
2209 3793 2434 3856 fortasse

1426 3891 1489 3925 ex
1522 3869 1728 3923 medela
1769 3870 2121 3923 librariorum.
2162 3870 2432 3922 Correctio

1424 3952 1650 4003 Ernestii
1668 3952 1852 4003 dum...
1875 3962 2154 4003 conaretur
2167 3968 2232 4001 ne
2247 3948 2434 4003 Latina

1427 4029 1642 4101 quidem
1665 4042 1759 4082 est.
1785 4030 1865 4080 De
1889 4027 2028 4079 lucta
2053 4028 2340 4079 Domitiani
2364 4030 2436 4079 vi·

1423 4107 1490 4159 de
1518 4106 1718 4179 Xiphil.
1758 4106 1879 4157 loco
1915 4124 2072 4177 supra
2102 4108 2189 4159 cit.
2227 4118 2278 4157 et
2307 4104 2431 4157 Phi-

1424 4185 1569 4239 lostr.
1599 4187 1744 4250 vm,
1782 4202 1860 4237 to.
