3050 5004
618 426 751 492 318

1368 429 1441 494 C.
1493 429 1964 496 SUETONII

606 556 849 643 pisset,
871 583 898 614 υ
921 553 1298 646 professus»,
1316 559 1576 622 cunctis
1593 555 2116 625 reclamantibus
2130 611 2148 640 ,
2164 581 2312 624 rem
2326 557 2586 628 distulit
2598 585 2622 652 ,-
2633 574 2714 628 ac

604 680 807 732 nocte
826 666 1251 758 interposita,
1273 670 1493 759 primo
1510 666 1813 736 diluculo
1833 667 2256 736 sordidatus-‚⁸
2269 667 2617 738 descendit
2627 668 2717 738 ad
2751 685 2760 694 “

606 778 887 856 Rostra,
923 773 1290 868 multisque
1323 798 1479 843 cum
1516 776 1810 845 lacrimis
1845 776 2087 844 eadem
2114 777 2260 858 illa,
2299 803 2535 849 verum
2573 803 2611 846 e
2643 778 2720 847 li-

608 882 818 966 bello,
844 901 1125 952 testatus
1154 903 1276 954 est.
1312 892 1573 954 Rursus
1599 887 2070 981 interpellante
2093 889 2302 957 milite
2325 914 2404 958 ac
2427 889 2683 984 populo
2699 942 2717 971 ,

609 1014 709 1077 et,
742 1021 829 1064 ne
861 996 1207 1081 deficeret,
1242 996 1589 1082 hortante,
1621 1023 2030 1096 omnemque
2062 1026 2338 1094 operam
2368 1027 2560 1071 suam
2583 1027 2720 1070 cer-

606 1110 795 1174 tatim
836 1103 1227 1200 pollicente,
1262 1111 1568 1177 animum
1600 1114 1951 1194 resumsit;
1985 1110 2444 1206 Sabinumque
2473 1129 2540 1179 et
2570 1112 2722 1180 reli-

609 1241 781 1312 quos
823 1216 1175 1285 Flavianos
1197 1271 1213 1301 ,
1256 1217 1425 1286 nihil
1456 1217 1592 1312 jam
1635 1223 2046 1304 metuentes,
2079 1224 2146 1288 vi
2179 1221 2400 1289 subita
2430 1225 2500 1290 in
2527 1225 2720 1316 Capi-

606 1327 845 1397 tolium
888 1329 1300 1424 compulit9,
1348 1354 1814 1426 succensoque
1860 1331 2116 1426 templo
2160 1335 2424 1400 Jovisro
2464 1333 2719 1425 Optimi

606 1445 882 1510 Maximi
915 1445 1282 1535 oppressit,
1312 1467 1528 1536 quum
1556 1459 1624 1511 et
1655 1443 1966 1536 praeliutn
1986 1498 2002 1526 ,
2035 1459 2102 1510 et
2131 1443 2518 1512 incendium
2541 1468 2580 1510 e
2606 1445 2720 1510 Ti·

608 1551 883 1618 beriana
910 1553 1327 1644 prospiceret
1346 1561 1391 1588 ¹¹
1420 1551 1626 1619 domo
1656 1555 1832 1620 inter
1855 1553 2110 1648 epulae.
2145 1559 2296 1620 Non
2323 1552 2539 1620 multo
2562 1549 2721 1646 post

606 1769 913 1810 serat-entur
931 1779 953 1802 n
997 1753 1148 1825 (cap.
1176 1753 1296 1828 68).
1325 1755 1618 1809 Fluctuan-

607 1848 714 1888 tem
735 1837 872 1888 inter
890 1833 1094 1886 diversa
1114 1834 1333 1887 consilia
1347 1834 1620 1888 Vitellium

608 1917 818 1988 egregie
844 1914 1097 1967 describit
1118 1913 1320 1986 xiphil.
1345 1917 1503 1981 LXV,
1533 1917 1614 1970 16.

605 1996 851 2048 vSuetonii
876 1994 1141 2058 narratio,
1174 2011 1495 2066 quamquam
1533 2013 1618 2046 re·

607 2075 768 2146 liquis
791 2072 1024 2139 brevior,
1048 2075 1445 2126 accuratissima
1472 2072 1616 2126 vide-

608 2167 721 2216 tur;
748 2152 1013 2222 discrepat
1032 2153 1174 2203 enim
1194 2154 1391 2224 passim
1414 2171 1443 2204 a
1461 2153 1619 2204 Taci—

606 2245 702 2299 to,
744 2233 971 2282 maxime
1009 2232 1063 2282 in
1103 2234 1358 2304 temporis
1400 2230 1616 2297 ordine,

606 2329 717 2384 quo
742 2308 949 2380 singula
975 2308 1297 2362 acciderunt.

680 2389 731 2441 8.
769 2388 1105 2454 Sordidatus,
1131 2399 1233 2440 etc.
1253 2389 1423 2440 Tacit.
1446 2407 1494 2440 c.
1516 2386 1613 2453 65,

613 2469 835 2545 «pullo'
838 2471 1037 2522 amictu
1066 2465 1262 2520 Palatio
1292 2467 1617 2541 degreditur,

606 2565 799 2604 moesta
824 2538 1022 2603 circum
1048 2547 1309 2600 familia.
1340 2548 1496 2601 Conf.
1522 2548 1618 2599 Xi-

606 2630 742 2702 phil.
770 2628 876 2681 loc.
908 2631 995 2680 eit.

680 2728 733 2779 9.
770 2708 1020 2761 Animum
1051 2708 1311 2768 resumsit,-
1338 2706 1616 2759 Sabinum-

608 2809 756 2863 que..
838 2786 1106 2859 compulit.
1132 2788 1445 2838 lttvasernnt
1472 2786 1617 2839 Sabi-

608 2886 737 2920 num
767 2868 905 2918 circa
934 2865 1109 2917 lacum
1139 2864 1385 2916 Fundani
1420 2863 1612 2916 milites

608 2948 896 3012 vitelliani,
910 2948 1079 2997 inscio
1094 2946 1365 3017 invitoque
1381 2945 1612 3010 Vitellio,

612 3030 699 3081 cui
721 3026 923 3079 nullum
939 3043 1157 3096 prorsus
1178 3024 1455 3077 consilium
1468 3064 1485 3091 ,
1500 3024 1614 3078 nul·

608 3108 659 3161 la
680 3106 985 3157 auctoritas.
1015 3125 1037 3149 ι
1058 3103 1312 3168 Sabinus,
1333 3122 1389 3155 re
1404 3104 1612 3175 trepida

608 3188 712 3258 (ita
741 3184 911 3255 pergit
931 3184 1099 3234 Tacit.
1126 3200 1174 3233 c.
1204 3182 1331 3253 69),
1362 3175 1507 3253 quod
1538 3196 1614 3234 tu-

608 3268 867 3319 tissimum
888 3283 916 3315 e
936 3260 1312 3334 praesentibus,
1334 3280 1505 3313 arcem
1522 3264 1616 3315 Ca-

609 3345 783 3420 pitolii
806 3342 996 3395 insedit
1024 3340 1188 3393 milite.
1219 3354 1269 3393 et
1295 3341 1612 3414 quibusdam

607 3428 920 3481 Senatorum
940 3422 1313 3493 Equitumque.
1338 3445 1359 3470 ιο
1388 3424 1507 3493 lpse
1529 3423 1613 3471 vi.

606 3504 785 3559 tellius
803 3504 951 3575 (cap.
970 3500 1069 3573 7⁰)
1090 3500 1304 3573 culpem
1322 3502 1377 3553 in
1398 3501 1612 3552 militem

610 3585 946 3649 conferebat,
991 3584 1187 3651 -cujus
1231 3582 1391 3633 nimio
1431 3578 1612 3631 ardori

609 3670 863 3739 imparem
901 3681 1014 3714 esse
1050 3659 1353 3713 modestiam
1393 3676 1560 3711 mam.

609 3748 709 3797 Pro
724 3751 1018 3806 metuentes,
1032 3758 1080 3787 vi
1084 3738 1172 3807 dg.
1188 3746 1445 3802 metuens,
1464 3733 1610 3804 quod

602 3828 721 3897 jure
759 3818 1103 3893 repudiarunt
1136 3817 1451 3877 Burmann,
1492 3815 1610 3866 Ou-

611 3902 798 3967 dend.,
824 3900 1111 3951 Ernestius.

685 4000 765 4037 10.
810 3982 1165 4047 Succensoque
1202 3972 1397 4044 templo
1432 3972 1608 4041 Jovis,

608 4076 709 4118 etc.
742 4079 903 4134 quum
932 4054 1202 4108 Vitelliani
1229 4053 1505 4106 obsessum
1535 4054 1612 4107 ibi

608 4142 861 4195 Sabinum
908 4154 1027 4188 cum
1070 4138 1176 4187 suis
1218 4148 1608 4206 oppugnarent.

1705 1757 1874 1811 Tacit.
1893 1763 2010 1830 cap.
2035 1775 2126 1830 70²
2152 1781 2174 1806 ι
2193 1757 2518 1828 Ambigitur‚
2533 1757 2714 1826 ignem

1706 1839 1860 1891 tectis
1885 1851 2282 1910 oppugnatores
2306 1835 2583 1905 injecerint
2600 1871 2617 1900 ,
2646 1851 2716 1886 an

1708 1916 1941 1984 obsessi,
1955 1937 2070 1990 quae
2083 1918 2320 1970 crebrior
2335 1918 2474 1968 fama
2491 1927 2590 1980 est,
2607 1932 2714 1987 quo

1707 1999 1936 2050 nitentes
1953 2017 2015 2049 ac
2035 2014 2346 2068 progressos
2365 1994 2714 2066 depellerent.

1706 2075 1836 2128 Inde
1868 2077 2050 2148 lapsus
2077 2079 2212 2148 ignis
2249 2078 2306 2127 in
2342 2076 2580 2146 porticus
2612 2090 2715 2144 ap-

1705 2157 1908 2226 positos
1945 2153 2148 2206 aedibus
2170 2175 2184 2216 3
2227 2171 2350 2206 mox
2393 2154 2713 2206 sustinentes

1675 2225 1976 2303 ‘fastigium
2005 2232 2192 2304 nquiloe
2223 2246 2400 2285 vetere
2431 2232 2576 2302 ligno
2614 2243 2714 2283 tra·

1705 2325 1896 2364 xerunt
1925 2311 2190 2363 flammam
2217 2311 2590 2380 alueruntque.
2629 2310 2714 2361 Sic

1705 2389 2058 2464 Capitolium,
2087 2391 2283 2442 clausis
2309 2390 2542 2453 foribus,
2571 2389 2716 2441 inde·

1703 2469 1913 2522 feneum
1943 2481 1996 2522 et
2033 2467 2386 2543 indireptum,
2419 2467 2713 2539 conflagra-

1703 2552 1797 2601 vit.
1817 2572 1839 2597 n
1867 2548 1949 2600 cf.
1978 2547 2176 2621 Xiphil.
2207 2548 2365 2615 va,
2403 2566 2481 2619 ¹7·
2507 2580 2580 2589 —-
2605 2550 2713 2621 op-

1699 2628 1898 2701 pressit.
1925 2626 2198 2699 Singulos,
2229 2630 2324 2700 qui
2345 2632 2583 2699 periere,
2611 2646 2714 2679 no-

1704 2710 1870 2774 mium
1881 2709 2048 2759 Tacit.
2065 2726 2184 2780 cap.
2208 2708 2293 2779 73.
2316 2708 2711 2779 Sabinicorpue

1705 2790 2010 2840 confossum
2029 2787 2516 2858 collaceratnmque
2528 2825 2546 2854 ,
2567 2783 2619 2839 et
2631 2804 2715 2839 ca·

1705 2870 1815 2939 pite
1839 2881 2112 2933 truncum,
2138 2868 2192 2917 in
2221 2867 2506 2919 Gemonias
2539 2880 2714 2919 traxe-

1703 2964 1763 2998 re
1790 2946 2076 2999 Vitelliani.

1783 3044 1799 3080 ι
1821 3046 1860 3079 ι.
1883 3029 2217 3100 Prospiceret.
2228 3026 2445 3079 Nullum
2461 3029 2712 3100 interpre-

1704 3121 1811 3159 tem
1849 3104 2078 3159 offendit
2113 3105 2218 3157 hoc
2255 3118 2502 3177 teinpus,
2544 3124 2708 3179 quum

1702 3182 2034 3237 desiderares
2053 3187 2232 3255 potius
2253 3186 2613 3257 prospexisset,
2639 3185 2711 3237 ob

1703 3264 1982 3335 sequentia
2006 3262 2128 3315 Non
2155 3262 2324 3316 musto
2351 3265 2710 3336 post....jum-·

1704 3344 1806 3408 vit,
1833 3360 1930 3393 nec
1955 3344 2070 3413 ipse
2095 3341 2162 3393 de
2184 3344 2482 3393 mutatione
2502 3344 2710 3412 cogito,

1702 3420 1798 3473 sed
1823 3420 1878 3473 id
1903 3420 2066 3473 modo
2087 3424 2410 3472 monendum
2438 3424 2708 3486 existimo,

1702 3512 1976 3549 auctorem
2005 3498 2060 3550 h.
2091 3498 2126 3549 l.
2168 3516 2277 3550 non
2316 3502 2710 3552 suecesxionem

1700 3582 1960 3650 temporis
1982 3582 2038 3630 in
2059 3581 2244 3645 variis,
2275 3598 2390 3651 quae
2418 3581 2524 3651 egit
2551 3580 2712 3633 Vitel-

1701 3657 1829 3724 lius,
1854 3674 2125 3729 spectare,
2149 3658 2242 3709 sed
2270 3661 2326 3710 in
2353 3656 2708 3710 describendo

1700 3734 1932 3787 hominis
1952 3736 2132 3787 animo
2148 3736 2366 3803 versari,
2385 3748 2491 3787 tam
2509 3736 2712 3807 dispari

1699 3818 1834 3866 intra
1867 3815 2230 3867 brevissimum
2261 3818 2518 3887 temporis
2541 3818 2712 3869 inter-

1697 3893 1911 3961 vallum,
1923 3908 1980 3946 ut
1997 3914 2158 3967 quum
2171 3898 2556 3968 prospiceretsit
2571 3896 2707 3949 idem

1699 3974 1817 4039 ille,
1845 3975 1937 4047 qui
1959 3976 2171 4027 modo...
2197 3976 2569 4066 prospiciebat,
2599 3995 2708 4029 non

1700 4054 1870 4106 multo
1890 4064 2044 4146 post..
2053 4030 2296 4126 ‚juravet
2317 4056 2552 4125 Scriptor
2571 4054 2709 4106 Grae·

1701 4152 1794 4186 cus
1827 4134 2168 4205 participium
2205 4134 2387 4185 aoristi
2423 4135 2704 4204 posuisset.
