3050 5004
1028 464 1537 530 CALIGULA.
1634 519 1639 528 .
2257 471 2333 534 13

215 597 491 676 sumsit,
515 593 942 687 barbamque
965 589 1260 684 posuit-⁷⁶,
1291 593 1436 658 sine
1460 588 1605 657 ullo
1627 587 1917 676 honore,
1942 593 2161 688 qualis
2186 619 2341 664 con-

215 709 462 798 tigerat
487 705 794 772 tirocinio
823 702 1120 768 fratrum
1139 699 1316 795 ejus.
1347 703 1475 767 Hic
1497 698 1817 767 omnibus
1844 702 2103 770 insidiis
2130 719 2343 773 tenta-

218 834 326 884 tus
371 816 786 884 elicientium
829 814 1358 906 cogentiumque
1401 835 1476 879 se
1515 809 1607 878 ad
1638 812 2001 906 querelas4
2017 867 2035 898 ,
2079 815 2340 885 nullam

217 951 526 1022 unquam
579 927 1008 994 occasionem
1055 921 1242 991 dedit
1258 976 1276 1006 ,
1327 920 1611 1016 perinde
1658 922 2011 992 obliterato
2057 951 2339 995 suorum

218 1039 416 1105 msu⁵
435 1093 452 1120 ‚
491 1061 576 1105 ac
609 1040 668 1105 si
695 1034 866 1103 nihil
895 1037 1218 1130 cuiquam
1248 1031 1641 1102 accidisset:
1678 1058 1833 1128 quae
1868 1057 2029 1103 vero
2054 1043 2199 1132 ipse
2226 1063 2341 1132 pa-

220 1163 498 1230 teretur,
521 1144 908 1215 incredibili
926 1143 1462 1212 dissimulatione
1481 1141 2011 1229 transmiaens63
2036 1150 2341 1245 tantique

223 1261 286 1324 in
311 1282 560 1340 avum,
598 1274 669 1324 et
701 1259 820 1351 qui
851 1252 1048 1348 juxta
1080 1269 1305 1337 erant,
1343 1255 1687 1349 obsequii,
1717 1270 1797 1321 ut
1828 1280 1969 1325 non
2004 1259 2341 1326 immerito

221 1375 302 1438 sit
317 1371 583 1438 dictum
597 1424 612 1452 ,
652 1401 682 1430 a
701 1392 831 1436 nec
855 1393 1130 1436 servum
1145 1365 1497 1436 meliorem
1513 1367 1735 1436 ullum
1749 1421 1767 1450 ,
1792 1392 1918 1436 nec
1941 1369 2343 1441 deteriorem

221 1478 578 1549 dominum
603 1481 878 1548 fixisse&
905 1512 932 1541 n
1261 1465 1269 1474 ’

305 1598 426 1661 XI.
479 1597 826 1660 Naturam
875 1609 1104 1659 tamen
1155 1614 1405 1659 saevam
1451 1607 1659 1686 atque
1710 1591 2113 1684 probrosam
2138 1611 2157 1641 ¹
2214 1619 2343 1664 nec

225 1721 378 1770 tunc
401 1702 694 1797 quidem
716 1701 1022 1770 inhibere
1043 1715 1342 1794 poterat,
1367 1703 1534 1795 quin
1559 1717 1629 1768 et
1645 1701 2341 1774 animadversionibus

225 1818 578 1910 pomisque
604 1813 696 1881 ad
722 1814 1136 1909 supplicium
1158 1813 1474 1882 datorum
1497 1812 1932 1906 cupidissime
1952 1819 2340 1903 interesset,

227 1943 286 1992 et
309 1950 568 2018 ganeas
597 1943 806 2020 atque
833 1923 1195 2006 adulteria,
1229 1922 1708 2017 capillamento
1736 1925 2031 1995 celatus2
2058 1946 2127 1996 et
2155 1947 2343 1999 veste

228 2033 452 2130 longa,
487 2035 810 2104 noctibus
844 2035 1092 2120 obiret,
1132 2059 1212 2102 ac
1250 2036 1551 2102 scenicas
1590 2034 1879 2104 saltandi
1918 2038 2342 2137 canendique

229 2165 396 2215 artes
427 2146 930 2216 studiosissime
967 2163 1345 2240 appeteret3
1378 2145 1575 2213 facile
1612 2147 1682 2214 id
1721 2171 1882 2214 sane
1920 2149 2191 2218 Tiberio
2220 2178 2342 2246 pa-

232 2261 468 2341 tiente,
515 2261 576 2328 si
617 2283 746 2353 per
787 2258 913 2326 has
951 2257 1390 2328 mansuefieri
1430 2273 1665 2350 posset
1702 2257 1925 2326 ferum
1966 2256 2113 2352 ejus
2154 2264 2344 2354 inge-

227 2499 232 2502 ’
297 2510 348 2560 3.
373 2511 710 2583 Bai-bamque
731 2511 934 2585 pontit,-
960 2530 1076 2584 quae
1099 2514 1240 2564 initae

239 2587 386 2640 virilis
411 2592 582 2642 etatis
616 2588 912 2643 solennitas
937 2592 1073 2642 festo
1103 2588 1244 2642 cele-

240 2665 376 2717 brari
395 2668 615 2721 solebat.
643 2667 778 2720 Vide
801 2670 1022 2739 Rupert.
1053 2668 1124 2721 ad
1149 2670 1242 2720 Ju-

1331 2510 1697 2563 transmittens.
1719 2514 1893 2563 Tacit.
1914 2510 2106 2563 Auunl.
2126 2514 2197 2565 VI
2207 2550 2224 2577 .,
2244 2514 2311 2580 45
2326 2536 2340 2564 :

1335 2611 1358 2635 α
1377 2590 1544 2655 Nam,
1569 2588 1664 2640 etsi
1692 2602 1993 2641 commotus
2014 2591 2254 2661 ingenio,
2277 2593 2346 2642 si-

1329 2668 1685 2721 mulationum
1706 2683 1880 2721 tamen
1902 2668 2037 2723 falsa
2051 2672 2107 2721 in
2126 2673 2245 2723 sinu
2261 2673 2346 2724 avi

243 2746 400 2797 venai.
419 2752 482 2801 111
493 2788 510 2813 ,
533 2768 550 2801 1
563 2748 656 2801 86.
671 2752 746 2787 -'-
762 2749 946 2819 Qualis
960 2752 1244 2824 contiyerat

243 2828 464 2882 timcinio
473 2829 722 2900 fratrum
747 2831 868 2901 ejus.
891 2828 1048 2881 Conf.
1070 2828 1138 2880 ad
1160 2828 1246 2881 'ri-

241 2904 484 2979 bei-ceap.
519 2908 610 2975 54.

301 2989 350 3057 4.
385 2990 850 3042 Elicientium....
886 2989 1152 3063 querulas,-
1185 2990 1244 3042 id

243 3082 342 3138 est,
375 3070 712 3123 elicientium
753 3069 1024 3142 querelas,
1063 3084 1116 3121 et
1151 3087 1242 3121 co-

241 3151 462 3219 gentium
483 3170 545 3203 se
565 3148 638 3201 ad
654 3149 919 3221 querelas.
938 3153 996 3202 ln
1013 3162 1246 3222 utroque

243 3229 387 3281 verbo
411 3244 498 3283 est
521 3242 752 3281 conatus
778 3230 891 3281 sine
915 3230 1132 3281 effectu.

303 3308 349 3361 5.
377 3310 617 3361 Perinde
639 3306 912 3361 obliterato
931 3328 1136 3361 suorum
1160 3330 1246 3362 ca-

243 3406 315 3450 su,
339 3402 440 3441 etc.
471 3390 652 3441 Tacit.
675 3390 819 3439 Anu.
843 3390 914 3439 Vl
930 3426 947 3452 ,
976 3404 1070 3454 20,
1101 3410 1124 3435 a
1143 3390 1248 3440 im-

245 3484 438 3520 manem
467 3469 712 3519 animum
734 3466 964 3519 subdola
985 3465 1246 3520 modestia

244 3559 443 3617 tegens,
487 3566 604 3598 non
646 3545 992 3598 damnatione
1026 3548 1242 3615 matris,

245 3644 336 3679 non
377 3626 572 3681 exsilio
608 3627 839 3679 fratrum
879 3639 1042 3697 rupta
1080 3642 1244 3688 voce;

247 3706 436 3777 qualem
479 3705 627 3759 diem
669 3704 915 3757 Tiberius
955 3704 1211 3757 induisset
1228 3744 1246 3773 ,

243 3790 342 3855 pari
361 3785 584 3851 babitu,
609 3784 762 3837 haud
792 3783 1020 3835 multum
1045 3783 1248 3837 distan-

248 3865 368 3919 tibus
388 3867 588 3929 τοι-Βίας
611 3889 636 3913 n
675 3863 770 3915 ubi
797 3864 1030 3933 conjicio
1063 3864 1246 3934 legen—

247 3947 382 4016 dnm,
431 3974 454 3995 ι
473 3946 696 4023 qualem
746 3944 865 3998 scil.
903 3932 1145 3997 habitum
1185 3947 1246 3997 in

251 4025 362 4079 diem
385 4027 532 4097 (καθ’
555 4022 1030 4096 ἰμὶραν).Τίδει·ὶιι3
1048 4023 1248 4077 induis-

253 4122 334 4173 set,
355 4110 466 4182 pari
489 4108 709 4162 habitu.
732 4129 758 4152 ιι

319 4186 366 4243 6.
435 4184 764 4244 Incredibili
837 4180 1248 4235 dissimulatione

1330 2748 1705 2822 pei-didicerat.
1727 2772 1750 2796 ι

1403 2848 1454 2899 7.
1493 2828 1605 2880 Nec
1635 2847 1841 2882 servum
1872 2828 2221 2882 ψεῦσται...
2250 2850 2347 2883 nec

1251 2944 1274 2961 ⁸
1330 2907 1637 2961 delet-forem
1676 2908 1950 2961 dominum
1974 2909 2158 2979 fuisse.
2192 2912 2349 2963 Mon·

1331 3002 1615 3055 Τεερυιευ,
1643 2989 1921 3041 Grandem-
1940 3001 1991 3041 et
2012 2990 2341 3059 Defenderam,

1332 3077 1432 3115 etc.
1465 3082 1585 3136 cap.
1616 3066 1733 3133 XV,
1768 3065 1864 3117 ubi
1892 3065 2093 3119 dictum
2128 3070 2347 3135 retulit,

1338 3167 1361 3191 ιι
1383 3164 1470 3197 ces
1494 3144 1637 3196 deux
1664 3144 1851 3198 choses
1876 3160 1999 3198 sont
2026 3166 2168 3201 assez
2189 3148 2345 3213 liees;

1343 3247 1366 3272 ι
1387 3244 1479 3278 car
1505 3225 1559 3278 la
1586 3229 1757 3279 meme
1782 3226 2098 3298 disposition
2127 3229 2349 3303 d’esprit

1343 3327 1366 3351 κ
1389 3308 1479 3377 qui
1496 3306 1593 3358 fait
1608 3306 1769 3378 qu’on
1784 3326 1814 3358 a
1830 3309 1915 3358 ete
1927 3309 2190 3360 vivement
2204 3312 2349 3383 frap-

1341 3406 1364 3432 ι
1385 3388 1454 3455 pe
1472 3383 1539 3437 de
1558 3385 1609 3437 la
1630 3388 1911 3457 puissance
1929 3386 2163 3439 illimitee
2182 3388 2250 3440 de
2264 3410 2346 3443 ce-

1341 3487 1366 3511 «
1383 3466 1458 3517 lui
1487 3468 1579 3538 qui
1607 3466 1947 3534 commende,
1974 3468 2070 3519 fait
2095 3469 2255 3540 qu’on
2276 3490 2345 3523 ne

1341 3566 1363 3591 α
1385 3546 1502 3598 l'est
1514 3564 1609 3617 pas
1626 3548 1796 3598 moins
1807 3583 1825 3612 ,
1847 3547 2063 3619 lorsque
2082 3548 2188 3601 l'on
2200 3551 2347 3602 vient

1339 3648 1363 3671 ι
1385 3628 1414 3677 ὲ
1439 3626 1786 3678 commander
1808 3628 2103 3679 soi-meme.
2124 3652 2147 3674 ιι

1403 3704 1494 3758 XI.
1532 3722 1581 3756 1.
1608 3706 1811 3757 Soevam
1835 3717 1993 3777 atque
2012 3706 2345 3778 probrosam,-

1332 3800 1549 3850 soevam‚
1584 3784 1732 3855 quod
1759 3786 2033 3858 suppliciis
2060 3789 2310 3841 interesse
2327 3827 2345 3856 ‚

1329 3864 1650 3935 probrosam,
1662 3864 1807 3937 quod
1818 3883 2012 3937 ganea-s
2026 3881 2186 3939 atque
2202 3866 2349 3920 adul-

1333 3946 1469 3997 teria
1493 3944 1643 3997 obire
1666 3946 1885 3999 solebat.

1409 4040 1458 4075 2.
1500 4022 1887 4096 capillamento
1917 4025 2126 4079 celatus.
2160 4028 2347 4100 capil-

1335 4101 1657 4170 lamentum,
1676 4106 1981 4175 apposititia
2002 4122 2183 4174 coma,
2202 4106 2347 4179 quali

1333 4181 1581 4237 mulieres
1606 4184 1681 4236 uti
1706 4183 1893 4236 solent.
