3050 5004
638 381 771 464 432
1394 379 1468 444 c.
1520 377 1988 443 summan

634 523 825 576 tanto
856 529 1089 576 amore
1128 526 1290 598 erga
1331 509 1600 598 patroni
1639 506 2040 572 memoriam
2083 505 2366 586 exstitit,
2409 521 2486 571 ut
2528 502 2736 572 Sallu-

638 621 843 686 stium
871 617 1300 695 historicum,
1328 613 1514 708 quod
1545 638 1704 682 eum
1741 645 1767 674 a
1791 615 1928 682 oris
1955 613 2274 706 improbi,
2305 617 2534 681 auimo
2558 617 2736 680 inve-

637 728 943 798 recundo
964 779 981 810 ,
1006 757 1035 788 n
1102 705 1478 818 scripsisset
1496 779 1513 806 ,
1571 725 2003 794 acerbissima
2057 727 2262 794 satira
2319 725 2736 803 laceraverit,

648 869 677 898 κ
698 839 1076 906 lastaurum
1100 867 1126 896 υ
1168 853 1237 903 et
1292 866 1319 894 a
1341 835 1727 918 lurconem,
1757 863 1785 896 n
1839 853 1910 904 et
1961 865 1990 898 α
2015 836 2426 933 nebulonem
2471 839 2738 928 popino-

640 973 936 1045 nemque
958 979 985 1009 n
1020 945 1406 1041 appellans,
1436 964 1505 1015 et
1541 977 1568 1006 a
1598 949 1732 1014 vita
1759 948 2160 1042 scriptisque
2183 953 2678 1028 monstrosum3
2705 977 2732 1004 υ

637 1075 965 1152 praeterea
1006 1089 1033 1118 a
1056 1059 1441 1151 priscorum
1470 1059 1878 1152 Catonisque
1913 1058 2278 1126 verborum
2310 1057 2744 1126 ineruditissi-

642 1194 836 1238 mum
870 1170 1112 1238 furem.
1144 1199 1172 1229 υ
1208 1168 1530 1237 Traditur
1561 1185 1788 1237 autem
1821 1193 1996 1262 puer
2019 1168 2246 1238 adhuc
2279 1169 2554 1238 Athenis
2589 1169 2740 1236 sub·

642 1292 914 1376 reptus¹
942 1335 959 1366 ,
998 1281 1325 1373 refugisse
1363 1285 1435 1350 in
1476 1285 1804 1374 patriam3
1849 1285 2324 1376 perceptisque
2361 1281 2741 1350 liberalibus

643 1393 1047 1488 disciplinis,
1094 1396 1387 1486 pretium
1428 1419 1633 1464 suum
1673 1394 1952 1463 domino
1993 1395 2342 1476 retulisse,
2382 1397 2623 1464 verum
2661 1394 2742 1462 ob

645 1507 995 1603 ingenium
1016 1520 1085 1573 et
1106 1502 1483 1572 doctrinam
1510 1507 1716 1598 gratis
1739 1508 2222 1574 manumissus,

740 1620 915 1684 XVI.
966 1621 1049 1703 Q.
1080 1621 1395 1684 ememus
1418 1622 1706 1686 Ermou
1727 1671 1746 1700 ,
1773 1616 2056 1686 Tusculi
2077 1635 2307 1697 natus,
2339 1618 2624 1686 libertus
2647 1625 2746 1685 At-

647 1729 793 1810 tici,
832 1729 1093 1822 Equitis
1130 1731 1446 1808 Romani,
1485 1726 1586 1795 ad-
1607 1753 1812 1823 quem
1853 1745 2016 1797 sunt
2047 1731 2385 1797 Ciceronis
2419 1727 2741 1821 epistolae,

650 1861 867 1933 quum
897 1837 1105 1904 filiam
1140 1841 1441 1929 patroni,
1481 1857 1769 1932 nuptam
1803 1845 2034 1907 Marco
2067 1841 2412 1933 Agrippae,
2452 1839 2743 1919 doceret,

650 1961 1005 2041 suspectus
1028 1949 1101 2014 in
1120 1974 1197 2016 ea
1214 2002 1233 2031 ‚
1258 1965 1327 2016 et
1344 1949 1434 2018 ob
1458 1951 1588 2018 hoc
1611 1967 1910 2019 remotus
1925 2005 1943 2034 ,
1965 1951 2052 2020 ad
2073 1951 2462 2019 Cornelium
2485 1949 2746 2018 Gallum

651 2083 727 2128 se
754 2060 1072 2129 contulit:
1108 2064 1405 2156 vixitque
1437 2086 1575 2130 una
1609 2063 2157 2146 familiarissime,
2192 2061 2378 2158 quod
2403 2065 2536 2155 ipsi
2565 2059 2747 2130 Gallo

650 2173 829 2240 inter
848 2176 1240 2264 gravissima
1254 2176 1541 2241 crimina
1557 2173 1643 2242 ab
1662 2181 1968 2268 Augusto
1985 2172 2318 2268 objicitur.
2340 2178 2499 2240 Post
2517 2172 2622 2240 dei
2631 2173 2750 2240 nde

654 2281 1161 2352 damnationem
1177 2301 1602 2381 mortemque
1623 2285 1828 2367 Galli,
1855 2286 2160 2355 scholam
2179 2287 2476 2378 aperuit3
2499 2285 2620 2352 sed
2641 2289 2749 2362 ita,

654 2410 733 2461 ut
760 2398 995 2487 paucis
1014 2450 1035 2480 ,
1054 2412 1133 2472 ,et
1158 2411 1425 2464 tantum
1450 2394 1993 2465 adolescentibus
2017 2398 2447 2490 praeciperet,
2481 2411 2754 2487 praetex-

653 2522 793 2574 tato
815 2510 1103 2593 nemini,
1126 2512 1257 2577 nisi
1278 2512 1337 2577 si
1359 2506 1558 2602 cujus
1581 2512 1846 2601 parenti
1868 2508 2000 2577 boc
2021 2508 2323 2577 officium
2347 2532 2602 2600 negare
2622 2530 2750 2573 non

653 2635 903 2712 posset.
929 2622 1197 2689 Primus
1220 2618 1469 2690 dicitur
1490 2623 1728 2689 Latine
1751 2645 1836 2689 ex
1859 2638 2166 2714 tempore
2185 2617 2572 2715 disputasse
2587 2672 2604 2701 ,
2631 2618 2752 2711 pri-

654 2752 945 2826 musque
958 2731 1317 2823 Virgilium
1329 2748 1398 2800 et
1414 2730 1582 2800 alios
1597 2748 1832 2825 poetas
1847 2756 2058 2799 novos
2072 2732 2440 2826 praelegere
2453 2732 2750 2824 coepisse,

658 2834 845 2933 quod
872 2840 1077 2907 etiam
1102 2815 1378 2908 Doniitii
1400 2842 1610 2909 Marsi
1640 2840 2012 2909 versiculus
2037 2840 2318 2921 indicat,

898 2973 1187 3057 Epirota,
1208 2974 1586 3035 tenellorum
1611 2974 1926 3036 nutricula
1947 2988 2178 3035 vatum.
2239 3028 2248 3036 .

748 3108 963 3173 XVII.
993 3110 1272 3174 Venatus
1294 3110 1615 3188 FLACCUS,
1636 3106 2022 3192 libertinus,
2041 3106 2327 3174 docendi
2351 3128 2601 3199 genere
2627 3126 2755 3169 ma-

660 3220 840 3288 xime
866 3218 1200 3287 inclaruit.
1232 3224 1540 3315 Namque
1567 3220 1654 3289 ad
1687 3220 2111 3289 exercitanda
2139 3220 2545 3287 discentium
2582 3219 2753 3307 inge-

659 3331 771 3397 nia
802 3329 1101 3425 aequales
1138 3332 1315 3397 inter
1348 3356 1419 3399 se
1450 3334 1872 3399 committere
1911 3329 2198 3413 solebat,
2237 3330 2592 3423 proposita
2625 3348 2752 3392 non

660 3440 885 3510 solum
922 3444 1232 3526 materia,
1271 3467 1477 3537 quam
1509 3442 1909 3526 scriberent,
1956 3441 2074 3509 sed
2115 3458 2182 3508 et
2219 3441 2540 3533 praemio,
2583 3432 2754 3531 quod

661 3554 876 3620 victor
909 3552 1224 3622 auferret.
1268 3552 1343 3621 Id
1379 3568 1524 3623 erat
1559 3554 1727 3621 liber
1763 3552 2007 3648 aliquis
2050 3554 2407 3647 antiquuS,
2447 3545 2752 3641 pulcher,

658 3680 778 3730 aut
802 3666 1035 3733 rarior.
1062 3670 1287 3751 Quare
1304 3664 1391 3731 ab
1414 3672 1720 3757 Augusto
1745 3688 2014 3760 quoque
2035 3660 2396 3756 nepotibus
2421 3656 2570 3751 ejus
2597 3678 2749 3749 prae·

660 3789 895 3865 ceptor
926 3771 1209 3859 electus,
1240 3776 1503 3841 transiit
1529 3776 1598 3841 in
1635 3773 1966 3841 Palatium
2003 3796 2159 3841 cum
2186 3786 2326 3838 tota
2355 3766 2622 3846 schola3
2658 3787 2754 3831 ve-

736 3933 849 3986 XV.
894 3952 937 3985 ι.
976 3934 1197 3990 Athenis
1231 3938 1507 4010 subreptus.
1547 3938 1670 3989 Hoec
1759 3955 1972 3989 sensum
1994 3933 2207 4007 praebet.
2231 3932 2398 3984 Gron.
2425 3926 2640 3997 conjicit
2661 3923 2753 3972 ea·

664 4014 865 4066 Heinsii
890 4030 969 4067 est
996 4017 1319 4070 emendatio.
1340 4016 1495 4087 Vulg.
1527 4030 1668 4068 cate·
1759 4016 1899 4067 tinoe.
1929 4012 2140 4064 Certum
2161 4011 2264 4063 hoc
2287 4007 2515 4071 videtur,
2538 4002 2604 4053 de
2623 4014 2744 4070 qua·

666 4092 779 4159 “559
818 4094 966 4165 quod
998 4096 1203 4151 nullum
1238 4098 1323 4151 vel
1357 4096 1670 4171 impeditum
1759 4084 2738 4165 cumqueregionesermonemhicesse.
