3050 5004
647 417 781 483 320
1403 408 1477 475 c.
1530 393 2000 476 s‘u‘E'ronit

638 542 976 608 Continuo
1006 536 1213 627 igitur
1238 531 1593 603 abstrusus
1627 536 1986 626 gestatoria
2017 530 2261 618 sella2,
2285 532 2556 604 duobus
2589 534 2748 605 solis

642 648 1034 730 comitibuS,
1062 648 1316 739 pistore
1343 660 1411 712 et
1433 655 1690 740 coquo,
1719 647 2131 715 Aventinum
2159 664 2228 715 et
2251 663 2606 739 paternam
2628 647 2748 715 do-

642 785 835 831 mum
876 759 1051 827 clam
1091 759 1309 849 petiit,
1338 772 1417 823 ut
1450 755 1612 823 inde
1652 760 1723 838 in
1761 760 2196 849 Campaniam
2231 758 2514 853 fugeret.
2551 764 2746 841 Mox,

642 874 775 941 levi
803 893 1075 938 rumore
1106 885 1175 935 et
1200 871 1487 950 incerta,
1518 882 1841 963 tanquam
1865 892 1998 962 pax
2024 872 2384 963 impetrata
2409 887 2620 955 esset,
2647 896 2748 939 re-

643 986 803 1053 ferri
842 1008 914 1051 se
944 985 1011 1050 in
1041 981 1373 1049 Palatium
1400 1005 1641 1074 passus
1671 998 1774 1049 est
1803 1009 1820 1049 τ
1847 982 1965 1049 ubi
1993 1008 2208 1077 quum
2229 982 2496 1050 deserta
2523 985 2750 1051 omnia

644 1097 1037 1188 reperisset,
1069 1090 1522 1159 dilabentibus
1557 1094 1786 1175 etiam,
1824 1094 1943 1187 qui
1981 1090 2182 1161 simul
2221 1109 2444 1175 erant,
2479 1118 2650 1161 zona
2677 1116 2748 1160 se

642 1218 1007 1275 aureorum
1052 1203 1252 1297 plena
1300 1202 1782 1286 circumdedit3
1831 1205 2275 1300 confugitque
2315 1206 2386 1272 in
2435 1204 2748 1274 cellulam

636 1317 979 1413 janitoris,
1022 1316 1300 1409 religato
1342 1340 1467 1410 pro
1510 1315 1768 1385 foribus
1811 1340 2009 1400 cane,
2055 1316 2364 1413 lectoque
2401 1333 2470 1385 et
2509 1315 2748 1385 culcita

612 1428 947 1523 ‚objectis
985 1510 993 1513 ,

736 1542 946 1609 XVII.
1000 1542 1395 1629 Irruperant
1428 1533 1574 1629 jam
1595 1546 1612 1575 ¹
1659 1539 1945 1628 agminis
1987 1552 2479 1623 antecessoreS,
2519 1562 2601 1606 ac
2634 1561 2752 1605 ne-

644 1653 827 1719 mine
856 1649 1055 1718 obvio
1085 1648 1536 1745 rimabantur,
1570 1663 1647 1715 ut
1675 1648 1787 1729 fit,
1825 1648 2111 1741 singula.
2148 1646 2248 1716 Ab
2275 1646 2380 1740 his
2414 1663 2750 1717 extractus

645 1788 684 1832 e
707 1762 995 1845 latebra,
1021 1762 1466 1856 sciscitanteS,
1496 1789 1523 1820 a
1544 1763 1694 1855 quis
1715 1777 1892 1827 esset
1911 1792 1935 1822 n
1967 1765 2149 1847 (nam
2175 1760 2661 1853 ignorabatur),
2687 1780 2757 1829 et

654 1906 681 1937 a
705 1874 823 1942 ubi
844 1897 993 1941 esse
1009 1870 1353 1943 Vitellium
1378 1873 1610 1955 sciret,
1633 1903 1660 1934 a·
1687 1870 2042 1939 mendacio
2061 1872 2294 1941 elusit:
2311 1869 2556 1940 deinde
2573 1876 2758 1965 agni·

646 2001 757 2051 tus
774 2036 793 2066 ,
816 2006 1055 2073 rogare
1084 2005 1222 2048 non
1254 1979 1511 2049 destitit
1529 2034 1547 2064 ,
1577 1984 1769 2076 quasi
1800 1979 2114 2078 quaedam
2145 1981 2232 2050 de
2260 1982 2474 2051 salute
2505 1988 2760 2076 Vespa-

649 2096 823 2163 siani
861 2092 1164 2161 dicturus
1185 2145 1203 2175 ,
1242 2108 1321 2159 ut
1364 2090 1818 2161 custodiretur
1862 2096 2134 2161 interim
2173 2093 2281 2163 vel
2323 2098 2394 2161 in
2439 2117 2756 2163 carcere:

648 2204 867 2274 donec
894 2204 1189 2297 religatis
1214 2220 1366 2298 post
1394 2223 1582 2297 εει-μ
1608 2204 1956 2288 manibus,
1982 2203 2229 2299 injecto
2261 2204 2635 2275 cervicibus
2657 2206 2768 2279 la-.

650 2341 859 2417 que0,
894 2334 1081 2386 veste
1117 2316 1428 2401 discissa,
1466 2316 1864 2387 seminudus
1903 2318 1974 2385 in
2006 2324 2256 2389 Forum
2293 2336 2544 2387 tractus
2575 2336 2758 2404 ²est,

646 2434 820 2499 inter
842 2453 1090 2523 magna
1110 2452 1341 2496 rerum
1364 2426 1866 2524 verborumque
1895 2427 2186 2497 ludibria
2201 2481 2219 2513 ,
2243 2453 2370 2524 per
2391 2446 2608 2497 totum
2629 2432 2759 2499 viae

721 2629 770 2663 2.
812 2609 1133 2662 Continuo...
1161 2609 1411 2662 abstrusus
1436 2619 1660 2682 qestato—
1750 2591 1811 2676 Β,
1851 2631 1873 2657 ι
1895 2629 1924 2661 e
1952 2609 2186 2684 tuqurio,
2225 2629 2336 2682 quo
2365 2628 2421 2661 se
2449 2606 2762 2676 abdiderat,

648 2691 726 2744 ria
750 2689 909 2755 sella,
934 2701 1036 2740 etc.
1056 2689 1228 2740 Tacit.
1253 2708 1299 2740 c.
1329 2687 1393 2742 85
1415 2711 1426 2740 z
1458 2712 1481 2736 a
1500 2686 1660 2740 Vitel-
1731 2689 2021 2762 janitoris»
2040 2688 2362 2760 productum
2385 2688 2542 2753 dicit,
2561 2690 2762 2742 rectius

646 2771 780 2836 lius,
804 2782 965 2841 capta
983 2765 1157 2834 Urbe,
1180 2788 1279 2838 per
1302 2787 1542 2820 aversam
1566 2770 1660 2820 Pa-

647 2849 764 2901 latii
780 2859 981 2918 partem
993 2883 1010 2909 ‚
1030 2843 1349 2898 Aventinum
1366 2847 1422 2897 ἰη
1442 2847 1656 2900 domum

649 2926 826 2980 uxoris
851 2922 1043 2978 sellula
1070 2923 1316 2995 defertur,
1342 2939 1429 2990 ut,
1451 2926 1496 2977 si
1518 2925 1659 2981 diem

646 3002 856 3060 latebra
883 3005 1181 3070 vitavisset,
1216 3004 1558 3056 Tarracinam
1591 3003 1661 3058 ad

651 3081 903 3137 cohortes
962 3083 1286 3156 fratremque
1340 3084 1657 3154 perfugeret.

652 3164 823 3226 Dein,
862 3158 1159 3212 mobilitate
1192 3160 1418 3230 ingenii,
1456 3173 1509 3213 et
1545 3180 1660 3233 quoe

652 3255 845 3296 natura
878 3239 1091 3310 pavoris
1127 3251 1239 3301 est,
1282 3257 1446 3310 quum
1481 3241 1662 3291 omnia

651 3319 909 3374 metuenti
932 3318 1207 3387 praesentia
1233 3319 1457 3369 maxime
1479 3317 1662 3389 displi-

651 3411 861 3460 cerent,
886 3397 941 3447 in
963 3395 1235 3449 Palatium
1262 3398 1556 3470 regreditur,
1579 3415 1663 3449 va-

652 3491 791 3532 stum
818 3474 1219 3547 desertumque,
1248 3473 1464 3546 dilapsis
1499 3477 1660 3527 etiam

648 3555 841 3610 infimis
871 3555 1229 3617 servitiorum,
1261 3567 1353 3604 aut
1378 3572 1660 3608 occursum

649 3637 764 3705 ejus
782 3630 1193 3685 declinantibus.
1215 3631 1400 3684 Terret
1424 3631 1658 3684 solitudo

650 3727 705 3765 et
732 3721 965 3762 tacentes
991 3708 1129 3773 loci;
1158 3723 1328 3761 tentat
1348 3711 1559 3773 clausa3
1583 3713 1658 3763 in-

646 3788 907 3842 horrescit
924 3789 1135 3846 vacuis·;
1160 3787 1437 3858 fessusque
1464 3791 1656 3841 misero

650 3885 859 3932 errore,
897 3877 947 3917 et
970 3867 1219 3938 pudenda
1259 3864 1455 3918 latebra
1492 3882 1657 3920 semet

646 3947 949 4011 occultans,
988 3945 1055 3998 ab
1082 3945 1224 3998 Julio
1256 3947 1501 4016 Placido,
1534 3949 1653 4001 Tri-

634 4027 787 4080 buno
826 4025 1095 4092 cohortis,
1134 4025 1479 4098 protrahitur.
1503 4052 1525 4074 n
1569 4029 1649 4082 Cf.

1748 2784 1876 2819 sane
1892 2780 1944 2818 et
1957 2767 2211 2820 Suetonio
2228 2781 2388 2839 atque
2407 2769 2617 2820 veritati
2634 2786 2764 2819 con·

1749 2849 2074 2915 venientius,
2113 2866 2271 2920 quam
2301 2867 2416 2920 quae
2453 2846 2762 2920 xiphilinus

1749 2925 1818 2979 de
1851 2913 2069 2992 ahilam·
2098 2925 2312 2994 σκὸτικῷ
2328 2964 2345 2990 ,
2375 2926 2422 2982 iv
2451 2922 2492 2996 ᾖ
2520 2927 2764 2998 ι’·ηίφοηο

1750 3003 1899 3068 κόνις,
1937 3026 1998 3058 ex
2029 3006 2165 3058 male
2192 3006 2463 3059 intellecto
2503 3010 2764 3079 scriptore

1749 3086 1954 3148 Latino.
1982 3083 2116 3137 Vide
2139 3084 2366 3138 Casaub.
2393 3084 2463 3138 ad
2487 3086 2592 3138 loc.
2618 3099 2762 3140 nost.

1750 3176 1804 3215 et
1829 3163 2055 3215 Reimar.
2089 3162 2158 3215 ad
2185 3161 2385 3236 Xiphil.

1821 3242 1982 3292 xvn.
2033 3259 2076 3293 1.
2120 3243 2434 3314 Irruperant
2465 3245 2614 3313 jam,
2656 3243 2793 3295 etc.'

1747 3319 1905 3392 Vulg.
1930 3321 2238 3390 Irruperant
2259 3332 2432 3372 autem
2440 3320 2593 3393 jam,
2619 3333 2722 3373 etc.

1823 3417 1872 3450 2.
1911 3399 2090 3452 Donec
2116 3398 2388 3472 reliqatt's..
2405 3439 2418 3451 .
2449 3400 2702 3453 manibus.
2719 3437 2759 3452 ..

1751 3487 1939 3530 tractus
1961 3489 2048 3530 est.
2068 3477 2237 3529 Tacit.
2259 3477 2293 3528 l.
2316 3477 2364 3529 c.
2393 3499 2417 3523 ι
2435 3478 2638 3530 Vinctae
2659 3496 2764 3549 po-

1749 3573 1820 3607 ne
1848 3569 2054 3628 tergum
2090 3573 2308 3618 manus3
2345 3555 2544 3608 laniata
2581 3571 2762 3624 veste,

1747 3630 1949 3683 foedum
1993 3631 2388 3704 spectaculum,
2429 3633 2762 3700 ducebatur,

1747 3710 1928 3764 multis
1949 3711 2377 3784 increpantibus,
2398 3712 2549 3764 nullo
2569 3712 2765 3764 illacri-

1747 3802 1941 3842 mame.
1979 3791 2304 3842 Deformitas
2343 3792 2514 3844 exitus
2551 3791 2761 3843 miseri-

1746 3869 1980 3924 cordiam
2007 3870 2318 3923 abstulerat.
2341 3893 2364 3918 n
2392 3872 2470 3923 Cf.
2497 3871 2756 3946 xiphilin.

1743 3950 1778 4002 l.
1803 3970 1850 4003 c.
1873 3948 2051 4004 Aurel.
2074 3951 2276 4016 Victor,
2303 3949 2432 4002 Caes.
2456 3951 2517 4018 8,
2540 3966 2593 4003 et
2614 3952 2758 4022 Epit.

1743 4031 1799 4093 8;
1830 4029 2051 4102 Eun-op.
2084 4031 2207 4095 Vll,
2245 4046 2339 4094 ης
2372 4029 2593 4103 Joseph.
2623 4029 2753 4084 Bell.
2802 4096 2808 4102 ,

635 4106 839 4178 Xiphil.
859 4123 977 4174 cap.
1000 4122 1083 4158 πο.
1103 4104 1277 4158 Aurei.
1298 4107 1499 4174 Victor,
1520 4107 1645 4162 Caes.
1739 4109 1863 4163 Jud.
1890 4111 1978 4176 IV,
2014 4126 2034 4160 1
2050 4126 2097 4176 1,
2125 4109 2176 4175 4.
