3050 5004
656 472 793 555 346
1410 473 1487 537 C.
1537 471 2016 539 SUEToml

672 626 737 671 oc
758 596 1714 695 amcolloquaedamextulit:
1737 594 2612 692 mmmmquetabulamni
2633 600 2756 667 tria

652 712 899 791 millia,
926 734 1083 805 quae
1108 708 1313 777 simul
1338 708 1950 801 conflagraverunt,
1987 706 2402 777 restituenda
2433 710 2754 800 suscepit,

652 821 957 917 undique
986 823 1401 913 investigatis
1434 820 1966 915 exemplaribus3
1994 823 2521 889 instrumentum
2551 822 2754 913 impe·

654 936 735 1001 rii
763 932 1297 1026 pulcherrimum
1318 958 1401 1001 ac
1424 936 1960 1001 vetustissimum
1973 931 2058 1015 ⁸⁴,
2081 956 2220 1027 quo
2247 932 2757 1000 continebantur

654 1070 851 1139 paene
870 1044 961 1113 ab
982 1044 1263 1115 exordio
1282 1046 1485 1115 Urbis
1504 1043 2098 1116 Senatusconsulta
2110 1096 2129 1126 ,
2149 1043 2498 1137 plebiscita
2511 1097 2529 1127 ,
2549 1042 2636 1111 de
2655 1068 2758 1111 so-

652 1160 926 1241 cietate,
950 1173 1021 1225 et
1040 1155 1289 1225 foedere
1303 1210 1322 1240 ,
1344 1180 1427 1225 ac
1448 1156 1832 1250 privilegio,
1857 1160 2240 1251 cuicunque
2263 1158 2624 1224 concessis,

750 1272 865 1335 lx.
916 1270 1101 1336 Fecit
1132 1284 1203 1336 et
1236 1292 1414 1336 nova
1448 1292 1690 1361 opera,
1719 1266 2052 1360 templum
2085 1270 2304 1334 Pacis⁸
2337 1271 2512 1334 Foro
2539 1268 2760 1360 proxi-

654 1400 881 1461 mum3
916 1380 1203 1475 Divique
1228 1378 1528 1447 claudii²
1555 1382 1628 1446 in
1649 1377 1858 1446 Coelio
1885 1392 2149 1459 monte,
2173 1394 2466 1470 coepmm
2493 1376 2762 1473 quidem

654 1488 745 1557 ab
768 1490 1171 1582 Agrippina,
1194 1487 1317 1557 sed
1352 1514 1393 1555 a
1430 1496 1698 1557 Nerone
1725 1512 1940 1581 prope
1969 1485 2274 1554 funditus
2301 1484 2758 1554 destructum:

656 1600 821 1665 item
844 1598 1478 1693 Amphitheatrum³
1506 1599 1694 1668 Urbe
1717 1598 1972 1678 media,
1995 1614 2076 1665 ut
2101 1596 2474 1665 destinasse
2499 1620 2766 1690 compe-

656 1727 839 1777 rerat
850 1716 1255 1801 Augustum.
1276 1711 1748 1803 Amplissimos
1767 1707 2080 1778 ordines⁴
2093 1762 2112 1791 ,
2131 1726 2200 1777 et
2211 1708 2570 1777 exhaustos
2585 1708 2764 1776 coede

656 1822 873 1902 varia,
908 1837 977 1887 et
1006 1823 1497 1888 contaminatos
1522 1824 1736 1890 veteri
1761 1819 2200 1913 negligentia,
2233 1823 2578 1913 purgavit,
2607 1842 2766 1911 sup-

660 1930 1035 2024 plevitque,
1060 1954 1342 1999 recenso
1380 1936 1632 2000 Senatu
1657 1948 1728 2000 et
1751 1935 2033 2027 Equite3
2063 1933 2419 2000 summotis
2446 1929 2767 2022 indignis-

660 2042 886 2123 simiS,
924 2056 993 2107 et
1026 2040 1504 2110 honestissimo
1544 2066 1820 2139 quoque
1859 2040 2247 2109 Italicorum
2281 2064 2362 2108 ac
2396 2042 2770 2134 provincia-

660 2149 829 2217 lium
854 2149 1117 2219 allecto.
1148 2157 1403 2247 Atque,
1430 2155 1532 2221 uti
1561 2170 1804 2221 notum
1831 2169 2042 2235 esset,
2073 2168 2438 2245 utrumque
2463 2148 2770 2219 ordinem

660 2284 803 2328 non
836 2274 976 2328 tam
1010 2260 1353 2329 libertate⁵
1390 2266 1570 2333 inter
1607 2286 1714 2347 se,
1753 2286 1962 2359 quam
1997 2261 2322 2355 dignitate
2347 2261 2620 2330 differre
2641 2313 2660 2343 ,
2688 2259 2770 2329 de

662 2515 825 2590 omne
846 2535 867 2566 ,
916 2498 1065 2592 quod
1117 2499 1321 2575 templo
1366 2498 1680 2570 dicabatur,

662 2591 933 2630 evinctum
964 2581 1106 2634 vittis
1133 2585 1493 2654 coronisque,
1518 2596 1620 2634 etc.
1647 2605 1674 2630 ο

663 2656 965 2710 Conciliat-e
995 2659 1205 2712 studuit
1228 2661 1515 2732 scriptores
1543 2659 1679 2713 Phil.

664 2755 697 2790 a
718 2739 889 2790 Turre
910 2738 981 2791 sd
1008 2741 1249 2792 Monam.
1284 2745 1475 2796 veteris
1502 2743 1678 2809 Antii,

662 2836 721 2890 p.
748 2820 797 2883 Ι,
821 2837 941 2891 esp.
966 2837 1020 2890 7,
1042 2822 1133 2873 cui
1166 2840 1283 2894 qum
1308 2827 1530 2894 regessit
1551 2825 1680 2876 Rei·

664 2917 799 2950 mar.
820 2899 888 2950 ad
904 2898 1103 2971 xiphil.
1126 2901 1167 2954 l.
1177 2921 1225 2956 c.
1244 2904 1513 2955 verissima
1536 2916 1678 2956 sunt.

1839 2500 1892 2554 3.
1929 2500 2070 2554 Item
2093 2498 2554 2573 Amphitheam-um
2571 2520 2593 2562 ,-
2630 2496 2772 2572 quod

1765 2581 2048 2653 inceptum
2081 2600 2112 2633 s
2147 2581 2478 2652 Vespasiano
2510 2579 2772 2632 dedicavit

1766 2661 1938 2712 Titus.
1963 2660 2046 2712 Cf.
2065 2660 2173 2712 Tit.
2201 2676 2254 2728 7,
2283 2671 2338 2710 et
2357 2656 2560 2728 Xiphil.
2585 2658 2768 2722 LXVI,

1771 2739 1857 2792 25.
1893 2739 1978 2791 Ad
2017 2757 2142 2792 ann.
2183 2737 2322 2804 833,
2355 2736 2441 2788 vel
2481 2737 2606 2804 834.
2643 2735 2772 2788 Vide

1767 2821 1998 2872 Reimsr.
2030 2820 2098 2871 ad
2119 2818 2224 2870 loc.
2250 2820 2342 2870 cit.
2373 2831 2425 2870 et
2451 2819 2649 2869 Donat.
2675 2817 2770 2882 111,

1769 2915 1824 2964 7,
1845 2899 1942 2950 uhi
1965 2900 2128 2950 situm
2143 2897 2253 2950 loci
2280 2897 2678 2951 accuratissime
2695 2897 2774 2948 iu·

664 2977 749 3028 Cf.
768 2979 976 3030 Emest.
1004 2978 1072 3030 nd
1092 2982 1267 3032 Tacit.
1288 2980 1395 3034 loc.
1418 2983 1511 3034 cit.
1537 2984 1683 3050 Nos,

668 3069 729 3108 ut
764 3059 822 3108 in
850 3075 912 3110 re
940 3060 1176 3126 incerta,
1207 3057 1417 3130 jndicio
1446 3061 1682 3114 abstine-

667 3153 816 3203 mus,
838 3135 985 3209 quod
1006 3155 1105 3208 pro
1125 3157 1191 3190 eo
1214 3139 1531 3213 plerumque
1552 3141 1684 3192 ferri

668 3217 825 3285 solet,
834 3220 889 3270 in
904 3237 1013 3290 quo
1024 3219 1423 3291 interpretando
1432 3239 1561 3272 cura
1575 3221 1682 3273 fot*

666 3311 721 3349 te
736 3312 999 3366 versatur,
1018 3299 1288 3372 cupidius,
1306 3319 1467 3373 quem
1483 3303 1676 3353 verius.

748 3379 829 3447 ¹4·
865 3379 947 3432 Ac
972 3382 1391 3434 vetustissimum.
1406 3381 1572 3450 Quod
1599 3399 1682 3433 se·

671 3459 853 3529 quitur
864 3459 919 3510 iu
932 3457 1073 3530 vulg.
1090 3458 1335 3530 confecit,
1352 3461 1681 3530 optimorum

668 3535 843 3590 codd.
874 3540 1189 3591 auctoritate
1220 3550 1274 3592 et
1300 3540 1555 3600 Oudend.
1580 3543 1684 3611 eje-

670 3629 874 3670 cerunt.
894 3619 1021 3669 Mox
1040 3620 1229 3674 vitiose
1247 3618 1399 3671 multi
1418 3622 1680 3673 concessit.

742 3695 832 3748 lx,
864 3715 909 3749 ι.
952 3697 1232 3769 Templum
1261 3698 1439 3767 Pacis,
1470 3711 1572 3752 ete.
1597 3699 1680 3752 Cf.

671 3773 875 3844 Xiphil.
914 3775 1078 3827 LXVI
1092 3813 1109 3842 ‚
1154 3793 1217 3846 19
1236 3797 1251 3839 ς
1288 3775 1508 3847 Joseph.
1554 3777 1682 3829 Bell.

672 3852 798 3906 sud.
818 3855 912 3907 vu
922 3891 941 3922 ,
964 3853 997 3908 5
1012 3889 1029 3922 ,
1054 3871 1103 3925 7.
1124 3854 1600 3927 Locupletissimus
1617 3856 1686 3910 de

674 3931 781 3985 hoc
812 3932 1013 4005 templo
1047 3935 1269 4007 ejusque
1302 3935 1529 3989 historia
1557 3939 1684 3989 Rei·-

675 4027 854 4064 κιαι-ιη
876 4009 947 4064 sd
967 4009 1167 4083 Xiphil.
1198 4012 1235 4065 1.
1258 4030 1307 4066 c.

752 4109 800 4143 2.
836 4092 1065 4164 Divique
1088 4091 1317 4147 Claudii.
1336 4092 1473 4146 Vide
1494 4093 1682 4148 Claud.

678 4168 1042 4238 45,etDonat.
1058 4171 1281 4227 deUrbe
1292 4175 1482 4242 Roma,
1496 4175 1584 4242 111,
1601 4191 1622 4226 ι
1634 4191 1682 4226 2.

1769 2975 1948 3047 degat.

1841 3057 1894 3124 4.
1937 3055 2302 3130 Ampliwt‘mos
2343 3054 2584 3116 oidineu
2627 3055 2682 3108 h.
2726 3073 2770 3107 e.

1769 3149 2057 3206 utrumqne
2077 3173 2095 3199 ,
2140 3135 2469 3188 senatorium
2515 3145 2569 3185 et
2612 3152 2774 3206 eque-

1767 3231 1946 3271 strem.
1965 3217 2104 3268 Nem
2121 3215 2268 3269 huuc
2285 3218 2446 3268 etiam
2465 3217 2658 3287 soepius
2669 3234 2776 3268 am·

1763 3296 2119 3370 plissimorum
2149 3295 2389 3347 ordinum
2413 3293 2632 3346 nomine
2652 3311 2777 3345 con-

1739 3441 1746 3448 .
1768 3379 1951 3442 tinen-i,
1969 3375 2224 3447 exemplis
2243 3373 2626 3426 demonstravit
2647 3375 2778 3426 Gro-

1768 3473 1896 3508 nov.
1916 3453 1988 3506 ad
2005 3453 2144 3508 Gell.
2165 3453 2324 3504 Noct.
2344 3455 2454 3506 Aa.
2473 3453 2564 3515 IV,
2594 3468 2612 3502 ι
2625 3489 2644 3518 ,
2661 3453 2774 3503 init.

1771 3549 1962 3588 contra
1993 3535 2262 3606 lipsium,
2296 3533 2650 3602 corrigentem
2677 3530 2778 3582 hoc

1773 3617 1898 3668 loco
1917 3653 1934 3680 ,
1976 3637 2000 3660 ι
2019 3627 2080 3666 ut
2116 3613 2414 3666 destinasse
2449 3622 2781 3682 compererat

1773 3697 2075 3767 Augustum
2102 3692 2505 3765 amplissimum.
2535 3692 2780 3752 Ordines,

1773 3789 1877 3828 etc.
1898 3800 1922 3825 ι
1945 3775 2191 3827 Ceterum
2211 3771 2392 3827 Aurei.
2413 3773 2618 3837 Victor,
2640 3771 2778 3843 Epic.

1773 3873 1836 3926 9,
1859 3877 1881 3902 ιι
1897 3853 2044 3907 Mine
2057 3865 2244 3926 gentes
2259 3853 2597 3923 composita,
2620 3869 2780 3922 quum

1773 3935 2036 3987 ducentas
2063 3933 2330 4004 egerrime
2357 3933 2672 4003 reperisset,
2696 3948 2780 3983 ex-

1773 4014 1978 4068 stinctis
2001 4013 2200 4068 minin
2223 4023 2573 4084 tyrannorum
2595 4009 2782 4082 pleris-

1815 4111 1902 4146 ue.
1923 4115 1948 4140 ι
2399 4115 2414 4124 -

1775 4112 1808 4166 q
1845 4169 1902 4224 5.
1937 4171 2200 4224 Now-tem
2225 4169 2488 4229 limmate,-
2517 4187 2632 4241 quae
2664 4185 2776 4244 qm-
