3050 5004
657 455 790 522 260

1402 461 1474 523 C.
1529 457 1993 524 SUETONII

656 588 914 656 curiam
930 586 952 625 ⁵
978 583 1175 678 adjici
1198 579 1670 678 precantibus,
1695 611 1834 656 non
1854 587 2058 657 modo
2081 594 2382 681 negavit,
2410 591 2526 660 sed
2545 597 2750 664 etiam

650 720 1045 765 concessum
1069 721 1109 762 a
1130 694 1407 764 Claudio
1430 695 1908 781 beneficium⁶,
1935 723 2022 766 ne
2047 697 2269 768 hieme
2291 703 2618 796 initioque
2638 727 2751 772 an·

642 808 721 872 ni
746 803 830 870 ad
849 801 1299 896 judicandum
1325 825 1800 890 evocarentur,
1827 810 2092 900 eripuit.

742 920 883 982 XV.
906 916 1434 984 Existimabatur
1452 920 1654 985 etiam
1673 923 2004 988 senatoria
2023 936 2090 987 et
2107 924 2445 1016 equestria
2459 939 2476 968 ¹
2493 924 2746 1007 officia,

646 1029 899 1096 biennii
940 1033 1158 1122 spatio
1197 1027 1802 1114 determinaturuS,
1841 1057 1966 1102 nec
2001 1031 2316 1115 daturus,
2353 1038 2481 1103 nisi
2515 1039 2745 1106 invitis

641 1163 723 1206 ac
742 1137 1229 1206 recusantibus.
1255 1138 1718 1208 Liberalitates
1745 1144 2100 1225 Neronis&
2127 1167 2264 1210 non
2287 1143 2444 1236 plus
2462 1145 2744 1214 decimis

645 1251 1008 1331 concessis,
1034 1273 1156 1343 per
1193 1253 1682 1346 quinquaginta
1717 1256 1994 1346 Equites
2033 1259 2376 1324 Romanos
2409 1281 2488 1324 ea
2519 1257 2742 1326 condi-

644 1363 825 1428 tione
844 1357 1255 1428 revocandas
1281 1363 1542 1430 curavit
1549 1362 2089 1458 exigendasque,
2116 1381 2192 1431 ut
2215 1381 2312 1448 et,
2337 1367 2393 1432 si
2415 1365 2578 1460 quid
2598 1391 2736 1436 sce-

714 1540 763 1593 5.
806 1539 1013 1592 Sextum
1050 1539 1343 1608 decuriam,
1382 1553 1481 1593 etc.
1510 1540 1646 1594 vide

636 1621 709 1674 ad
738 1624 957 1690 August.
990 1623 1075 1674 32.

711 1702 762 1755 6.
792 1702 895 1756 Sed
916 1704 1073 1754 etiam
1096 1721 1240 1754 conc.
1266 1723 1297 1754 a
1321 1701 1540 1756 Claudio
1563 1703 1644 1755 be-

644 1779 913 1853 neficium,
931 1794 1031 1832 etc.
1046 1779 1125 1832 Cf.
1140 1779 1208 1832 ad
1225 1781 1409 1832 Claud.
1426 1783 1513 1848 23,
1531 1783 1641 1833 init.

710 1861 822 1911 XV.
856 1876 899 1910 ι.
924 1859 1197 1910 Senatoria
1218 1869 1267 1910 et
1289 1858 1541 1930 equestria
1561 1857 1646 1928 of-

624 1939 790 2013 ficia,
781 1961 792 1973 ·
816 1937 873 1988 h.
900 1958 945 1989 e.
974 1955 1223 2000 munera,
1246 1955 1275 1987 a
1302 1939 1568 1989 senatorio
1591 1950 1642 1989 et

641 2019 875 2092 equestri
892 2017 1075 2068 ordine
1093 2017 1441 2070 administrari
1456 2017 1641 2086 solita,

640 2102 863 2152 maxime
898 2097 1149 2148 militaria
1186 2109 1238 2148 et
1262 2097 1639 2189 provincialia,

636 2193 697 2230 ut
720 2177 851 2228 mihi
878 2175 1104 2240 videtur,
1138 2177 1386 2246 quoniam
1412 2175 1520 2227 de'
1502 2177 1641 2228 invi-

638 2260 702 2312 tis
726 2275 788 2310 ac
811 2255 1147 2308 recusantibus
1169 2273 1365 2308 sermo.
1388 2255 1467 2306 Ad
1490 2275 1642 2328 eque-

638 2341 763 2394 stria
808 2335 984 2388 officia
1030 2336 1254 2386 maxime
1304 2334 1641 2388 referendum

640 2435 832 2470 munus
879 2417 1279 2466 Procurator-um
1328 2416 1542 2478 Caesaris
1585 2416 1642 2466 in

640 2497 925 2572 provinciis
944 2532 959 2561 ,
991 2514 1139 2567 quae,
1174 2507 1231 2545 ut
1262 2495 1429 2545 Tacit.
1460 2493 1637 2565 Agr-ic.

636 2579 699 2646 4,
724 2576 963 2651 equestris
989 2575 1229 2627 nobilitas
1251 2587 1381 2626 erat.
1412 2576 1640 2644 Repres-

638 2676 795 2711 surus
830 2668 1005 2707 autem
1037 2666 1151 2707 erat
1179 2652 1379 2718 Galba,
1418 2656 1507 2723 qui
1545 2671 1640 2722 per

639 2735 981 2789 ambitionem
1004 2731 1087 2783 vel
1116 2734 1384 2783 avaritiam
1416 2750 1638 2783 munera

636 2810 971 2884 expetebant.
986 2812 1189 2862 Tacent
1202 2828 1387 2863 omnes
1402 2812 1634 2883 interpp.

636 2890 701 2941 de
726 2888 848 2940 loco
872 2886 1017 2939 haud
1040 2905 1257 2956 prorsus
1279 2888 1542 2957 expedito.
1594 2922 1598 2925 -

710 2986 757 3020 2.
780 2964 1131 3019 Liberalitates
1152 2968 1401 3031 Neronis,
1427 2982 1530 3019 etc.
1553 2968 1633 3021 Cf.

638 3044 901 3101 Plutarch.
948 3045 1025 3096 16.
1060 3045 1227 3095 Tacit.
1262 3046 1393 3097 Hist.
1432 3048 1487 3110 1,
1524 3062 1593 3099 20
1618 3066 1633 3097 ι

618 3150 667 3195 ιιι
686 3127 924 3179 Proxima
940 3124 1177 3194 pecuniae
1196 3142 1351 3189 cura,
1373 3138 1424 3177 et
1444 3138 1634 3179 cuncta

636 3204 993 3259 scrutantibus
1003 3204 1348 3273 justissimum
1357 3204 1525 3255 visum
1538 3218 1634 3273 est,

633 3283 756 3339 inde
768 3284 953 3353 repeti,
964 3279 1107 3333 unde
1122 3282 1310 3351 inopiae
1325 3300 1485 3335 causa
1501 3297 1633 3335 erat.

634 3366 719 3429 Bis
744 3376 796 3415 et
817 3363 975 3413 vicies
1002 3360 1185 3411 millies
1210 3360 1511 3412 Sestertium
1537 3360 1634 3415 do-

632 3441 938 3495 nationibus
966 3442 1009 3490 N
1019 3460 1106 3491 ero
1130 3440 1410 3492 effuderat.
1438 3442 1633 3512 Appel-

634 3522 732 3577 lari
760 3517 994 3591 singulos
1016 3521 1201 3589 jussit,
1229 3518 1451 3571 decuma
1484 3534 1630 3590 parte

630 3600 954 3655 liberalitatis
983 3597 1127 3668 apud
1155 3616 1420 3669 quemque
1446 3616 1630 3651 eorum

624 3680 830 3735 relicta.
862 3682 929 3731 At
960 3677 1065 3729 illis
1094 3680 1177 3732 vix
1208 3678 1440 3729 decumas
1472 3697 1632 3751 super

626 3765 901 3833 portiones
917 3772 1095 3823 erant,
1116 3758 1301 3811 iisdem
1317 3778 1437 3827 erga
1456 3757 1627 3811 aliena

623 3841 891 3895 sumtibus
906 3876 922 3903 ,
941 3838 1133 3909 quibus
1149 3856 1239 3891 sua
1256 3837 1626 3907 prodegerant,

624 3940 791 3993 quum
819 3920 1162 3991 rapacissimo
1195 3918 1385 3987 cuique
1410 3934 1471 3967 ac
1498 3934 1627 3986 per-

624 4000 879 4051 ditissimo
910 4016 1019 4049 non
1044 3998 1181 4067 agri,
1208 4008 1299 4049 aut
1324 3997 1501 4059 fenus,
1531 3996 1625 4049 sed

624 4080 733 4131 sola
770 4082 1115 4131 instrumenta
1154 4077 1399 4129 vitiorum
1438 4094 1621 4127 mane·

620 4172 752 4213 rent.
772 4158 1045 4211 Exactioni
1061 4158 1271 4229 triginta
1285 4156 1499 4227 Equites
1520 4156 1624 4208 Ro-

1733 1544 1875 1594 mani
1903 1544 2200 1614 praep'ositi,
2227 1561 2426 1596 novum
2454 1545 2618 1597 officii
2645 1565 2740 1618 ge-

1733 1639 1864 1688 nus,
1893 1634 1945 1674 et
1973 1623 2172 1675 ambitu
2202 1642 2264 1676 ac
2291 1641 2511 1676 numero
2540 1644 2738 1677 onero-

1734 1719 1870 1752 sum.
1889 1701 2100 1771 Ubique
2121 1699 2271 1752 hasta
2293 1717 2344 1753 et
2365 1716 2561 1768 sector,
2583 1717 2636 1753 et
2655 1704 2740 1754 in-

1735 1780 1913 1849 quieta
1942 1779 2078 1830 Urbs
2105 1780 2460 1832 auctionibus.
2487 1783 2738 1834 Attamen

1731 1859 1931 1930 grande
1964 1859 2245 1931 gaudium,
2287 1861 2430 1934 quod
2461 1875 2566 1914 tam
2599 1881 2738 1933 pau-

1729 1959 1884 2010 peres
1909 1942 2112 2006 forent,
2137 1941 2329 2013 quibus
2357 1941 2608 1993 donasset
2629 1941 2738 1994 Ne-

1733 2038 1821 2086 ro,
1847 2039 2006 2091 quam
2033 2020 2225 2092 quibus
2251 2019 2569 2074 abstulisset.
2593 2045 2614 2068 ιι
2637 2023 2738 2074 Di-

1730 2100 2028 2150 versitatem
2053 2103 2258 2150 numeri
2285 2101 2570 2171 Equitum,
2596 2119 2735 2171 quos

1730 2176 1944 2228 Tacitus
1983 2178 2226 2250 triginta,
2259 2177 2542 2230 Suetonius
2574 2180 2737 2250 quin-

1729 2253 1982 2332 quaqinta
2010 2257 2270 2308 exactioni
2301 2259 2612 2327 praepositos
2645 2257 2734 2310 di-

1731 2349 1832 2382 cun
1838 2345 1876 2396 t,
1887 2335 2058 2384 minus
2069 2351 2268 2399 moror,
2277 2335 2556 2404 praesertim
2569 2354 2734 2407 quun

1729 2408 1900 2462 facilis
1920 2412 1986 2462 sit
2007 2411 2306 2463 conciliatio
2319 2449 2338 2478 ,
2364 2431 2391 2462 a
2412 2413 2732 2466 casaubono

1730 2485 1884 2553 data,
1915 2504 2004 2555 ut,
2032 2487 2316 2543 difficiliori
2352 2492 2601 2561 negotio..
2637 2493 2735 2545 tri-

1727 2568 1876 2637 ginta
1903 2568 2170 2640 prioribus
2197 2570 2388 2643 viyinti
2413 2569 2624 2625 additos
2645 2570 2734 2625 di-

1729 2664 1926 2699 camus.
1962 2646 2074 2699 Alia
2109 2647 2236 2699 mihi
2265 2661 2340 2701 est
2373 2648 2634 2701 dubitatio
2664 2648 2733 2703 de

1727 2726 1952 2780 decimis.
1979 2728 2185 2799 Nempe
2213 2728 2478 2798 singulare
2499 2728 2736 2783 liberali-

1727 2808 1848 2857 tatis
1887 2825 2054 2877 genus
2095 2806 2199 2859 hoc
2234 2810 2390 2859 etiam
2429 2804 2550 2859 loco
2581 2808 2732 2875 dici,

1726 2887 2025 2940 notavimus
2049 2884 2116 2937 ad
2135 2884 2297 2957 Calig.
2327 2886 2420 2952 26,
2446 2900 2608 2958 atque
2624 2901 2731 2941 stat

1725 2964 1855 3017 mihi
1865 2979 2048 3017 senten
2057 2967 2146 3033 tia,
2163 2968 2414 3037 quoniam
2427 2966 2732 3035 Suetonius,

1727 3046 2157 3095 accuratissimus
2195 3046 2246 3097 iu
2281 3044 2502 3111 talibus,
2529 3058 2582 3097 et
2609 3046 2729 3117 ple-

1725 3144 1952 3197 rumque
1969 3128 2320 3179 instrumenta
2345 3127 2558 3197 publica
2583 3147 2732 3181 secu-

1725 3218 1838 3267 tus,
1865 3207 1936 3257 ita
1957 3208 2198 3277 scripsit,
2217 3208 2294 3257 uti
2317 3205 2567 3277 legimus,
2587 3225 2727 3275 non,

1730 3306 1752 3333 α
1773 3304 1884 3337 non
1901 3286 2024 3357 plus
2043 3286 2242 3339 decima
2261 3299 2412 3359 parte
2431 3306 2678 3341 concessa.
2695 3310 2722 3335 ι

1724 3364 1884 3430 Quod
1911 3365 2048 3416 enim
2078 3366 2292 3417 Tacitus
2319 3365 2510 3418 diserte
2539 3364 2606 3417 de
2635 3366 2726 3419 de-

1725 3444 1871 3495 cimis
1901 3442 2226 3513 portionibus
2256 3456 2307 3495 et
2343 3443 2542 3495 decima
2575 3456 2726 3515 parte

1724 3522 2044 3575 liberalitatis
2063 3523 2318 3593 loquitur,
2340 3542 2520 3575 nonne
2539 3524 2722 3579 fallere

1722 3620 1842 3653 eum
1883 3604 2056 3673 potuit
2099 3604 2405 3673 ambiguum
2448 3604 2504 3655 in
2545 3602 2721 3659 verbis

1721 3680 1880 3733 edicti
1903 3680 2251 3734 vocabulum?
2273 3680 2542 3735 Plutarchi
2561 3678 2618 3733 *ri
2642 3678 2724 3735 &i-

1719 3780 1856 3813 tum-or
1869 3759 2030 3829 μὸρος,
2053 3774 2110 3811 ut
2125 3761 2290 3813 Greci
2311 3762 2608 3831 scriptoris,
2627 3763 2722 3813 mi-

1715 3858 1816 3892 nus
1843 3859 1990 3891 cure.
2017 3842 2152 3893 Nam
2182 3842 2228 3893 si
2255 3860 2400 3891 error
2421 3841 2475 3894 in
2503 3842 2717 3907 Latino,

1717 3917 1902 3991 quidni
1917 3918 2100 3969 Graeco
2111 3919 2134 3968 ’ἓ
2147 3918 2266 3971 Seio
2279 3958 2295 3985 ,
2310 3917 2584 3971 audaciam
2603 3938 2718 3973 esse

1715 4000 1766 4049 iti
1787 3998 2096 4067 corrigendo
2115 3998 2242 4049 Tac.
2266 4012 2317 4049 et
2334 4018 2452 4049 erro
2468 4000 2714 4053 fortasse.

1713 4080 1912 4129 Tamen
1937 4076 2254 4149 reprehendi
2269 4116 2287 4145 ‚
2313 4094 2472 4150 quam
2497 4097 2718 4149 scrupu-

1709 4154 1848 4223 lum,
1875 4158 1964 4227 qui
1985 4154 2114 4209 milti
2137 4156 2318 4223 haeret,
2339 4169 2512 4209 tacere
2531 4154 2713 4211 malui.
