3050 5004
935 547 939 552 ,
1029 484 1539 550 CALIGULA.
2248 489 2331 556 35

247 639 380 682 uuo
411 631 612 708 atque
649 610 892 680 eodem
927 608 1043 678 die
1077 600 1420 703 professus
1438 660 1456 690 ,
1495 625 1563 676 et
1597 612 1917 680 maritum
1952 636 2025 680 se
2052 612 2200 706 ejus
2221 669 2238 698 ‚
2276 633 2345 684 et

253 741 499 816 patrem
519 707 796 792 infantis
823 747 908 792 ex
931 745 1013 790 ea
1033 737 1228 790 uatae.
1258 719 1597 788 Infantem
1618 737 1845 788 autem
1866 775 1883 804 ,
1907 726 1945 789 J
1948 722 2155 792 uliam
2178 729 2345 794 Dru-

251 835 458 904 sillam
483 833 900 927 appellatam
921 886 938 916 ,
970 855 1092 924 per
1115 833 1414 898 omnium
1450 832 1751 898 Dearum
1776 831 2029 926 templa
2058 837 2345 902 circum·

253 945 462 1012 ferens
481 998 499 1027 ‚
527 946 860 1014 Minervae
897 943 1152 1034 gremio
1187 943 1547 1033 imposuit,
1584 940 2033 1038 alendamque
2060 959 2129 1010 et
2158 945 2347 1012 insti-

253 1055 564 1126 tuendam
595 1052 1098 1122 oommendavit
1108 1061 1160 1120 ⁹.
1186 1056 1324 1119 Nec
1351 1048 1496 1118 ullo
1518 1047 1815 1118 firmiore
1847 1051 2092 1121 indicio
2118 1056 2226 1121 sui
2252 1079 2351 1122 se-

252 1169 437 1237 minis
457 1188 610 1234 esse
632 1162 956 1232 credebat
968 1215 987 1244 ,
1011 1186 1218 1257 quam
1235 1161 1513 1228 feritatis
1536 1185 1551 1227 ε
1578 1185 1733 1256 quae
1748 1161 1850 1229 illi
1872 1187 2147 1258 quoque
2163 1179 2353 1232 tanta

249 1272 376 1364 jam
401 1293 572 1344 tunc
609 1289 793 1356 erat,
830 1289 911 1342 ut
945 1273 1200 1342 infestis
1229 1269 1454 1362 digitis
1492 1295 1613 1339 ora
1644 1288 1715 1340 et
1750 1273 1981 1341 oculos
2018 1273 2221 1342 simul
2246 1273 2351 1342 lu-

251 1385 546 1456 dentium
569 1385 932 1454 infantium
955 1386 1336 1452 incesseret.

331 1503 574 1568 XXVI.
623 1501 806 1566 Leve
841 1519 924 1563 ac
961 1493 1281 1588 frigidum
1317 1497 1403 1562 sit
1437 1492 1545 1561 his
1582 1491 1867 1576 addere,
1906 1519 2043 1590 quo
2078 1500 2352 1589 propin..

255 1635 414 1706 quos
462 1612 860 1704 amicosque
907 1623 1106 1700 pacto
1147 1607 1566 1688 tractaverit,
1615 1605 2056 1675 Ptolemaeum
2072 1618 2089 1651 ²
2113 1662 2133 1691 ,
2179 1611 2355 1701 regis

257 1721 438 1790 Jubae
467 1719 692 1788 filium
711 1770 728 1802 ,
764 1717 1244 1787 consobrinum
1271 1739 1473 1784 suum
1509 1720 1692 1803 (erat
1714 1719 1897 1784 enim
1920 1733 1989 1784 et
2012 1720 2071 1785 is
2098 1723 2192 1786 M.
2225 1725 2359 1784 An-

258 1833 406 1898 tonii
423 1855 514 1900 ex
531 1829 772 1901 Selene
795 1827 934 1896 filia
949 1831 1234 1920 nepos),
1258 1829 1415 1894 etin
1433 1827 1668 1918 primis
1687 1829 1915 1920 ipsum
1931 1831 2321 1894 Macronem
2342 1873 2361 1902 ,

261 1944 464 2033 ipsam
495 1942 832 2010 Enniam²
854 1989 873 2020 ,
898 1936 1240 2031 adjutores
1265 1938 1571 2030 imperii:
1609 1937 1855 2032 quibus
1892 1937 2205 2006 omnibus
2234 1964 2361 2032 pro

262 2051 772 2124 necessitudinis
805 2047 962 2144 jure
985 2103 1004 2132 ,
1045 2072 1309 2144 proque
1349 2049 1749 2116 meritorum
1790 2051 2004 2139 gratia
2021 2102 2039 2132 ,
2082 2066 2363 2120 cruenta

263 2187 433 2232 mors
469 2160 825 2256 persoluta
865 2176 986 2231 est.
1028 2158 1249 2228 Nihilo
1277 2161 1693 2228 reverentior
1728 2157 2027 2228 leniorve
2055 2183 2216 2252 erga
2250 2164 2363 2230 Se·

267 2290 522 2342 natum:
550 2271 894 2368 quosdam
917 2274 1199 2340 summis
1222 2270 1595 2340 honoribus
1620 2271 1917 2354 functos,
1939 2272 2026 2339 ad
2051 2271 2365 2340 essedum

267 2383 376 2451 sibi
403 2378 726 2452 currere3
754 2396 1018 2473 togato-s
1052 2405 1174 2473 per
1199 2379 1456 2476 aliquot
1489 2405 1819 2476 passuum
1852 2380 2062 2449 millia
2080 2435 2097 2462 ,
2132 2398 2201 2447 et
2234 2405 2363 2448 coe-

326 2624 378 2677 9.
413 2606 698 2677 Infantem
718 2612 971 2655 autem...
1001 2622 1269 2681 commen-

267 2686 418 2739 davit.
441 2687 528 2739 Cf.
563 2686 672 2737 Dio
695 2683 908 2753 (locum
935 2702 999 2735 ex
1025 2682 1267 2755 Excerpt.

269 2769 478 2822 Peiresc.
523 2766 772 2836 reposuit
807 2764 1084 2817 Reimarus
1123 2764 1270 2829 le,

273 2843 388 2913 28),
411 2844 506 2916 qui
531 2860 662 2893 cum
683 2839 904 2911 Joseph.
929 2840 1160 2909 XIX,=1‚
1184 2844 1272 2894 Jo-

271 2924 334 2973 vis
369 2918 670 2993 Capitolini
702 2918 928 2988 genibus
969 2920 1272 2992 impositam

269 2999 546 3053 Drusillam
567 2996 768 3069 prodit.

329 3080 512 3131 XXVI.
543 3095 564 3129 1
578 3117 590 3127 .
606 3077 954 3137 Ptolemoeum
965 3099 986 3139 ,-
1006 3092 1130 3130 anu.
1147 3078 1270 3148 793.

268 3158 340 3213 Cf.
367 3160 506 3223 nio,
536 3158 687 3222 ux,
718 3160 816 3220 25;
841 3158 1014 3223 infra,
1034 3176 1156 3229 cap.
1182 3158 1270 3213 35.

271 3268 332 3279 -
361 3240 451 3293 Ex
481 3236 678 3291 Selene
695 3235 842 3310 fllia.
882 3238 1066 3310 Inepte
1104 3237 1176 3291 al.
1209 3257 1274 3290 ex

269 3319 464 3375 nelma
489 3318 582 3373 vel
613 3318 848 3385 Helene,
877 3330 930 3371 et
963 3336 1028 3369 ex
1054 3318 1274 3371 Helenoe

261 3396 395 3466 filia.
417 3397 722 3467 Cleopatrae
737 3434 756 3461 ‚
779 3414 809 3448 e
831 3398 1014 3467 regina
1041 3394 1274 3467 Cleopa-

273 3490 348 3531 tra
375 3476 494 3531 filiae
524 3474 679 3546 (vide
709 3478 868 3530 Dion.
903 3478 999 3541 Lt,
1035 3475 1124 3539 15;
1153 3476 1276 3529 Plu·

273 3558 436 3611 tarch.
472 3559 678 3609 Anton.
719 3558 815 3626 873
853 3570 907 3609 et
943 3556 1010 3609 ad
1045 3556 1270 3629 August.

280 3656 354 3708 17,
379 3640 534 3711 fia),
563 3640 834 3692 Antonius
855 3636 1058 3691 Selenoe
1081 3656 1278 3697 nomen

273 3716 560 3783 indiderat,
583 3730 646 3771 ut
663 3715 774 3769 filio
793 3714 1092 3769 Alexandro
1113 3716 1274 3781 Solis,

275 3796 410 3851 unde
436 3797 614 3849 Solem
640 3808 692 3847 et
716 3796 956 3859 Lunam,
983 3794 1280 3866 Cleopatra

277 3874 460 3931 liberos
474 3913 492 3939 ‚
524 3886 652 3927 aute
671 3892 890 3927 currum
910 3872 1280 3945 triumphalem

227 3948 236 3955 ’
281 3955 495 4024 Augusti
509 3953 707 4006 ductos
717 3990 736 4017 ‚
755 3963 936 4003 narrat
947 3950 1206 4005 Eusebius
1225 3952 1280 4003 in

283 4030 557 4084 Chronico.
583 4031 666 4083 De
688 4030 840 4099 Juba·
864 4018 932 4080 cf.
960 4029 1030 4081 ad
1055 4030 1280 4100 August.

285 4108 316 4159 l.
350 4128 396 4161 e.
435 4109 740 4165 consobrini
768 4120 946 4161 autem
970 4106 1284 4175 Ptolemaeus

279 4191 578 4262 &Caligula
599 4202 756 4241 erant
775 4190 966 4259 impari
985 4187 1170 4259 gradu.
1189 4187 1283 4241 llle

1359 2602 1503 2654 enim
1525 2598 1744 2655 Antonii
1766 2616 1933 2670 nepos
1947 2599 2073 2666 ‚bic
2095 2618 2369 2673 pronepos

1359 2700 1425 2735 ex
1449 2681 1567 2732 avia
1591 2680 1843 2733 Antonia.

1432 2779 1480 2814 2.
1506 2760 1691 2834 Ipsum
1710 2761 2046 2827 Macronem,
2066 2762 2229 2834 ipsam
2256 2764 2370 2815 En-

1359 2840 1523 2893 niam.
1556 2840 1641 2891 Cf.
1679 2839 1814 2905 Dio,
1842 2838 1991 2907 LIX,
2030 2856 2109 2893 ιο.
2139 2843 2218 2893 De
2254 2844 2372 2895 Ma·-

1361 2937 1524 2973 crone
1550 2932 1603 2969 et
1622 2920 1793 2971 Ennia
1806 2954 1823 2985 ‚
1842 2935 2005 2988 supra
2024 2937 2143 2991 cap.
2173 2935 2191 2969 t
2204 2938 2252 2972 α.
2274 2921 2371 2971 Po·

1362 3012 1474 3053 stea
1482 3004 1578 3072 jus
1597 2998 1980 3053 necessitudinis
2000 2998 2338 3053 Ptolemaeum
2354 3040 2370 3061 ,

1362 3080 1662 3132 meritorum
1694 3078 1869 3152 qratia
1900 3080 2210 3132 Macronem
2249 3102 2371 3151 spe-

1363 3170 1486 3211 ctat.

1435 3239 1486 3291 3.
1507 3238 1733 3290 Currere.
1748 3240 1825 3289 Ita
1841 3236 2103 3291 edidimus
2118 3255 2241 3291 cum
2260 3242 2369 3293 Ou-

1361 3315 1623 3388 dendorp.
1654 3330 1707 3369 et
1736 3318 1944 3369 Ernest.
1976 3336 2039 3369 ex
2068 3319 2281 3389 optimis
2306 3319 2371 3369 li-

1359 3396 1591 3468 bris‘pro
1614 3415 1901 3463 occurrere,
1930 3397 2076 3468 quod
2099 3398 2227 3451 'huic
2249 3400 2372 3451 loco

1360 3495 1470 3528 non
1495 3476 1761 3527 convenit.
1784 3474 2085 3529 Casaubon.
2109 3476 2373 3533 suadebat

1361 3573 1649 3619 accurrere,
1667 3553 1722 3605 id
1740 3567 1819 3606 est
1831 3593 1847 3621 ‚
1865 3554 2129 3624 ταμθὸιιν
2150 3555 2241 3625 (ut
2258 3556 2375 3608 Plu-

1364 3632 1534 3686 tarch.
1546 3632 1749 3687 Lucull.
1765 3652 1792 3685 2
1806 3653 1823 3686 t
1834 3672 1851 3701 ,
1864 3637 1953 3706 qui
1968 3635 2119 3686 locus
2130 3649 2375 3689 nostrum

1367 3716 1577 3786 egregie
1612 3714 1900 3787 illustrat),
1935 3714 2019 3765 vel
2056 3714 2375 3784 πιρειτροχιί-

1370 3796 1457 3863 ζειν
1471 3792 1614 3865 (quo
1634 3796 1800 3847 utitur
1816 3796 2047 3866 Appian.
2069 3796 2264 3867 Syriae.
2286 3796 2376 3864 64,

1371 3886 1423 3924 et
1451 3872 1601 3924 civil.
1640 3874 1741 3935 111,
1781 3872 1891 3944 70).
1934 3876 2146 3925 Currere
2179 3874 2376 3926 confir-

1369 3965 1546 4003 matur
1568 3950 1701 4001 locis
1720 3952 1928 4017 Nostri,
1950 3951 2103 4004 Galba
2128 3952 2163 4003 6
2178 3990 2192 4017 ,
2216 3954 2377 4005 etiam

1371 4030 1441 4083 ad
1461 4032 1687 4083 essedum
1710 4031 2047 4102 Imperatoris
2066 4049 2165 4102 per
2190 4033 2381 4106 viginti

1371 4128 1611 4180 passuum
1627 4110 1803 4163 millia
1816 4110 2067 4176 cucurrit,
2086 4124 2139 4163 et
2153 4114 2375 4185 Eutrop.

1375 4191 1477 4255 IX,
1519 4192 1582 4242 15
1606 4228 1622 4256 ,
1660 4212 1685 4236 ⁸
1706 4188 1945 4243 Galerius
1980 4188 2200 4262 pulsus,
2230 4206 2283 4245 et
2314 4193 2379 4245 ad

2041 4281 2101 4377 3:
