3050 5004
710 495 843 578 486
1524 495 1714 558 ERN
1731 495 1986 559 Es'rn

722 741 814 762 m

1102 735 1760 758 *mmmmm

2041 736 2786 758 mmmmm

1342 893 1980 992 EXCURSUS
2053 896 2190 988 lx
2251 837 2259 848 ’

1092 1135 1237 1206 AD
1289 1133 2058 1222 vEsPAslANUM‚
2114 1130 2282 1204 Cu».
2345 1157 2415 1204 2.

720 1519 1085 1604 AEmunris
1112 1569 1235 1604 mox
1260 1570 1323 1603 ac
1345 1564 1584 1624 pmturoe
1609 1551 1945 1618 candidam,
1973 1563 2075 1602 etc.
2107 1551 2264 1602 Hunc
2295 1549 2476 1602 locum
2511 1564 2804 1622 corruptum

720 1651 869 1700 esse,
896 1651 1053 1684 nemo
1094 1632 1331 1704 ambigit.
1368 1634 1554 1704 Itaque
1588 1632 1696 1685 hoc
1731 1631 1946 1684 liberius
1975 1631 2032 1682 in
2059 1648 2124 1682 eo
2160 1631 2458 1702 poterimus
2495 1633 2713 1684 versari.
2741 1633 2804 1682 Ac

718 1713 951 1785 primum
980 1731 1101 1764 enm
1139 1711 1208 1764 de
1244 1723 1429 1764 nostra
1466 1713 1726 1766 sententia
1759 1713 2178 1766 constituemus=
2214 1709 2408 1762 deinde
2435 1709 2678 1764 breviter
2704 1709 2808 1762 inu·

722 1791 1008 1846 strabimus
1024 1829 1041 1858 ‚
1070 1805 1123 1844 et
1152 1792 1381 1844 aliorum
1409 1794 1700 1846 sententias
1722 1790 2038 1844 refellemus.
2065 1790 2150 1842 Sic
2171 1791 2336 1860 igitur
2353 1803 2530 1842 totum
2553 1789 2728 1842 locum
2749 1790 2808 1840 le-

720 1871 952 1942 gendum
972 1885 1223 1944 putamus
1240 1894 1254 1923 ε
1287 1895 1310 1918 ι
1330 1875 1575 1942 Quaestor
1591 1873 1804 1924 Cretam
1829 1885 1884 1924 et
1903 1873 2134 1943 Cyrenas
2149 1907 2166 1936 ‚
2190 1871 2521 1942 provinciam
2539 1909 2558 1936 ‚
2579 1883 2720 1923 sorte
2737 1889 2806 1922 ee·

720 1953 831 2023 pit:
862 1951 1126 2004 aedilitstis
1146 1971 1302 2019 mox,
1330 1971 1393 2004 ac
1420 1965 1665 2023 praeturae
1689 1951 2022 2004 candidatus.
2057 1953 2120 2002 Et
2145 1949 2290 2002 illam
2313 1967 2424 2002 non
2445 1951 2568 2004 sine
2591 1949 2806 2024 repulsa,

724 2044 981 2104 sextoque
1000 2031 1121 2084 loco
1136 2069 1155 2100 ,
1178 2034 1261 2084 vix
1287 2032 1513 2104 adeptus
1543 2046 1650 2086 est:
1684 2045 1740 2085 at
1763 2034 1930 2102 prims
1959 2033 2134 2086 statim
2163 2031 2419 2101 petitione
2435 2070 2453 2098 ,
2475 2045 2534 2084 et
2556 2032 2808 2103 inprimis,

724 2111 939 2177 Praetor,
972 2111 1211 2164 infensus
1234 2111 1449 2164 Senatui
1466 2149 1485 2177 ‚
1514 2125 1616 2164 etc.
1641 2135 1664 2159 ιι
1702 2114 1934 2164 Primum
1961 2113 2122 2182 igitur
2141 2107 2196 2162 aa
2224 2129 2350 2164 mox
2381 2129 2479 2163 suo
2515 2109 2642 2164 loco
2677 2111 2810 2164 resti·

725 2191 923 2242 tuimus
938 2193 1369 2265 transpositione.
1391 2191 1734 2244 intervallum
1751 2190 1987 2263 plurium
2007 2209 2270 2244 annorum
2281 2227 2300 2258 ,
2319 2189 2466 2260 quod
2483 2191 2597 2244 Lex
2613 2189 2808 2244 Annalis

727 2273 881 2343 ponit
912 2273 1049 2327 inter
1072 2289 1389 2347 questurum
1418 2286 1469 2326 et
1490 2273 1828 2341 aedilitatem,
1854 2276 1982 2326 item
2011 2274 2170 2326 unius
2197 2285 2406 2324 tantum
2435 2275 2580 2326 inter
2611 2273 2742 2326 hano
2767 2283 2810 2323 et

725 2367 1007 2424 praeturam
1032 2356 1192 2422 fecit,
1217 2369 1278 2408 ut
1298 2373 1423 2407 mox
1444 2354 1513 2407 sd
1537 2369 1818 2426 praetursm
1838 2356 2228 2408 transferretur.
2257 2352 2362 2406 sed
2386 2352 2460 2404 iui
2493 2352 2678 2425 plures
2702 2353 2808 2404 suni

730 2447 843 2486 tum
874 2434 1088 2488 demum
1126 2449 1442 2509 quaesturam
1479 2449 1532 2488 et
1569 2434 1868 2488 oedilitstem
1905 2432 2240 2486 intercedunt
2255 2470 2272 2498 ‚
2311 2431 2405 2485 ubi
2443 2436 2563 2506 quis
2595 2434 2812 2501 Questor

732 2532 875 2566 anno
900 2534 999 2568 suo
1023 2518 1195 2570 factus
1216 2530 1311 2571 est.
1338 2519 1519 2570 Potest
1541 2530 1720 2569 sutem
1741 2516 2096 2587 Vespasianus
2117 2532 2228 2567 non
2251 2532 2352 2565 suo
2377 2532 2520 2565 enno
2537 2552 2556 2580 ‚
2581 2512 2678 2567 sed
2699 2509 2810 2564 mul·

732 2594 797 2645 tis
820 2598 972 2649 annis
995 2612 1121 2670 post
1137 2596 1351 2653 demum
1368 2598 1617 2665 Quaestor
1633 2597 1808 2648 factus
1829 2613 1973 2660 esse,
1994 2593 2141 2667 quod
2161 2612 2190 2645 e
2210 2592 2410 2645 famina
2431 2591 2662 2647 obseura
2677 2600 2810 2645 esset-

732 2674 897 2726 Porro
919 2671 973 2727 eri
1002 2678 1163 2729 etiam
1184 2679 1431 2729 vitiosum
1456 2692 1604 2741 esse,
1633 2672 1838 2726 dudum
1857 2672 2006 2726 docti
2034 2673 2144 2729 Viri
2172 2670 2521 2723 observarunt
2535 2708 2554 2738 ‚
2579 2672 2684 2725 alio
2703 2666 2810 2721 aedi·

735 2749 970 2820 litatem,
1009 2755 1115 2807 alio
1144 2755 1331 2823 illam,
1368 2754 1515 2827 quod
1541 2752 1766 2820 melius,
1793 2763 2103 2824 reponente.
2133 2752 2332 2803 Nostra
2365 2750 2670 2803 emendatio
2705 2766 2810 2821 pro-

734 2830 871 2881 xime
894 2832 1101 2885 accedit
1122 2848 1177 2887 et
1199 2832 1267 2887 sd
1288 2834 1511 2903 vestigio
1527 2833 1751 2903 vulgate
1776 2832 2019 2885 lectionis
2033 2868 2052 2897 ‚
2073 2843 2128 2882 et
2151 2829 2220 2882 ad
2243 2830 2690 2883 consuetudinem
2703 2828 2812 2880 Sue-

736 2910 871 2961 tonii
884 2948 901 2977 ,
926 2930 1065 2979 rem,
1093 2916 1395 2969 summatim
1412 2916 1776 2985 propositam,
1798 2930 1897 2984 per
1915 2924 2092 2982 partes
2112 2910 2408 2982 explicare:
2433 2912 2490 2962 in
2511 2929 2622 2983 quo
2640 2907 2813 2961 addere

736 2986 873 3041 soiet
891 2992 1048 3043 etiam
1070 2994 1313 3065 quidem,
1342 2994 1439 3047 sed
1460 3012 1574 3045 non
1595 3010 1820 3064 semper.
1847 2991 2016 3063 Supra
2029 3030 2046 3057 ‚
2067 2988 2242 3043 vicen.
2271 3008 2390 3061 esp.
2413 2988 2445 3041 5
2461 3028 2480 3057 ,
2507 3013 2532 3037 ι
2549 2992 2606 3043 in
2627 2989 2814 3061 provin·

738 3068 901 3120 eiam.
927 3082 983 3122 at
1010 3072 1064 3123 in
1088 3073 1301 3127 urbano
1320 3074 1519 3127 officio.
1543 3096 1566 3120 ιι
1599 3072 1758 3125 Conf.
1779 3090 1896 3144 cap.
1925 3088 1978 3140 9.
2003 3071 2246 3141 Denique
2269 3082 2327 3122 at
2347 3087 2448 3140 pro
2471 3088 2534 3121 ac
2556 3065 2815 3139 legendum

740 3145 943 3201 dudum
974 3149 1191 3222 plurimi
1226 3151 1505 3218 viderunt,
1543 3163 1766 3222 propter
1801 3149 2151 3222 oppositionis
2189 3146 2464 3200 rationem.
2509 3148 2626 3199 Hoc
2661 3158 2816 3198 autem

740 3227 1019 3281 certiorem
1044 3232 1307 3303 reperient
1337 3230 1564 3285 lectores
1592 3244 1833 3283 nostram
1866 3229 2286 3281 emendationem
2303 3264 2322 3294 ‚
2359 3225 2444 3279 his
2477 3224 2812 3279 consideratis.

741 3310 992 3383 Primum,
1010 3312 1207 3379 verbs,
1244 3332 1353 3366 non
1378 3312 1490 3367 sine
1524 3310 1762 3383 repulsa,
1790 3321 2035 3383 sextoque
2068 3308 2184 3361 loco
2222 3309 2342 3374 vix,
2378 3309 2538 3359 unice
2573 3308 2816 3378 pertinere

742 3402 891 3459 patet
908 3391 977 3444 ad
1000 3392 1301 3447 aedilitatem
1316 3432 1333 3461 ‚
1362 3411 1525 3466 quum
1555 3406 1777 3463 propter
1805 3403 2080 3443 structurae
2109 3388 2402 3453 rationem,
2427 3400 2542 3439 tum
2567 3388 2693 3458 quis
2709 3388 2817 3438 Pra-

742 3484 831 3522 tor
851 3469 1043 3525 dicitur
1073 3474 1126 3525 in
1162 3476 1345 3547 primis
1376 3474 1551 3525 factus
1583 3490 1726 3525 esse:
1759 3473 1850 3543 qui
1877 3484 2056 3523 autem
2081 3481 2230 3525 sexto
2261 3466 2386 3520 loco
2409 3471 2477 3520 sit
2499 3471 2706 3533 Praetor,
2725 3480 2816 3515 uon

744 3566 873 3603 sane
892 3553 1031 3605 sitin
1054 3556 1238 3625 primis
1257 3576 1270 3606 :
1296 3568 1355 3606 ut
1374 3553 1508 3607 nihil
1531 3552 1706 3606 dicam
1724 3550 1792 3605 de
1810 3551 1984 3605 verbis
1997 3589 2015 3617 ‚
2034 3551 2210 3624 prima
2227 3548 2404 3601 statim
2418 3546 2699 3621 petitione,
2721 3558 2817 3613 qut

746 3642 799 3681 et
821 3630 939 3702 ipsa
956 3630 1023 3685 de
1044 3648 1269 3704 praetura
1296 3634 1556 3705 capienda
1577 3650 1699 3685 mox
1718 3630 2078 3685 ostendemus.
2099 3628 2504 3681 Dubitationem
2523 3637 2695 3677 movet
2713 3623 2818 3673 Bur·

746 3729 975 3765 mannus
999 3713 1119 3767 inde
1136 3752 1153 3781 ‚
1172 3714 1319 3787 quod
1332 3752 1351 3781 ,
1376 3716 1421 3767 si
1440 3728 1586 3767 sexto
1609 3713 1732 3765 loco
1755 3710 1938 3764 AEdilis
1955 3710 2120 3763 fuerit
2133 3746 2150 3775 ‚
2173 3707 2425 3759 frumenti
2443 3724 2622 3757 curam
2641 3701 2818 3754 habnt-

748 3794 843 3844 rit:
873 3793 1017 3866 quod
1044 3814 1339 3866 repugnare
1367 3793 1489 3845 loco
1512 3793 1698 3859 alteri,
1731 3810 1779 3844 c.
1805 3792 1836 3846 5
1851 3830 1869 3858 ,
1904 3790 1998 3845 uhi
2023 3808 2206 3843 curam
2233 3789 2440 3839 viarum
2464 3786 2708 3839 hahuisse
2727 3796 2819 3833 tra-

748 3868 921 3923 datur.
947 3874 1223 3925 Enimvero
1238 3912 1254 3940 ,
1278 3872 1421 3926 unde
1443 3870 1922 3924 demonstrabimus
1937 3907 1955 3936 ‚
1984 3888 2072 3923 eos
2087 3906 2104 3935 ‚
2137 3868 2232 3939 qui
2257 3868 2444 3939 quinto
2473 3879 2528 3919 et
2547 3876 2688 3918 sexto
2715 3859 2816 3911 loco

752 3950 945 4003 AEdiles
965 3957 1125 4005 creati
1145 3954 1371 4019 fuerint,
1392 3970 1600 4022 semper
1617 3950 1860 4003 Cereales
1884 3950 2081 4002 fuisse?
2103 3950 2216 4014 An,
2241 3947 2362 4017 quia
2386 3944 2634 3997 frumenti
2655 3952 2818 3992 causst

754 4034 969 4102 quintus
994 4045 1047 4084 et
1070 4046 1244 4085 sextus
1274 4050 1544 4085 accessere
1559 4068 1576 4097 .‚
1605 4031 1905 4083 necessario
1925 4028 2140 4081 ultimus
2159 4026 2292 4079 locis
2319 4025 2476 4077 electi
2496 4024 2634 4076 hanc
2659 4032 2818 4072 curam

754 4110 1019 4163 habuere?
1041 4114 1162 4164 Non
1185 4112 1291 4164 hoc
1312 4127 1646 4182 consequens
1671 4124 1766 4163 est.
1790 4110 1964 4163 Iocus
1978 4145 1995 4174 ‚
2021 4126 2127 4180 quo
2153 4108 2272 4179 quis
2292 4117 2520 4171 creetur,
2543 4116 2738 4155 tantum
2753 4098 2816 4147 in·

756 4190 897 4241 dicat
912 4228 929 4257 ‚
959 4208 1119 4262 quem
1145 4192 1262 4262 quis
1284 4192 1544 4263 gratiosus
1566 4193 1633 4243 sit
1655 4190 1798 4262 apud
1821 4207 1942 4254 eos,
1966 4188 2058 4259 qui
2082 4198 2291 4239 creant:
2319 4204 2428 4237 non
2457 4200 2618 4255 quam
2637 4189 2816 4251 partem
