3050 5004
1151 480 1479 547 GALBA.
2229 476 2361 545 263

279 614 705 691 Licinianum
719 618 746 647 ⁸
759 660 778 693 ,
829 605 1126 677 nobilem
1179 610 1663 701 egregiumque
1704 604 2027 700 juvenem
2048 656 2069 688 ,
2112 628 2193 679 ac
2242 604 2371 675 sihi

281 721 442 791 olim
483 719 1032 815 probatissimum
1053 770 1074 802 ,
1109 704 1436 787 'testamen
1445 733 1654 811 toque
1687 740 1955 810 semper
1984 720 2057 788 in
2084 716 2265 787 bona
2306 731 2375 785 et

283 854 534 907 nomen
563 832 882 911 ascitum,
919 845 1198 921 repente
1230 852 1267 897 e
1301 826 1522 897 media
1562 826 1999 901 salutantium
2020 828 2231 898 ‚turba
2266 852 2379 921 ap-

285 943 678 1039 prehendit3
724 941 1074 1035 filiumque
1121 928 1506 1033 appellans,
1543 940 1858 1033 perduxit
1891 943 1961 1009 in
2008 954 2257 1023 castra,
2299 964 2381 1009 ac

287 1080 414 1150 pro
449 1058 780 1125 concione
813 1051 1229 1147 adoptavit³;
1267 1078 1354 1123 ne
1390 1070 1557 1123 tunc
1592 1052 1867 1149 quidem
1900 1052 2199 1123 donativi
2239 1050 2383 1121 ulla

287 1166 633 1235 mentione
675 1162 894 1239 facta⁴
911 1215 928 1231 .
967 1169 1118 1250 Quo
1157 1163 1527 1235 faciliorem
1568 1166 1993 1233 occasionem
2028 1168 2123 1233 M.
2164 1161 2391 1233 Salvio.

291 1276 544 1347 Othoni
565 1274 856 1369 praebuit
877 1274 1270 1369 perficiendi
1297 1291 1537 1373 conata
1552 1328 1571 1357 ,
1600 1276 1777 1345 intra
1800 1290 2065 1345 sextum
2092 1272 2395 1367 adoptio—

293 1391 398 1457 nis
421 1386 660 1459 diem⁵.

384 1501 630 1565 xvul.
661 1501 912 1589 Magna
935 1512 1004 1565 et
1027 1493 1298 1566 assidua
1319 1511 1629 1567 monstra
1645 1492 1791 1587 jam
1816 1494 1972 1566 inde
1995 1519 2035 1565 a
2056 1496 2389 1588 principio

301 1609 552 1677 exitum
581 1608 640 1675 ei
658 1660 675 1692 ,
703 1606 922 1700 qualis
947 1609 1207 1689 evenit,
1241 1605 1744 1698 portenderant.
1784 1610 2011 1691 Quum
2038 1629 2161 1697 per
2188 1628 2395 1673 omne

304 1721 426 1787 iter
467 1716 706 1787 dextra
748 1721 1154 1813 sinistraque
1199 1716 1573 1811 oppidatim
1608 1720 1895 1787 victimae
1940 1714 2399 1797 caederentur,

303 1846 536 1899 taurus
551 1881 570 1911 ‚
596 1831 848 1897 securis
870 1832 1006 1897 ictu
1031 1844 1534 1911 consternatus,
1559 1844 1761 1921 rupto
1784 1826 2055 1898 vinculo
2078 1824 2399 1895 essedum

308 1937 452 2031 ejus
493 1941 768 2021 invasit,
817 1939 1144 2033 elatisque
1183 1938 1472 2032 pedibus
1509 1957 1731 2009 totum
1774 1964 2015 2009 cruore
2054 1935 2395 2031 perfudit;

307 2074 384 2119 ac
405 2046 928 2119 descendentem
953 2051 1336 2143 speculator
1361 2050 1663 2145 impulsu
1694 2051 1911 2121 turhae
1932 2050 2165 2119 lancea
2186 2072 2409 2142 prope

309 2160 708 2227 vulneravit.
759 2159 1010 2229 Urbem
1057 2184 1359 2256 quoque,
1399 2178 1466 2231 et
1509 2161 1753 2231 deinde
1792 2159 2124 2232 Palatium
2160 2162 2407 2250 ingres·
2500 2246 2519 2257 ρ

312 2295 463 2341 sum
499 2274 758 2365 excepit
783 2289 996 2342 -terrae
1032 2291 1311 2354 tremor,
1349 2292 1418 2343 et
1453 2274 1763 2344 assimilis
1800 2271 2079 2367 quidam
2116 2271 2401 2361 mugitui

314 2404 544 2449 sonus.
587 2384 824 2451 Secuta
859 2402 1021 2452 sunt
1057 2382 1400 2479 aliquanto
1434 2385 1929 2453 manifestiora¹
1973 2399 2039 2450 et
2086 2382 2401 2450 tristiora.

388 2612 438 2646 2.
477 2593 720 2648 Pisonem
751 2595 911 2666 Frugi
945 2595 1314 2660 Licinianum,
1402 2595 1666 2648 mentione
1678 2593 1847 2665 fucta.
1872 2593 2137 2646 Plutarch.
2164 2611 2281 2663 cap.
2308 2594 2399 2644 cit.

315 2686 415 2724 etc.
441 2673 722 2744 Degenere
739 2673 943 2728 Pisonis
959 2674 1076 2728 vide
1103 2677 1242 2746 Lipa.
1263 2687 1318 2726 et
1475 2673 1527 2728 5.
1558 2673 1707 2726 Intra
1722 2685 1919 2726 sextum
1942 2672 2237 2744 adoptionis
2250 2671 2403 2722 diem.

315 2749 520 2808 Erneat.
569 2749 638 2804 ad
674 2751 844 2804 Tacit.
889 2754 1086 2807 Hister.
1123 2757 1179 2819 1,
1225 2755 1314 2821 ¹4³
1404 2754 1707 2826 Adoptatus
1734 2769 1813 2806 eat
1835 2754 1952 2806 Piso
1984 2749 2053 2804 tv
2085 2751 2163 2803 ld.
2186 2753 2405 2804 Januar.

317 2833 540 2886 Reimar.
571 2829 640 2884 ad
671 2832 872 2904 Xiphil.
903 2835 1092 2899 LXIV,
1135 2835 1186 2888 5.
1236 2837 1318 2888 De
1405 2833 1598 2906 (Tacit.
1628 2835 1825 2886 Bistor.
1853 2835 1905 2898 l,
1938 2831 2055 2902 18),
2086 2831 2197 2882 aive
2226 2829 2313 2884 die
2344 2847 2411 2883 to

319 2914 430 2982 ejus
445 2911 688 2968 moribus
699 2912 868 2966 Tacit.
897 2913 934 2964 l.
959 2931 1008 2966 ca
1037 2936 1060 2964 a
1074 2915 1222 2980 Piso,
1241 2916 1316 2967 M.

320 2993 506 3048 Crasso
523 3003 574 3044 et
587 2991 860 3046 Scribonia
873 2995 1086 3062 genitus
1095 3031 1112 3059 ,
1127 2992 1319 3046 nobilia

319 3074 614 3141 utrimque,
649 3070 800 3128 vultu
831 3071 1124 3144 habituque
1159 3075 1320 3126 moria

321 3152 552 3222 antiqui,
577 3164 630 3204 et
643 3153 988 3206 aestimatione
1003 3168 1148 3206 recta
1169 3172 1320 3206 seve·-

317 3249 436 3296 rus,
465 3229 696 3282 deterius
727 3230 1194 3301 interpretantibus
1227 3233 1321 3283 tri·-

321 3311 450 3360 atior
481 3307 801 3361 habebatur.
855 3311 926 3362 Ea
963 3329 1084 3382 para
1111 3331 1322 3364 morum

325 3392 438 3460 ejus
461 3427 482 3456 ι,
537 3409 646 3460 quo
695 3393 998 3460 suspectior
1049 3391 1288 3446 sollicitis
1306 3431 1323 3459 ,

325 3467 602 3540 adoptanti
621 3468 886 3539 placebat.
903 3493 926 3520 o
955 3472 1038 3524 cf.
1061 3471 1326 3528 Plutarch.

326 3563 442 3618 pap.
465 3545 560 3608 233
591 3544 794 3616 xiplnil.
817 3548 853 3600 1.
879 3565 926 3600 c.

397 3625 450 3678 3.
487 3627 778 3697 Repente...
797 3627 1082 3699 adoptavit.
1111 3629 1193 3681 Cf.
1215 3629 1331 3680 Plu·

329 3703 495 3760 tat-ch.
533 3703 569 3764 Ι.
603 3722 652 3756 c.
690 3707 860 3761 Tacit.
905 3705 1052 3772 14—-
1073 3710 1134 3761 18
1150 3746 1167 3773 ‚
1209 3709 1330 3774 ubi,

337 3782 526 3854 *Apud
541 3784 871 3854 frequentem
887 3785 1108 3838 militum
1125 3789 1334 3840 concio-

333 3879 478 3926 nem,
515 3863 862 3930 Imperatoria
885 3863 1172 3928 brevitate,
1203 3867 1332 3918 ado·

335 3943 470 4010 ptari
483 3960 514 3994 a
529 3959 586 3992 se
599 3943 860 4008 Pisonem,
871 3963 1022 3996 more
1031 3947 1096 3997 D.
1106 3945 1330 4016 Augusti

335 4033 388 4075 ct.
409 4019 650 4092 exemplo
675 4019 914 4102 militari,
941 4043 1050 4096 quo
1070 4027 1148 4078 vir
1161 4028 1332 4078 virum

337 4097 558 4170 legeret,
583 4103 921 4170 pronunciat.
941 4127 965 4152 a

405 4179 456 4246 4.
495 4181 580 4240 Ne
609 4189 734 4234 tunc
757 4182 970 4252 quidem
1001 4183 1237 4236 donativi
1239 4220 1335 4236 .....

1405 2913 1673 2974 Januarii3
1704 2909 1875 2963 Galba
1904 2912 2217 2963 interfectus
2238 2911 2409 2962 xvm

1405 2991 1529 3044 Kal.
1545 2989 1793 3042 Februar.
1816 2989 2009 3061 (Tacit.
2027 3009 2143 3062 cap.
2164 2989 2281 3061 27),
2298 2990 2407 3042 aive

1409 3069 1496 3125 die
1523 3069 1585 3122 15
1610 3069 1879 3135 hauan-ii,
1898 3083 1959 3122 ut
1978 3067 2113 3122 adeo
2138 3087 2285 3120 more
2302 3069 2415 3120 Ro·-

1409 3167 1571 3202 mano
1590 3150 1897 3219 adoptionis
1922 3161 1975 3201 et
1996 3148 2150 3201 cedis
2176 3149 2287 3201 dies
2312 3167 2411 3199 an-

1411 3242 1775 3282 numerentur.
1828 3228 1989 3295 Quod
2037 3229 2411 3293 Casaubonua‚

1410 3309 1755 3363 Plutarchum
1816 3310 1970 3364 aliter
2026 3328 2307 3362 numerare
2358 3321 2414 3360 et

1411 3400 1657 3463 quartum
1683 3390 1817 3440 diem
1848 3387 2149 3460 appellare,
2173 3387 2325 3452 dicit,
2355 3388 2415 3440 in

1415 3488 1482 3522 eo
1525 3481 1695 3534 errat,
1738 3468 2075 3522 festinantius
2114 3467 2251 3522 lecto
2292 3465 2417 3520 Plu-

1415 3547 1603 3602 tat-cho
1640 3545 1793 3617 (vide
1828 3547 2188 3619 disputantem
2218 3550 2419 3598 Baum-

1415 3627 1599 3700 gart).
1629 3630 1677 3678 ls
1706 3626 1897 3680 diserte
1922 3637 2061 3679 sexto
2088 3627 2173 3678 die
2203 3627 2419 3679 interfe-

1419 3721 1563 3759 ctum
1578 3705 1829 3772 Galbam,
1848 3719 1901 3758 et
1918 3717 2143 3778 quatuor
2161 3707 2269 3759 dies
2284 3711 2421 3759 inter

1423 3785 1767 3858 adoptionem
1804 3799 1855 3840 et
1891 3785 2083 3838 cedem
2116 3788 2423 3859 interjectos

1422 3869 1615 3932 fuisse,
1657 3869 2049 3920 accuratissime
2078 3865 2222 3919 dicit.
2262 3869 2424 3920 Cete-

1419 3965 1537 3998 rum
1566 3949 1635 3998 cf.
1656 3947 1783 4000 oth.
1806 3947 1868 4014 6.,
1898 3960 1952 3998 et
1972 3947 2043 3998 ibi
2064 3958 2171 3997 not.

1493 4027 1679 4077 xvm.
1760 4043 1801 4078 ι.
1886 4026 2272 4098 lisant‘firstt'ora.
2347 4028 2425 4078 Ita

1423 4105 1639 4156 Menum.
1664 4105 1879 4177 aliique.
1900 4105 2054 4175 Vulg.
2076 4109 2295 4178 majora.
2319 4103 2427 4158 Am

1425 4183 1621 4254 injuria
1636 4185 1928 4237 omiserunt
1940 4183 2101 4238 verba
2117 4195 2169 4239 et
2187 4185 2427 4240 tristiora.
