3050 5004
586 487 719 568 240

1339 478 1412 544 C.
1462 478 1932 547 SUETONH

584 635 719 706 que
746 613 945 678 etiam
974 631 1182 678 mauu
1210 603 1473 701 pulsata
1502 606 1592 674 sit
1621 629 1666 672 a
1695 622 1908 672 matre
1939 601 2235 698 Lepidm.
2267 604 2665 676 observavit

583 737 741 790 ante
767 744 999 788 omnes
1027 719 1284 786 Liviam
1302 721 1712 808 Augustam:
1747 713 1943 808 cujus
1974 729 2042 782 et
2069 718 2238 784 vivae
2268 718 2478 808 gratia
2509 715 2662 810 plu-

582 835 831 900 rimum
858 831 1099 914 valuit,
1146 846 1215 898 et
1242 843 1530 896 mortuae
1563 843 1964 896 testamento
1996 851 2188 920 paene
2225 826 2472 896 ditatus
2511 844 2658 896 est:

584 944 963 1010 sestertium
994 963 1285 1034 namque
1322 940 1744 1034 quingenties
1785 960 2000 1030 quum
2034 939 2474 1030 praecipuum·
2487 941 2666 1006 inter

582 1051 935 1144 legatarios
983 1047 1355 1131 habuisset,
1405 1049 1564 1141 quia
1613 1061 1872 1129 notata,
1921 1070 2060 1114 non
2102 1049 2473 1140 perscripta
2521 1062 2670 1116 erat

586 1185 873 1246 summa,
894 1159 1143 1230 herede
1165 1159 1435 1228 Tiberio
1462 1157 1758 1250 legatum
1777 1155 1866 1226 ad
1892 1160 2258 1253 quingenta
2281 1176 2662 1242 revocante,

584 1297 672 1343 ne
694 1271 841 1340 haec
862 1270 1137 1366 quidem
1156 1266 1475 1364 accepitss.

676 1387 795 1452 VI.
844 1382 1229 1452 Honoribus
1258 1397 1415 1450 ante
1444 1379 1820 1473 legitimum
1847 1395 2114 1474 tempus
2147 1382 2328 1448 initis
2341 1434 2360 1464 ,
2412 1385 2667 1450 Praetor

584 1495 1053 1563 commissione
1066 1511 1085 1544 ¹
1111 1492 1429 1561 ludorum
1454 1489 1826 1560 Floralium
1841 1543 1860 1576 ,
1883 1515 2140 1560 novum
2162 1489 2526 1586 spectaculi
2553 1515 2668 1586 ge-

582 1628 715 1672 nus
738 1658 756 1687 ‚
804 1602 1197 1697 elephantos
1240 1599 1593 1670 fumambul
1603 1623 1678 1668 os
1696 1609 1720 1638 ⁸
1744 1651 1762 1682 ,
1804 1597 2054 1684 edidit;
2105 1605 2258 1670 exin
2305 1605 2666 1697 provinciae

585 1717 955 1811 Aquitaniae
979 1737 1159 1782 anno
1194 1714 1335 1782 fere
1362 1709 1708 1808 praefuit³z
1743 1735 1904 1780 mox
1931 1713 2360 1784 consulatum
2389 1740 2512 1809 per
2547 1737 2666 1783 sex

586 1851 853 1898 menses
888 1827 1303 1897 ordinarium
1329 1821 1608 1919 gessit4:
1641 1826 2026 1920 evenitque,
2057 1843 2134 1896 ut
2155 1811 2230 1896 i1‘1
2257 1851 2336 1898 eo
2369 1832 2510 1923 ipse
2533 1832 2659 1897 Cn.

656 2033 711 2087 6.
746 2035 1043 2090 Sestertium
1076 2053 1358 2107 namque...
1388 2052 1455 2086 ne
1478 2031 1586 2086 hoec

586 2114 794 2186 quidem
820 2114 1033 2186 accepit.
1070 2113 1240 2166 Wolf.
1267 2113 1420 2186 plura
1446 2115 1500 2165 in
1527 2111 1583 2164 h.

584 2191 623 2243 l.
642 2189 897 2245 mendosa
905 2191 1111 2264 judicat
1126 2233 1142 2260 ‚
1159 2207 1211 2246 et
1222 2193 1394 2246 bonos
1412 2192 1582 2246 Codd.

584 2290 757 2343 prope
788 2272 1081 2325 evidentem
1120 2274 1296 2326 facere
1334 2271 1585 2326 emenda-

586 2353 787 2403 tionem
805 2390 825 2419 ,
868 2371 1027 2423 quum
1062 2353 1119 2404 in
1150 2365 1296 2406 textu
1327 2356 1583 2425 posuerit.

584 2429 689 2486 Sed
710 2432 989 2484 immemor
1008 2431 1227 2499 notulae,
1247 2433 1457 2507 reliquit
1476 2445 1583 2484 tex-

588 2524 729 2577 tum,
772 2514 981 2585 qualem
1016 2516 1312 2585 superiores
1350 2512 1580 2565 editores

589 2605 642 2644 et
674 2611 773 2646 nos
803 2592 1143 2645 reddidimus.
1179 2594 1321 2645 Num
1346 2592 1487 2645 forte
1516 2590 1586 2643 ad

586 2672 802 2723 Memm.
824 2671 946 2723 libri
964 2670 1121 2723 fidem
1135 2674 1424 2743 scripturus
1444 2683 1583 2737 erat,

592 2772 616 2798 σι
643 2754 947 2806 Sestertium
977 2773 1204 2827 namque
1248 2756 1580 2825 quingenties

586 2835 911 2902 praecipuum
931 2834 1068 2885 inter
1082 2832 1365 2904 legatarios
1382 2833 1581 2886 habuit.

586 2910 691 2962 Sed
712 2913 867 2981 quia,
890 2912 1027 2965 etc.?
1042 2934 1063 2959 ι
1092 2911 1195 2965 Sed
1216 2914 1457 2983 vulgatus
1472 2926 1586 2964 tex-

587 3001 672 3041 tus
694 2989 765 3041 ob
784 2993 953 3061 ipsam
975 2990 1279 3044 brevitatem
1302 2992 1584 3044 Suetonia-

586 3088 688 3121 nus
716 3068 845 3121 mihi
866 3069 1099 3136 videtur,
1128 3084 1183 3122 et
1210 3072 1386 3123 omnia
1414 3070 1586 3137 clara,

584 3146 748 3200 modo
778 3150 1117 3221 participium
1144 3159 1413 3204 revocante
1432 3149 1590 3203 intel·-

585 3229 773 3282 lexeris
786 3249 884 3301 pro
898 3248 1061 3302 quum
1078 3242 1363 3285 revocasset.
1389 3230 1586 3303 Saepius

588 3312 729 3363 enim
756 3310 979 3378 Noster,
1013 3310 1249 3365 Graecam
1275 3311 1586 3364 brevitatem

588 3390 873 3455 emulans,
911 3409 1069 3462 quam
1098 3392 1317 3464 impedit
1357 3394 1411 3444 in
1442 3393 1588 3444 Lati-

587 3471 669 3521 nis
687 3469 1080 3541 participiorum
1100 3474 1323 3543 penuria
1335 3511 1351 3539 ‚
1368 3490 1589 3543 praesen-

585 3550 651 3600 tis
664 3550 947 3619 participio
958 3550 1124 3601 utitur
1138 3569 1233 3621 pro
1244 3552 1483 3622 perfecto
1494 3586 1512 3615 ‚
1529 3563 1590 3601 ut

587 3626 714 3677 Caes.
740 3627 809 3679 65
832 3626 1116 3681 admonens
1139 3648 1235 3701 pro
1264 3626 1511 3689 κιλιῦσις,
1537 3640 1592 3680 et

588 3704 735 3758 alibi.
763 3709 823 3757 In
848 3708 1062 3780 reliquis
1090 3723 1217 3761 nota
1238 3708 1590 3781 ῥνωοίρωιηι,

588 3783 699 3837 scil.
726 3784 982 3858 legatum,
1022 3806 1127 3857 prae
1148 3787 1361 3860 reliquis
1390 3786 1590 3860 leyata-

588 3866 704 3927 riis,
735 3868 788 3917 in
808 3884 917 3936 quo
940 3866 1067 3919 latet
1092 3867 1221 3920 illud
1244 3864 1585 3920 vocabulum.

588 3941 790 3995 Deinde
810 3953 989 3996 notata
1008 3960 1209 3996 summa
1224 3958 1301 3997 est
1318 3942 1588 4015 signo‘nu·

588 4022 719 4071 meri
736 4020 782 4071 D
812 4021 1129 4091 significata,
1156 4040 1267 4074 non
1290 4020 1451 4073 literis
1472 4040 1588 4093 pen-

590 4100 776 4170 seripta
793 4099 1053 4174 (indique‘e
1064 4120 1130 4153 en
1144 4100 1359 4172 chiffies
1368 4138 1386 4166 ,
1408 4113 1458 4153 et
1478 4118 1586 4153 non

591 4178 902 4255 spe‘cffit‘een
922 4178 1313 4253 materian-es),
1334 4183 1387 4233 in
1404 4198 1508 4254 qua
1529 4202 1587 4234 re

1673 2051 1816 2087 nunc
1843 2037 2000 2088 etiam
2031 2035 2086 2089 in
2112 2039 2471 2096 instrumentis
2495 2057 2668 2111 pecu-

1673 2115 1850 2168 niariis
1879 2119 2074 2186 justam
2109 2122 2412 2174 cautionem
2447 2119 2668 2173 adhibe-

1674 2212 1790 2247 mus
1803 2233 1820 2262 ‚
1836 2195 1907 2248 ob
1925 2199 2230 2270 corruptelas
2249 2199 2330 2252 vel
2351 2200 2490 2253 falsae
2503 2202 2672 2253 inter·

1673 2278 1983 2347 pretationis
1999 2279 2306 2348 periculum.
2321 2281 2560 2349 Denique
2578 2281 2674 2331 mi·

1672 2354 1936 2407 nuendam
1947 2356 2182 2428 plerique
2192 2357 2386 2410 duxere
2397 2376 2674 2424 summam,

1673 2448 1728 2488 et
1747 2437 2081 2490 scribendum
2103 2438 2446 2511 quinquagies
2473 2451 2524 2489 et
2547 2454 2670 2489 mox

1674 2519 2090 2593 quinquaqinta,
2111 2518 2258 2588 quod
2278 2537 2384 2569 non
2411 2518 2674 2570 absonum

1675 2598 1905 2661 videtur,
1921 2616 2240 2671 quamquam
2256 2595 2550 2649 cavendum
2565 2608 2645 2649 est
2657 2633 2674 2663 ‚

1675 2695 1745 2730 ne
1758 2680 2024 2731 Romanas
2039 2678 2244 2730 divitias
2265 2694 2330 2729 ex
2347 2686 2524 2729 nostra
2543 2692 2676 2748 pau·

1675 2770 1881 2831 pet-tate
1908 2759 2238 2811 aestimemus.

1743 2838 1835 2889 vt.
1869 2854 1914 2888 t.
1953 2838 2150 2890 Proetor
2167 2835 2545 2899 commissione,
2572 2846 2674 2899 etc.

1678 2932 1742 2967 ex
1765 2916 2006 2967 instituto
2034 2914 2286 2985 Augusti,
2314 2926 2374 2965 ut
2403 2926 2545 2965 recte
2573 2930 2678 2963 no-

1677 3008 1758 3048 tat
1789 2998 2023 3061 Ernest.,
2053 2994 2121 3048 de
2156 3013 2261 3067 quo
2288 2995 2420 3059 Dio,
2447 2994 2588 3060 LIV,
2623 3008 2673 3043 2.

1678 3074 1908 3129 florales
1930 3074 2078 3127 ludos
2096 3094 2126 3127 a
2147 3076 2205 3127 L.
2229 3075 2418 3144 Sejano
2446 3075 2674 3125 Praetore

1679 3154 1850 3209 editos
1869 3168 2053 3209 narrat
2071 3157 2172 3208 Dio
2187 3196 2202 3219 ‚
2215 3157 2402 3221 Lvm,
2425 3152 2676 3225 19.Plura

1679 3234 1746 3288 «le
1773 3236 1852 3288 his
1872 3234 2045 3300 ludis,
2069 3236 2139 3287 lv
2160 3233 2280 3285 Kal.
2299 3233 2425 3285 Mai.
2455 3246 2679 3304 quotan-

1679 3316 1761 3368 nis
1781 3312 2032 3366 celebrari
2053 3310 2247 3377 solitis,
2274 3310 2394 3364 vide
2413 3309 2560 3383 apud
2578 3310 2678 3361 Ro-

1676 3396 1777 3448 sin.
1806 3394 1932 3446 Ant.
1953 3394 2104 3445 Rom.
2133 3392 2207 3458 V,
2244 3390 2324 3445 15.

1752 3490 1799 3524 2.
1831 3472 2153 3543 Elephantos
2166 3468 2678 3540 fianambulos5quos

1672 3554 1784 3621 jam
1809 3552 2100 3603 invenimus
2126 3550 2328 3601 Neron.
2358 3565 2476 3619 cap.
2512 3562 2530 3598 t
2549 3562 2592 3597 ι.

1751 3630 1801 3683 3.
1829 3631 2034 3681 Exin...
2048 3627 2344 3700 Aquitanica
2433 3624 2675 3699 proefiaei13

1678 3728 1800 3762 ann.
1825 3708 1955 3779 784,
1977 3706 2189 3759 Tiberio
2213 3708 2262 3755 V
2285 3722 2336 3760 et
2355 3708 2415 3758 L.
2435 3705 2568 3757 AElio
2591 3704 2680 3758 Se-

1673 3790 1802 3859 jano
1825 3788 2003 3851 Coss„
2033 3800 2090 3839 ut
2114 3789 2294 3840 statuit
2317 3785 2462 3857 Pigh.
2484 3784 2675 3837 Annal-

1679 3881 1809 3919 tom.
1833 3868 1931 3934 111,
1959 3884 2080 3937 pag.
2109 3866 2230 3935 559.

1749 3946 1799 4012 4.
1827 3946 1957 3996 Mox
1974 3943 2542 4016 consulatum...qessit;
2555 3958 2678 3992 cum

1677 4025 1735 4076 L.
1763 4024 2012 4076 Cornelio
2035 4021 2205 4087 Sulla,
2229 4040 2351 4073 ann.
2381 4021 2501 4091 786.
2531 4018 2682 4071 Ordi-

1677 4102 1818 4156 nart’i
1840 4102 2099 4157 Consules
2124 4114 2300 4166 erant,
2325 4100 2414 4172 qui
2431 4097 2550 4150 Kal.
2579 4098 2675 4149 Ju-

1679 4198 1831 4233 nuar.
1851 4181 2212 4257 magistratum
2225 4180 2564 4250 auspicantes
2577 4192 2674 4227 no—
