3050 5004
639 484 761 546 DE
806 481 1155 548 CLAms
1198 482 1618 546 RHETOR.
1673 485 1982 548 Lmen.
2233 488 2366 574 439

258 610 531 678 fortuna
555 612 627 676 in
655 608 967 678 ordinem
996 611 1409 680 senatorium
1430 663 1447 693 ,
1481 627 1688 704 atque
1713 609 1800 678 ad
1829 635 2134 680 summos
2157 613 2374 681 hono-

259 745 364 792 res
388 723 857 816 processerint.
888 719 1017 792 Sed
1040 724 1214 790 ratio'
1234 719 1525 790 docendi
1553 746 1679 790 nec
1704 747 1843 790 una
1865 725 2180 794 omnibus
2199 779 2216 808 ,
2247 751 2376 795 nec

258 830 539 925 singulis
573 832 811 902 eadem
842 853 1108 926 semper
1134 831 1267 901 suit
1281 885 1299 916 ,
1333 831 1609 928 quando
1633 815 1826 902 ‚vario
1849 833 2058 902 modo
2087 838 2378 932 quisque

254 941 629 1037 discipulos
658 959 1128 1014 exercuerunt.
1165 949 1343 1012 'Nam
1378 960 1447 1012 et
1477 943 1656 1012 dicta
1687 943 2010 1036 praeclare
2027 997 2048 1030 ‚
2081 969 2206 1038 per
2239 970 2378 1016 om·

257 1077 381 1124 nes
404 1053 659 1146 figuras
673 1105 693 1138 ‚
717 1077 842 1147 per
864 1077 1095 1140 casus,
1120 1070 1191 1122 et
1214 1053 1540 1148 apologos
1558 1107 1576 1138 ‚
1605 1053 1800 1124 aliter
1818 1071 2024 1150 atque
2051 1056 2249 1126 aliter
2271 1082 2378 1126 ex-

256 1189 545 1259 ponere,
574 1183 647 1236 et
668 1168 1089 1236 narrationes
1120 1181 1267 1237 tum
1288 1166 1584 1236 breviter
1606 1182 1678 1235 et
1701 1189 1936 1259 presse
1949 1219 1967 1249 ‚
1999 1185 2147 1235 tum
2173 1168 2376 1236 latius

258 1293 329 1346 et
370 1277 649 1346 uberius
694 1276 1031 1370 explicare
1086 1292 1532 1348 consuerant:
1585 1275 1932 1346 interdum
1981 1280 2378 1348 Graecorum

232 1391 513 1483 ‘scripta
535 1405 927 1458 convertere
946 1441 965 1472 ‚
993 1411 1075 1458 ac
1101 1391 1281 1460 viros
1314 1389 1614 1460 illustres
1637 1387 1916 1458 laudare
1935 1441 1956 1472 ,
1979 1389 2088 1458 vel
2113 1393 2380 1483 vitupe-

256 1523 446 1580 rare:
486 1497 801 1594 quaedam
839 1502 1041 1570 etiam
1070 1499 1161 1568 ad
1196 1523 1401 1570 usum
1434 1503 1816 1569 communis
1849 1502 2006 1568 vitoe
2037 1503 2376 1582 instituta,

257 1627 411 1680 tum
432 1609 621 1678 utilia
654 1625 725 1678 et
750 1613 1133 1682 necessaria
1146 1664 1165 1693 ,
1196 1627 1347 1680 tum
1378 1613 1758 1704 perniciosa
1780 1627 1850 1678 et
1881 1633 2381 1702 supervacanea

258 1719 620 1790 ostendere
649 1747 665 1788 :
700 1743 881 1813 saepe
919 1719 1165 1791 fabulis
1198 1718 1407 1792 fidem
1438 1719 1712 1790 firmare
1727 1772 1748 1802 ‚
1774 1738 1894 1788 aut
1935 1718 2230 1788 historiis
2261 1719 2380 1788 de·-

257 1855 485 1916 mere3
510 1829 697 1927 quod
728 1853 945 1924 genus
972 1847 1145 1911 ,θέσεις
1172 1847 1241 1899 et
1266 1847 1552 1911 ἀνωσκιυάς
1577 1847 1646 1899 et
1671 1850 1984 1912 nam-nude
2011 1833 2232 1900 Graeci
2259 1855 2380 1898 vo·-

258 1957 449 2011 cant:
474 1941 693 2012 donec
714 1944 971 2010 sensim
987 1940 1137 2010 haec
1159 1942 1632 2025 exoleverunt,
1655 1957 1724 2010 et
1741 1940 1831 2010 ad
1849 1944 2378 2012 controversiam

256 2067 543 2122 ventum
578 2067 702 2120 est.
745 2056 1021 2122 Veteres
1064 2054 1509 2123 Controversia.»
1543 2069 1665 2122 aut
1701 2077 1786 2122 ex
1820 2051 2114 2122 historiis
2157 2052 2380 2120 traheae

258 2161 541 2248 bantur3
560 2165 735 2232 sicut
759 2186 923 2235 sane
944 2163 1295 2234 nonnullae
1316 2189 1538 2258 usque
1559 2163 1822 2234 adhuc:
1847 2181 1970 2234 aut
1990 2188 2074 2232 ex
2100 2165 2380 2232 veritate

258 2297 343 2341 ac
380 2297 457 2341 re
476 2327 495 2356 ‚
543 2279 601 2344 si
647 2298 787 2369 qua
828 2275 1003 2344 forte
1047 2298 1287 2344 recens
1332 2274 1704 2344 accidisset.
1757 2281 1785 2342 1
1792 2292 2028 2368 taque,
2075 2273 2384 2345 looerum

260 2387 469 2456 etiam
485 2386 1051 2481 appellationibus
1070 2385 1349 2480 adjectis
1364 2439 1383 2468 ‚
1406 2389 1700 2480 proponi
1725 2385 2052 2454 solebant.
2077 2389 2182 2456 Sic
2199 2402 2382 2454 certe

260 2497 563 2579 collectae
590 2496 927 2594 editaeque
956 2523 1029 2567 se
1056 2497 1341 2567 habent:
1371 2522 1453 2566 ex
1476 2497 1728 2593 quibus
1755 2520 1896 2565 non
1917 2495 2214 2567 alienum
2239 2497 2382 2564 fue·

260 2612 353 2679 rit
367 2662 387 2692 ,
413 2634 627 2681 unam
655 2626 725 2679 et
754 2608 1037 2681 alteram
1052 2662 1073 2693 ,
1096 2607 1391 2701 exempli
1412 2630 1653 2690 causa,
1676 2606 1765 2675 ad
1785 2607 2074 2675 verbum
2093 2606 2376 2675 referre:

270 2750 299 2781 κ
324 2723 579 2790 AEstivo
612 2736 919 2814 tempore
950 2718 1415 2791 adolescentes
1450 2717 1698 2787 urbani
1733 2742 1949 2812 quum
1978 2719 2242 2785 Ostiam
2275 2740 2382 2784 ve-

262 2835 558 2914 nissent,
582 2831 743 2903 litus
766 2834 1085 2925 ingressi,
1110 2832 1479 2924 piscatores
1504 2828 1852 2899 trahentes
1874 2845 2018 2897 rete
2035 2829 2381 2911 adierunt,

264 2959 335 3012 et
352 2945 787 3036 pepigerunt,
804 2942 1039 3015 bolum
1058 2945 1297 3037 quanti
1312 2955 1646 3011 emerent:
1667 2963 1984 3009 nummos
2001 2939 2380 3009 solverunt:

264 3052 389 3122 diu
416 3068 980 3147 exspectaverunt
994 3105 1015 3135 ‚
1042 3052 1213 3123 dum
1238 3054 1406 3121 retia
1434 3050 1985 3121 extraherentur:
2016 3049 2386 3145 aliquando

264 3167 585 3235 extractis
599 3216 617 3249 ,
642 3167 845 3259 piscis
866 3164 1097 3235 nullus
1114 3164 1316 3235 infuit
1329 3216 1349 3246 ,
1368 3164 1489 3233 sed
1508 3179 1742 3256 sporta
1751 3167 1901 3233 auri
1919 3164 2186 3233 obsum.
2207 3168 2386 3231 Tum

266 3289 562 3343 emtores
584 3274 821 3344 bolum
844 3300 1047 3346 suum
1066 3278 1287 3359 aiunt,
1308 3278 1678 3368 piscatores
1700 3298 1923 3343 suum.
1951 3305 1978 3335 n
2015 3306 2042 3335 a
2061 3274 2392 3342 venalicii

184 3420 189 3426 ·
266 3401 498 3482 quum·
516 3388 849 3462 Brundisii
878 3414 1155 3483 gregem
1184 3389 1532 3459 venalium
1562 3412 1599 3454 e
1627 3392 1784 3457 navi
1817 3386 2185 3455 educerent
2203 3440 2220 3469 ,
2249 3388 2385 3456 for·

266 3520 467 3571 moso
514 3516 582 3567 et
618 3503 917 3594 pretioso
958 3524 1173 3593 puero
1192 3553 1211 3584 ‚
1259 3500 1447 3596 quod
1492 3501 1856 3593 portitores
1869 3498 1900 3554 4
1945 3496 2354 3565 verebantur
2375 3552 2392 3580 ‚

266 3608 535 3679 bullam
568 3628 639 3681 et
672 3627 1067 3705 praetextam
1104 3626 1335 3703 togam
1368 3612 1790 3704 imposuere:
1827 3608 2024 3676 facile
2057 3606 2392 3676 fallaciam

206 3719 213 3727 ’
270 3720 605 3791 celarunt,
636 3728 925 3792 ‚Romam
951 3724 1254 3791 venitur:
1294 3744 1405 3792 res
1432 3722 1708 3813 cognita
1741 3734 1876 3787 est:
1913 3720 2170 3811 petitur
2194 3741 2396 3814 puer,

273 3830 464 3927 quod
496 3830 754 3901 domini
782 3833 1129 3901 voluntate
1155 3832 1361 3901 fuerit
1385 3831 1587 3913 liber,
1619 3832 1690 3897 in
1722 3828 2125 3898 libertatem.
2152 3858 2178 3887 κ
2215 3828 2396 3896 Olim

350 4018 402 4085 4.
418 4020 730 4083 Portitor-eu
747 4024 1050 4075 accusativo
1062 4038 1191 4073 casn
1206 4038 1299 4090 po-
1390 4038 1495 4091 que
1518 4016 1838 4071 defraudare
1863 4014 2151 4071 studebant
2173 4017 2400 4087 vectiga-

276 4099 462 4152 situm.
491 4097 705 4153 Scilicet
734 4098 1011 4167 venalicii,
1038 4118 1133 4151 seu
1156 4117 1300 4151 man·
1390 4098 1455 4164 li,
1481 4097 1628 4170 quod
1647 4098 1714 4151 de
1737 4098 1974 4150 formoso
1999 4112 2169 4167 puero
2193 4094 2399 4151 solven-

280 4198 480 4251 gones‚
500 4177 822 4233 verebantur
842 4181 1157 4251 portitorem,
1185 4197 1305 4233 eos·
1394 4178 1521 4233 dum
1553 4192 1682 4233 erat.
