3050 5004
1058 485 1701 554 DOMITIANUS.

2303 494 2430 578 407

334 615 693 709 epistolam
710 615 761 699 4,
798 618 899 682 sic
938 617 1175 706 coepit:
1236 643 1263 674 a
1286 615 1618 682 Dominus
1659 631 1728 680 et
1765 618 1946 682 Deus
1965 613 1990 652 ⁵
2031 631 2264 683 noster
2303 614 2437 684 hoc

332 725 479 794 fieri
498 724 715 820 jubet.
748 757 775 789 η
810 724 1009 794 Unde
1033 728 1415 794 institutum
1442 723 1726 816 posthac
1745 777 1762 807 ,
1793 741 1872 792 ut
1897 745 1984 792 ne
2013 729 2262 818 scripto
2291 729 2438 822 qui-

330 835 491 904 dem
520 859 603 905 ac
631 857 941 906 sermone
966 833 1373 930 cujusquam
1398 833 1858 928 appellaretur
1881 834 2096 904 aliter.
2127 833 2156 874 ⁶
2169 837 2435 907 Statuas

332 945 459 1017 sibi
480 948 555 1014 in
578 944 906 1038 Capitolio
929 968 1070 1012 non
1096 946 1224 1012 nisi
1250 965 1493 1012 aureas
1522 959 1592 1010 et
1616 959 1970 1036 argenteas
1997 948 2160 1038 poni
2187 951 2436 1039 permi-

330 1057 421 1124 sit
438 1107 457 1138 ‚
492 1077 574 1122 ac
602 1053 922 1147 ponderis
958 1056 1146 1122 certi.
1186 1057 1394 1122 Janos
1428 1075 1766 1152 arcusque
1803 1075 1962 1122 cum
1993 1053 2338 1149 quadrigis
2371 1073 2440 1124 et

328 1163 707 1259 insignibus
737 1161 1241 1256 triumphorum
1266 1187 1391 1256 per
1418 1165 1728 1256 regiones
1752 1161 1958 1233 Urbis
1980 1181 2208 1234 tantos
2236 1189 2316 1233 ac
2337 1182 2438 1234 tot

268 1345 283 1360 ,
328 1277 666 1344 exstruxit
686 1327 704 1357 ,
754 1289 834 1341 ut
876 1271 1146 1342 cuidam
1194 1277 1428 1343 Graece
1476 1276 1879 1368 inscriptum
1931 1276 2058 1344 sit:
2112 1281 2369 1345 APKEI
2385 1288 2446 1344 ⁷.-

329 1384 739 1454 Consulatus
762 1384 1248 1477 septemdecim
1270 1388 1451 1479 cepit
1462 1385 1514 1469 Β,
1541 1401 1710 1481 quot
1727 1401 1886 1453 ante
1905 1409 2062 1454 eum
2083 1409 2308 1455 nemo,
2336 1391 2436 1456 Ex

330 1496 579 1594 quibus
614 1513 875 1592 septem
908 1495 1167 1564 medios
1204 1499 1659 1565 continuavit:
1703 1519 1941 1566 omues
1977 1513 2204 1566 autem
2239 1519 2436 1591 paene

328 1607 530 1681 titulo
556 1627 755 1678 tenus
788 1614 1031 1703 gessit:
1066 1633 1195 1678 nec
1223 1633 1637 1708 quemquam
1663 1610 1846 1679 ultra
1873 1610 2210 1680 Kalendas
2237 1614 2436 1679 Maii:

328 1721 563 1814 plures
594 1717 681 1788 ad
710 1718 870 1788 Idus
903 1743 1121 1816 usque
1148 1723 1525 1789 Januarias.
1563 1725 1723 1789 Post
1747 1737 1978 1788 autem
2005 1721 2177 1789 duo's
2207 1723 2439 1788 trium·

402 1961 452 2027 4.
490 1959 847 2013 For-malem...
880 1959 1190 2035 epistolarum·
1222 1962 1257 2013 i.
1283 1979 1336 2034 =e.

328 2042 505 2094 forms
524 2041 767 2094 sollemni
795 2042 1154 2113 conscriptam
1170 2079 1187 2108 ‚
1214 2059 1341 2093 cum

328 2119 574 2174 formulis
597 2121 871 2194 titulisque
894 2119 1256 2174 sollemnibus.

402 2197 453 2253 5.
474 2201 735 2254 Dominus
754 2212 806 2252 et
828 2201 979 2254 Deus.
1002 2199 1084 2251 cf.
1106 2201 1336 2252 Reimsr.

331 2278 403 2332 nd
434 2279 635 2349 xiphil.
670 2281 887 2345 LXVII,
916 2279 1026 2344 ¹13,
1054 2279 1218 2332 modo
1248 2283 1338 2333 cit.

330 2357 465 2410 Plin.
487 2358 682 2428 Paneg.
707 2355 773 2410 52
794 2379 807 2409 ε
842 2380 865 2404 σι
884 2359 967 2409 Tu
990 2357 1212 2411 delubra
1232 2377 1343 2411 non

330 2438 435 2488 nisi
468 2435 787 2490 adoraturus
818 2440 1018 2502 intras,
1046 2437 1147 2489 tibi
1174 2441 1343 2490 maxi-

330 2534 452 2569 mus
475 2514 655 2569 honor
681 2516 945 2569 excubare
974 2534 1074 2589 pro
1098 2515 1341 2587 templis,

330 2594 685 2669 postibusque
725 2598 957 2668 praetexi.
1004 2596 1089 2649 Sic
1130 2598 1195 2648 sit
1218 2634 1236 2663 ‚
1281 2608 1343 2647 ut

331 2675 434 2727 Dei
462 2692 727 2727 summum
760 2678 900 2727 inter
924 2675 1166 2727 homines
1192 2675 1341 2727 fasti-

326 2756 481 2827 gium
510 2768 755 2823 servent,
786 2774 953 2828 quum
976 2756 1205 2807 Deorum
1236 2758 1343 2829 ipse

332 2852 444 2888 uon
466 2846 695 2907 appetas.
720 2858 743 2882 a·
762 2835 843 2887 Cf.
866 2836 1069 2900 Victor,
1094 2835 1221 2889 Caes.
1250 2852 1271 2887 1
1286 2852 1306 2889 ι
1323 2874 1342 2903 ,

332 2924 389 2966 et
410 2912 553 2985 Epic.
584 2930 605 2965 1
620 2930 667 2977 ις
691 2916 849 2968 Oros.
867 2916 994 2983 vll,
1026 2930 1106 2967 ιο.

406 2992 460 3045 6.
496 2991 737 3059 Statuas,
774 3006 877 3046 etc.
900 2992 1057 3045 Conf.
1080 2988 1337 3065 xiphilin.

330 3072 549 3140 LXVII,
571 3072 631 3138 8,
654 3072 749 3124 nbi
766 3074 1099 3134 Reimarutm
1116 3074 1339 3145 Eutrop.

330 3154 459 3219 vn,
494 3151 575 3206 15.
606 3150 742 3203 Plin.
772 3155 1027 3227 Panegyr.
1059 3152 1155 3205 52:
1192 3154 1341 3206 alts-

332 3250 443 3304 que
464 3244 613 3285 tuam
636 3243 867 3284 statuam
884 3233 941 3284 in
957 3231 1219 3285 vestibulo
1246 3234 1343 3285 Jo-

330 3314 413 3365 vis
434 3312 640 3384 Optimi
656 3312 877 3364 Maximi
903 3330 1067 3365 unum
1096 3310 1343 3365 alteram-

330 3408 401 3444 ve
416 3428 433 3459 ‚
456 3402 511 3443 et
536 3389 678 3445 hanc
698 3408 928 3458 aeneam,
958 3392 1241 3444 cernimus.
1270 3392 1345 3443 At

328 3470 501 3545 paulo
544 3482 669 3525 ante
706 3472 879 3525 aditus
916 3489 1124 3539 omnes,
1167 3488 1345 3525 omnes

194 3606 216 3619 ‚
328 3550 553 3625 yradns,
596 3560 806 3623 totaque
850 3565 972 3601 area
1013 3548 1137 3601 hinc
1176 3566 1339 3615 auro,

329 3629 462 3683 hinc
484 3640 701 3703 arqento
728 3628 1013 3693 relucebat,
1046 3646 1141 3681 seu
1164 3630 1343 3700 potius

329 3707 711 3782 polluebatur3
740 3726 907 3781 quum
928 3710 1117 3761 incesti
1138 3708 1339 3760 Princi-

332 3790 421 3860 pis
440 3788 629 3840 statuis
648 3788 907 3859 permixta
929 3786 1167 3839 Deorum
1183 3789 1343 3839 simu-

330 3866 479 3919 lacra
500 3866 794 3919 sorderent.
812 3890 841 3916 n.
858 3865 993 3919 vide
1018 3866 1176 3918 etiam
1196 3867 1341 3938 Lips.

334 3946 406 4001 de
426 3948 610 4019 Magn.
635 3949 789 4000 Rom.
818 3948 918 4013 111,
942 3963 1006 4016 9,
1026 3947 1121 4017 qui
1148 3956 1343 3999 ceruam

330 4026 539 4101 pondus
564 4027 729 4081 fuisse
762 4038 1074 4091 centenum,
1116 4026 1279 4078 efficit
1315 4043 1346 4077 e

334 4106 470 4161 Stet.
496 4104 621 4159 silv.
639 4108 711 4173 V,
738 4122 785 4173 1,
812 4110 941 4177 19o.'

412 4202 462 4257 7.
490 4184 617 4240 Ut...
643 4186 949 4259 inscriptum
974 4187 1039 4239 sit
1054 4204 1071 4235 .-
1095 4182 1342 4239 APKEI.

1428 1962 1508 2014 l'ta
1520 1961 1758 2014 Turneb.
1773 1959 1993 2014 Advers.
2008 1963 2076 2028 V,
2097 1975 2179 2028 ιο,
2195 1973 2250 2013 et
2262 1959 2408 2013 xxn
2422 1997 2440 2025 ‚

1436 2040 1517 2094 16.
1543 2043 1718 2094 Locus
1747 2041 1802 2092 in
1825 2041 1973 2094 libris
1996 2042 2188 2093 misere
2209 2053 2292 2094 est
2313 2059 2440 2092 cor-

1428 2133 1711 2192 ruptusex
1733 2122 2037 2194 ignorantia
2058 2122 2202 2174 vocis
2227 2122 2436 2174 Groeeae.

1426 2200 1562 2253 Vide
1587 2201 1872 2254 Burmann.
1905 2215 1958 2255 et
1979 2198 2330 2272 Oudendorp.

1502 2280 1554 2332 8.
1578 2278 1885 2333 Consulatus
1897 2281 2258 2350 septemdecim
2277 2281 2441 2350 oepit,-

1430 2375 1624 2428 nempe
1656 2357 1848 2411 additis
1879 2377 1966 2411 sex
1996 2359 2134 2422 illis,
2169 2375 2304 2428 quos
2332 2359 2444 2428 pri-

1428 2447 1583 2488 vatus
1600 2437 1762 2508 gessit
1778 2457 1793 2488 ε
1815 2436 1932 2490 vide
1949 2453 2068 2509 0³1)-
2087 2455 2136 2488 2.
2159 2437 2444 2488 Continua-

1431 2518 1506 2568 vit
1525 2530 1700 2569 sutem
1723 2529 1972 2569 octavum
1990 2534 2162 2587 usque
2184 2514 2252 2567 ad
2277 2533 2444 2585 quar—

1430 2609 1543 2647 tum
1568 2595 1830 2648 decimum
1853 2594 1922 2647 ab
1947 2614 2074 2648 ann.
2100 2592 2202 2647 835
2225 2593 2294 2645 ad
2317 2591 2440 2660 841,

1428 2674 1485 2729 h.
1507 2694 1554 2726 e.
1579 2686 1770 2746 septem
1793 2674 2004 2728 medios.
2029 2676 2218 2725 Postea
2240 2672 2440 2724 Consul

1428 2754 1532 2807 fuit
1548 2756 1663 2821 XV,
1684 2772 1806 2806 ann.
1830 2754 1963 2819 8433
1984 2754 2133 2816 xvi,
2151 2770 2279 2805 ann.
2304 2750 2440 2819 8453

1430 2844 1485 2885 et
1509 2832 1685 2897 xvn,
1715 2850 1840 2885 sun.
1871 2832 1992 2899 848.
2018 2832 2096 2883 Ex
2122 2833 2322 2884 Nostro
2345 2832 2442 2902 igi-

1428 2926 1518 2964 tur
1543 2910 1970 2984 interpretandus
1997 2908 2198 2981 xiphil.
2223 2910 2443 2976 LXVII,

1430 2992 1499 3059 4,
1530 2994 1654 3065 qui:
1693 2988 1876 3047 ὅπως
1905 2990 1982 3043 ὅτι
2017 2988 2138 3043 uu
2175 2990 2342 3058 ὄφιξῗι·
2344 3026 2438 3041 .....

1431 3068 1775 3142 ὅχοιροτονίθη.
1803 3073 2064 3125 Nimirum
2097 3083 2223 3143 post
2255 3073 2444 3123 trium·

1428 3150 1599 3223 phum
1625 3149 2002 3203 Germanicum
2023 3148 2163 3201 idem
2189 3148 2364 3201 honos
2394 3150 2442 3199 ei

1430 3230 1662 3284 tributus
1696 3243 1774 3284 est
1808 3250 1839 3284 a
1869 3231 2101 3294 Senatu,
2132 3230 2224 3301 qui
2249 3228 2442 3280 Coessri

1428 3307 1582 3382 (vide
1605 3308 1674 3363 sd
1697 3311 1826 3362 Ces.
1854 3328 1900 3361 c.
1923 3309 1992 3378 76
2015 3306 2195 3379 inin),
2221 3303 2312 3359 sed
2333 3324 2442 3358 non

1433 3388 1871 3444 confundendum
1902 3388 2009 3441 hoc
2037 3386 2310 3440 decretum
2342 3388 2444 3439 Pa-

1430 3480 1574 3520 trum
1621 3486 1745 3520 cum
1789 3464 1981 3519 ordine
2027 3464 2410 3531 consulatuum„
2425 3503 2442 3532 ‚

1434 3566 1570 3621 quos
1595 3562 1781 3599 revera
1801 3546 1980 3617 gessit.
2005 3544 2194 3617 Neque
2219 3541 2444 3595 audieu-

1432 3626 1534 3681 dus
1557 3627 1760 3679 Auson.
1780 3626 1929 3679 Grst.
1953 3626 2070 3678 Act.
2103 3620 2173 3676 sd
2203 3622 2441 3676 Grati-n.

1430 3703 1458 3777 ς
1474 3724 1562 3777 27,
1579 3708 1668 3779 qui
1683 3704 1918 3779 pleniore
1933 3724 2030 3758 ore
2041 3744 2058 3771 ‚
2076 3702 2440 3757 Domitianum

1430 3798 1624 3860 septem
1649 3805 1711 3839 ac
1733 3787 1905 3839 decem
1926 3784 2224 3838 conmlatus
2243 3780 2444 3834 invidia

1431 3860 2449 3940 attemsprovehendicontinuandocon-

1430 3945 1664 4010 seruisse,
1695 3942 1840 3997 dicit.
1865 3944 2058 3996 Verius
2090 3940 2320 4006 Plinius,
2347 3940 2442 3992 Ps-

1430 4040 1613 4097 negyr.
1649 4024 1751 4090 58,
1787 4022 1954 4075 «Non
1987 4034 2042 4073 te
2075 4018 2144 4073 sd
2173 4016 2444 4090 exemplar

1434 4104 1548 4173 ejus
1571 4118 1708 4154 voco
1725 4138 1743 4169 ,
1765 4100 1860 4175 qui
1878 4099 2142 4154 continuis
2159 4095 2444 4151 consulati-

1436 4185 1525 4236 bus
1535 4182 1743 4255 fecerat
1765 4180 1984 4255 lonqum
2007 4179 2288 4254 quemdam
2310 4190 2362 4231 et
2384 4178 2444 4231 si·
