3050 5004
884 465 1107 530 AULI
1158 465 1471 531 PERsn
1519 466 1773 531 VITA.
2243 471 2368 553 461

277 609 507 661 autem
530 593 693 660 vitio
722 589 1090 672 stomachi,
1128 613 1309 659 anno
1347 593 1565 658 aetatis
1590 592 1986 660 tricesimos».
2027 592 2154 662 Sed
2183 617 2375 679 mox,

276 719 359 771 ut
396 728 439 770 a
480 701 709 770 schola
753 717 820 768 et
862 703 1199 792 magistris
1247 701 1612 769 diverterat
1633 752 1653 784 ‚
1700 701 1874 770 lecto
1923 702 2094 772 libro
2141 705 2379 773 Lucilii

278 814 578 896 decime,
624 811 1057 879 vehementer
1098 813 1341 878 Satires
1384 835 1790 904 componere
1833 812 2134 882 studuit:
2182 813 2377 907 cujus

278 921 433 991 libri
468 923 876 1015 principium
910 921 1209 988 imitatus
1244 936 1375 1002 est,
1413 920 1541 988 sibi
1578 925 1828 1014 prim0‚
1865 947 2023 992 mox
2063 923 2376 993 omnibus

278 1031 769 1101 detrectatur-us
789 1082 806 1110 ,
844 1052 1001 1096 cum
1039 1045 1225 1098 tanta
1258 1033 1630 1098 recentium
1670 1047 2023 1126 poetarum
2058 1051 2125 1102 et
2157 1051 2375 1102 orato·

278 1170 434 1213 rum
476 1145 947 1223 insectatione,
994 1157 1071 1208 ut
1111 1145 1309 1209 etiam
1352 1147 1689 1210 Neronem
1735 1144 2124 1238 culpaverit.
2168 1141 2376 1239 Cujus

277 1277 515 1324 versus
544 1255 614 1320 in
640 1257 976 1321 Neronem
1005 1275 1221 1345 quum
1244 1254 1335 1318 ita
1359 1274 1431 1319 se
1460 1251 1771 1338 haberet,

602 1413 921 1477 Auriculas
950 1413 1107 1474 asini
1124 1421 1173 1453 ¹⁰
1196 1413 1371 1474 Mida
1396 1435 1499 1475 rex
1522 1415 1736 1494 habet,

278 1573 353 1639 in
389 1569 575 1638 hunc
607 1569 888 1638 modum
920 1592 964 1636 a
996 1571 1295 1634 Cornuto
1330 1569 1477 1660 ipso
1504 1569 1974 1638 tantummodo
2011 1587 2114 1640 est
2147 1594 2375 1640 emen·

280 1679 479 1748 datus
498 1732 517 1762 ,

602 1823 919 1885 Auriculas
944 1823 1102 1884 asini
1123 1826 1250 1905 quis
1276 1843 1400 1886 non
1420 1824 1645 1886 habet?

278 2003 369 2046 ne
391 1975 522 2046 hoc
543 1979 719 2043 Nero
741 1978 814 2042 in
839 1999 911 2043 se
935 1972 1189 2042 dictum
1212 1973 1672 2046 arbitraretur.

276 2202 359 2254 Ita
386 2217 486 2251 nos
519 2197 683 2263 Galli,
718 2195 995 2250 s’arracher
1030 2213 1104 2247 un
1142 2193 1283 2248 livre.
1374 2200 1493 2267 nio,
1518 2201 1564 2253 si
1589 2201 1634 2253 is
1663 2211 1852 2253 auctor
1872 2197 2016 2264 vite,
2043 2195 2302 2250 Consules
2319 2209 2375 2250 et

332 2297 404 2350 .9.
443 2279 659 2330 Anno...
701 2276 969 2328 tricesimo.
1006 2276 1172 2326 Immo
1210 2274 1287 2326 υἰ-
1374 2283 1492 2332 vitae
1520 2299 1690 2332 annos
1727 2297 1836 2330 non
1867 2277 2182 2344 convenire,
2219 2289 2377 2330 antea

278 2359 467 2412 cesima
486 2370 667 2410 octavo
681 2380 698 2410 .-
722 2355 843 2408 vide
864 2372 1043 2425 supra.
1065 2355 1140 2405 Ita
1160 2353 1286 2404 scri-
1374 2356 1864 2412 demonstravimus.

278 2441 390 2514 psit
408 2437 654 2492 wolfius.
678 2437 997 2509 Plerumque
1014 2435 1072 2488 in
1094 2435 1287 2488 Sueto·
1446 2455 1518 2489 ιο.
1531 2435 2080 2501 Auriculasasini‚etc.
2093 2432 2375 2502 Sat.1‚u7.
