3050 5004
708 491 838 577 452
1234 536 1240 543 -
1392 487 1798 555 HORATII
1847 488 2094 554 VITA.

706 619 903 689 nobis
940 619 1129 687 esse?
1150 644 1177 675 u
1228 616 1692 709 expressitque
1733 613 2094 707 eclogam,
2131 612 2325 707 cujus
2359 616 2626 683 initium
2651 632 2792 687 est:

863 788 1075 865 Quum
1102 794 1197 843 tot
1223 778 1554 843 sustineas8
1581 795 1643 842 et
1665 794 1840 843 tanta
1869 784 2118 864 negotia
2146 783 2344 863 solus,

860 886 975 944 Res
1000 880 1183 941 Italas
1208 880 1393 939 armis
1420 880 1667 953 tuteris,
1693 880 1973 939 moribus
2003 900 2216 955 orneS,

863 980 1131 1061 Legibus
1155 977 1473 1052 emendes;
1496 978 1564 1037 in
1589 978 1842 1060 publiea
1864 977 2188 1038 commoda
2215 998 2488 1058 peccem,

860 1078 929 1139 si
960 1078 1150 1158 longo
1179 1094 1462 1139 sermone
1488 1094 1696 1135 morer
1723 1086 1832 1134 tua
1860 1087 2169 1157 tempora,
2197 1076 2418 1137 Caesar.

702 1253 1052 1323 Horatius⁹
1070 1246 1305 1316 habitu
1324 1250 1622 1341 corporis
1639 1247 1863 1315 brevis
1887 1248 2037 1331 fuit,
2059 1264 2260 1342 atque
2278 1248 2554 1317 obesus:
2577 1248 2802 1345 qualis

702 1391 745 1432 a
776 1388 848 1432 se
876 1366 1021 1455 ipso
1054 1362 1216 1427 etin
1246 1360 1475 1428 Satiris
1509 1356 2043 1443 describitur,„et
2069 1358 2154 1425 ab
2183 1366 2482 1450 Augusto
2509 1359 2637 1429 hac
2663 1363 2804 1453 epi-

702 1474 906 1545 stola:
952 1504 978 1533 a
1008 1467 1286 1538 Pertulit
1316 1468 1403 1537 ad
1435 1493 1544 1535 me
1584 1470 1944 1559 Dionysius
1979 1466 2284 1537 libellum
2323 1486 2550 1553 tuum,
2593 1494 2803 1564 quem

704 1608 827 1677 ego
845 1638 862 1667 ‚
896 1599 972 1651 ut
1002 1604 1315 1648 accusem
1342 1594 1436 1661 te,
1470 1576 2113 1673 quantuluscunque
2141 1596 2272 1663 est,
2304 1579 2466 1647 boni
2489 1579 2796 1650 consulo,

702 1697 936 1765 Vereri
975 1710 1201 1761 autem
1244 1689 1409 1757 mihi
1449 1686 1734 1771 videris,
1777 1712 1864 1756 ne
1905 1686 2194 1782 majores
2237 1690 2446 1758 libelli
2486 1693 2586 1759 tui
2628 1693 2800 1773 sint,

598 1866 611 1877 ,
703 1830 908 1903 quam
935 1807 1081 1895 ipse
1113 1826 1206 1870 es,
1238 1798 1365 1869 Sed
1392 1804 1447 1867 si
1470 1799 1590 1866 tibi
1609 1814 1882 1875 ,statura
1903 1796 2123 1881 deest,
2151 1799 2633 1893 corpusculum
2659 1826 2800 1869 non

703 1915 915 1985 deest.
950 1918 1182 2005 Itaque
1210 1908 1438 1977 licebit
1462 1911 1534 1974 in
1559 1908 1912 1976 sextariolo
1933 1918 1981 1947 ¹⁰
2012 1908 2299 1993 scribas;
2327 1936 2540 2005 quum
2569 1914 2804 1979 circui-

703 2010 814 2093 tus
847 2020 1205 2089 voluminis
1235 2020 1331 2085 tui
1362 2020 1446 2085 sit
1473 2032 1875 2109 ὀγκωδέστατος,
1907 2022 2080 2086 sicut
2107 2036 2208 2087 est
2233 2019 2586 2087 ventriculi
2617 2024 2732 2088 tui.
2763 2052 2793 2082 n

704 2136 806 2205 Ad
847 2155 953 2200 res
994 2137 1332 2197 Venereas
1374 2131 1927 2221 intemperantior
1969 2129 2275 2198 traditur.
2321 2133 2530 2219 [Nam
2571 2156 2804 2224 specu-

704 2246 841 2315 lato
877 2238 1187 2311 cubiculo
1220 2257 1439 2306 scorta
1473 2238 1718 2305 dicitur
1747 2238 2061 2307 habuisse
2089 2239 2446 2333 disposita,
2485 2259 2596 2323 ut,
2633 2266 2804 2337 quo-

706 2376 976 2449 cunque
1026 2351 1463 2441 respexisset,
1511 2346 1604 2415 ibi
1653 2350 1710 2415 ei
1763 2350 1985 2441 imago
2036 2353 2250 2417 coitus
2299 2350 2664 2419 referretur
2685 2356 2800 2443 ¹¹.]

704 2468 885 2535 Vixit
914 2463 1279 2558 plurimum
1312 2462 1380 2525 in
1407 2482 1674 2526 secessu
1704 2461 1877 2526 ruris
1909 2462 2012 2527 sui
2036 2458 2257 2530 Sabini
2286 2480 2403 2529 aut
2429 2461 2804 2531 Tiburtini:

706 2577 1085 2667 domusque
1122 2567 1267 2664 ejus
1305 2568 1680 2636 ostenditur
1712 2573 1888 2638 circa
1920 2569 2204 2638 Tiburni
2240 2570 2564 2641 luculum.
2592 2581 2804 2644 Vene-

708 2703 870 2755 runt
900 2687 971 2749 in
998 2705 1239 2748 manus
1272 2702 1454 2747 meas
1488 2695 1556 2744 et
1587 2678 1772 2769 Elegi
1807 2678 1931 2746 sub
1966 2677 2110 2773 ejus
2144 2680 2373 2771 titulo,
2410 2701 2477 2750 et
2507 2684 2802 2778 Epistola

706 2821 911 2891 prosa
952 2795 1289 2872 oratione,
1332 2792 1524 2884 quasi
1564 2787 2096 2862 commendantis
2141 2817 2211 2860 se
2253 2800 2637 2866 Maecenati:
2686 2793 2802 2864 sed

710 2924 994 2998 utraque
1026 2901 1190 2968 falsa
1227 2916 1415 2992 puto·
1454 2905 1625 2966 Nam
1665 2899 1848 2993 Elegi
1883 2899 2230 2992 vulgares,
2271 2903 2568 2996 Epistola
2602 2907 2802 2974 etiam

710 3012 1036 3083 obscura:
1083 3033 1217 3103 quo
1266 3011 1423 3076 vitio
1466 3013 1743 3078 minime
1791 3011 2164 3080 tenebatur.
2217 3017 2424 3080 Natus
2469 3031 2571 3082 est
2615 3033 2800 3084 sexto

712 3125 874 3193 Idus
908 3119 1339 3202 Decembres,
1380 3123 1586 3187 Lucio
1619 3126 1841 3203 Cotta,
1881 3138 1947 3188 et
1978 3124 2185 3189 Lucio
2221 3127 2599 3217 Torquato,
2637 3130 2802 3192 Con-

710 3234 970 3304 sulibus
996 3239 1067 3297 ¹².
1122 3231 1420 3297 Decessit
1469 3233 1710 3326 quinto
1761 3228 2096 3300 Kalendas
2152 3233 2554 3304 Decembres
2573 3288 2592 3320 ,
2643 3238 2798 3302 Caio

785 3474 836 3527 7.
876 3453 1145 3527 Ecloyam.
1186 3455 1262 3506 Ita
1287 3467 1409 3525 post
1438 3452 1570 3508 alios
1603 3455 1716 3510 Ou-
1803 3456 2186 3520 necessarimm
2217 3455 2310 3510 sed
2333 3433 2607 3510 verissinia
2633 3471 2798 3510 muta·

711 3535 871 3590 dend.
898 3547 949 3586 et
968 3532 1212 3585 Wolfius.
1234 3532 1407 3604 Vulgo
1432 3533 1676 3609 elogium.
1802 3536 1877 3588 tio
1907 3537 2071 3607 inepti
2100 3555 2258 3610 quum
2283 3539 2336 3590 in
2360 3555 2481 3610 quo.

785 3617 836 3668 8.
860 3615 1031 3684 Quum
1048 3624 1123 3666 tot
1133 3615 1406 3682 sustineas,
1428 3627 1530 3666 etc.
1547 3616 1711 3687 Epist.
1879 3631 1898 3664 1
1915 3630 1932 3663 ι
1946 3651 1958 3664 .
1998 3615 2140 3666 Nam
2167 3615 2486 3687 speculato...
2509 3614 2796 3686 refemtur.

712 3697 786 3760 11,
820 3711 863 3745 1.
1800 3693 1996 3747 Eadem
2018 3697 2219 3748 Seneca
2234 3735 2250 3760 ,
2277 3698 2397 3748 Nat.
2417 3697 2616 3763 Quaest.
2639 3701 2688 3765 1,
2713 3697 2796 3758 16,

782 3791 836 3842 9.
874 3771 1135 3824 Horatius.
1168 3771 1369 3842 Vulgo,
1410 3771 1559 3822 Idem
1595 3771 1710 3824 Ho-
1799 3773 1866 3826 de
1889 3777 2072 3826 Hostio
2103 3775 2364 3846 quodam,
2393 3777 2536 3828 unde
2561 3777 2666 3828 huc
2695 3791 2800 3830 tur-

712 3854 887 3906 ratitu-
1796 3857 1934 3925 piter
1949 3858 2172 3922 intrusa,
2193 3856 2393 3908 dudum
2409 3859 2502 3908 viri
2517 3857 2693 3923 docti,
2714 3860 2800 3929 qui

789 3950 869 3986 ιο.
891 3932 952 3982 In
968 3929 1262 3984 sextariolo.
1280 3927 1497 3983 Salmas.
1518 3929 1585 3982 de
1601 3932 1710 3984 Mo·
1799 3937 2045 4004 scriptori
2084 3951 2266 3988 nostro
2299 3955 2447 4008 mque
2481 3955 2547 3988 ac
2583 3937 2793 3990 Horatio

708 4011 778 4065 do
800 4015 955 4064 Usur.
982 4027 1099 4080 pag.
1128 4009 1258 4074 408,
1281 4012 1541 4078 conjecit:
1570 4032 1592 4056 ι
1611 4012 1710 4062 lta·
1799 4013 2206 4078 consuluerunt,
2226 4014 2550 4085 judicavere.

710 4107 813 4163 que
826 4089 1005 4142 licebit
1022 4091 1079 4140 in
1096 4087 1315 4140 sextario
1334 4087 1457 4140 illos
1468 4089 1708 4156 scribere,
1876 4110 1954 4144 η.
1995 4094 2152 4145 Lucio
2185 4096 2362 4160 Cotta,
2397 4108 2448 4149 et
2478 4097 2638 4148 Lucio
2669 4097 2794 4149 Tor*-

710 4189 813 4244 quo
849 4170 1131 4234 circuitus,
1172 4182 1273 4221 etc.
1296 4193 1319 4216 ο
1362 4168 1497 4222 mud
1535 4171 1707 4222 minus
1797 4180 1982 4241 quaro,
2009 4172 2340 4236 Consulibus,-
2365 4177 2426 4226 A.
2459 4177 2525 4228 U.
2557 4173 2688 4246 6893
2711 4173 2796 4225 de-
