3050 5004
1043 478 1152 542 cA
1166 477 1556 542 LloULA.
2270 491 2355 573 49

247 608 332 672 Et
345 603 544 697 jactae
568 606 798 698 itaque
814 601 1036 670 'moles
1061 603 1305 670 infesto
1325 627 1408 670 ac
1426 602 1769 697 profundo
1794 609 2001 688 mari,
2027 624 2097 674 et
2120 612 2361 678 excisae

249 739 454 808 rupes
476 711 828 782 durissimi
845 711 1050 780 silicis
1065 767 1084 796 ‚
1109 728 1179 780 et
1201 715 1422 805 campi
1445 712 1793 780 montibus
1810 739 2055 807 aggere
2078 722 2327 814 aequati
2340 773 2359 802 ‚

251 844 318 892 et
343 824 776 918 complanata
801 824 1084 892 fossuris
1107 826 1443 892 montium
1465 819 1633 916 juga
1650 875 1669 906 ‚
1689 825 2065 895 incredibili
2088 829 2365 924 quidem

251 936 592 1004 celeritate
612 989 631 1021 ,
657 959 876 1030 quum
897 957 1108 1002 morae
1131 933 1336 1027 culpa
1363 937 1583 1028 capite
1608 933 1936 1004 lueretur:
1960 942 2055 1006 Ac
2071 992 2090 1022 ‚
2118 963 2207 1006 ne
2230 943 2367 1010 sin-
2475 925 2485 937 ⁸

251 1047 412 1138 gula
439 1069 838 1114 enumerem
857 1097 878 1127 ‚
911 1048 1276 1114 immensas
1301 1069 1470 1138 opes
1491 1097 1509 1128 ,
1539 1061 1893 1141 totumque
1921 1045 2093 1117 illud
2113 1051 2365 1120 Tiberii

253 1160 536 1226 Caesaris
560 1161 768 1225 vicies
795 1179 878 1224 ac
907 1159 1152 1250 septies
1175 1156 1419 1225 millies
1445 1157 1869 1226 sestertium⁶
1898 1185 2037 1228 non
2059 1175 2203 1228 toto
2225 1188 2368 1230 ver-

257 1285 440 1336 tente
462 1292 646 1336 anno
676 1267 1027 1336 absumsit.
1367 1319 1376 1326 .

345 1384 718 1448 XXXVIII.
771 1378 1160 1447 Exhaustus
1200 1382 1405 1471 igitur
1437 1397 1647 1475 atque
1680 1407 1887 1476 egens
1908 1435 1925 1466 ,
1969 1383 2058 1452 ad
2098 1389 2369 1478 rapinas

255 1493 592 1559 convertit
637 1493 943 1557 animum
969 1501 984 1528 ¹
1008 1545 1030 1574 ,
1089 1494 1278 1559 vario
1323 1507 1391 1558 et
1435 1494 1961 1588 exquisitissimo
1999 1495 2373 1566 calumnia-

257 1629 410 1670 rum
451 1620 524 1671 et
556 1604 954 1672 auctionum
983 1617 1052 1670 et
1075 1603 1508 1696 vectigalium
1536 1629 1806 1697 genere.
1852 1606 2155 1698 Negabat
2171 1662 2190 1692 ‚
2215 1607 2373 1702 jure

255 1717 599 1782 civitatem
633 1720 1012 1784 Romanam
1038 1739 1374 1808 usurpare
1413 1740 1529 1783 eos
1546 1770 1563 1798 ,
1598 1741 1895 1810 quorum
1926 1714 2218 1811 majores
2246 1719 2375 1788 sihi

255 1829 686 1922 posterisque
721 1850 875 1894 eam
917 1813 1396 1919 impetrassent
1418 1879 1436 1910 ‚
1491 1828 1627 1894 nisi
1671 1826 1789 1894 filii
1830 1843 2096 1896 essent:
2148 1851 2373 1925 neque

257 1942 438 2006 enim
465 1937 758 2032 intelligi
786 1937 1034 2007 debere
1049 1953 1330 2034 posteros
1367 1937 1549 2007 ultra
1588 1939 1775 2008 hunc
1812 1938 2141 2032 gradum²
2176 1969 2191 2008 :
2223 1967 2374 2036 pro·

257 2050 532 2148 lataque
572 2053 900 2120 Divorum
936 2051 1104 2120 Julii
1141 2066 1214 2119 et
1256 2054 1541 2143 Augusti
1582 2051 1951 2146 diplomata
1970 2105 1987 2136 ,
2032 2069 2114 2120 ut
2148 2071 2377 2124 vetera

259 2178 328 2228 et
357 2161 672 2230 obsoleta
694 2215 714 2245 ‚
749 2159 1081 2231 ³delebat.
1136 2161 1479 2253 Arguebat
1505 2177 1575 2230 et
1594 2177 1951 2256 perperam
1979 2162 2193 2232 editos
2222 2189 2379 2236 cen-

325 2359 384 2412 6.
412 2358 587 2412 Van-ies
601 2379 670 2412 ac
692 2359 875 2430 septies
895 2357 1088 2413 millies
1105 2371 1277 2414 senen·
1361 2359 1605 2434 yradum.
1634 2361 1785 2414 Mera
1808 2359 1927 2413 haec
1948 2361 2051 2414 fuit
2072 2363 2128 2414 in
2150 2365 2376 2416 circum-

261 2439 422 2506 tium,
447 2452 549 2490 etc.
590 2440 848 2492 Dissentit
875 2438 1006 2505 Dio,
1035 2439 1184 2507 LIX,
1211 2457 1240 2491 2
1258 2477 1277 2507 ‚
1364 2436 1646 2490 scribenda
1691 2437 1940 2490 vocabuli
1979 2452 2242 2513 potestate
2282 2461 2376 2493 ca-

259 2521 356 2589 qui
388 2518 692 2571 secundum
725 2518 862 2571 alios
889 2520 1049 2571 vicies
1079 2532 1161 2571 ter
1185 2538 1276 2571 se·-
1363 2516 1587 2571 lumnia.
1626 2520 1830 2572 Posten'
1851 2518 2028 2585 enim,
2051 2531 2112 2570 ut
2132 2520 2221 2572 Gr.
2248 2518 2381 2573 aia-0¹·

263 2600 506 2649 stet-tium
522 2597 714 2651 millies
732 2598 900 2651 ruisse
913 2596 1125 2667 scribit,
1145 2618 1276 2672 quas
1363 2615 1488 2664 yon·
1501 2634 1518 2659 ,
1541 2595 1748 2665 ἔκγονοι,
1772 2615 1885 2649 non
1906 2596 2000 2649 filii
2022 2610 2231 2651 tantum
2252 2613 2379 2653 sunt

259 2676 583 2729 confiscatas
605 2680 863 2749 pecunias
891 2675 1166 2749 reliquerit
1182 2678 1275 2731 'ri-
1363 2678 1448 2731 vel
1477 2693 1703 2751 nepotes
1722 2716 1741 2746 ,
1773 2676 1865 2731 sed
1899 2680 2119 2733 omnino
2152 2698 2339 2733 omnes
2356 2720 2378 2747 ‚
2432 2714 2437 2719 ·

259 2754 478 2819 ben-iun
501 2755 796 2809 secundum
819 2753 988 2823 alios,
1019 2757 1196 2809 tricies
1219 2771 1276 2809 et
1365 2775 1430 2811 ex
1477 2754 1703 2827 alicujus
1753 2757 1921 2828 stirpe
1960 2755 2199 2828 legitima
2238 2760 2378 2813 serie

264 2848 343 2887 ter
357 2834 566 2889 millies.
587 2838 775 2889 Dionis
789 2836 973 2889 Iocum
985 2839 1144 2889 variis
1162 2856 1276 2890 cor-
1363 2836 1637 2908 procreati
1650 2872 1668 2903 ,
1694 2833 2098 2889 descendentes.

263 2913 591 2967 tentionibus
622 2934 748 2968 cum
779 2928 964 2969 nostro
985 2915 1276 2970 conciliare
1435 2915 1490 2969 3.
1505 2912 1743 2966 Delebat.
1758 2914 2077 2985 Recepimus
2093 2919 2381 2979 correctio·

265 2993 588 3049 studuerunt
619 2995 718 3047 viri
754 2993 902 3047 docti
920 3033 938 3061 ‚
979 2996 1162 3048 nescio
1203 3014 1274 3049 an

266 3076 480 3143 stuata,
494 3093 660 3146 quum
677 3087 886 3147 pateat,
903 3073 1006 3128 illis
1013 3077 1126 3147 jam
1141 3088 1276 3129 tem·

265 3154 492 3226 poribus
535 3152 606 3207 de
649 3151 1014 3227 magnitudine
1058 3170 1276 3209 summae

269 3236 434 3287 fuisse
455 3233 778 3287 dubitatum.
811 3234 1066 3287 Suetonio
1097 3248 1274 3287 tamen

267 3316 496 3367 maxima
518 3312 650 3367 fides
671 3312 922 3367 habenda
945 3311 1186 3381 videtur,
1212 3326 1276 3365 ut

269 3394 373 3522 31ιὲ
385 3390 618 3446 mediam
639 3392 778 3443 inter
797 3390 1068 3465 duplicem
1087 3392 1276 3445 Dionis

305 3490 336 3523 e
375 3472 494 3523 erit.

337 3552 624 3603 XXXVIII.
670 3567 716 3603 ι.
742 3550 1120 3605 Exhaustum...
1151 3570 1278 3605 con-

271 3631 422 3684 vertit
435 3632 700 3684 animum.
721 3631 826 3683 Dio
837 3668 856 3697 ‚
869 3632 990 3685 ux
1002 3668 1021 3699 ‚
1039 3632 1094 3699 4.
1111 3661 1186 3671 -
1197 3632 1279 3685 De

270 3708 547 3763 calumniis
565 3711 678 3783 agit
700 3722 892 3763 auctor
912 3709 1019 3763 hoc
1044 3728 1164 3781 cap.
1191 3726 1280 3762 us-

271 3810 374 3865 que
390 3790 461 3845 ad
479 3790 646 3843 verbe
659 3830 678 3859 ,
705 3790 963 3845 Auctione
977 3791 1279 3865 proposita,

271 3871 414 3925 unde
443 3890 645 3924 novum
676 3885 842 3944 caput
862 3869 1244 3943 descripsimus
1261 3908 1282 3937 ‚

271 3966 486 4005 auctore
506 3952 667 4006 etiam
686 3950 968 4011 Oudend.;
992 3949 1060 4003 de
1077 3949 1282 4003 auctio-

277 4032 420 4085 nibus
436 4071 456 4100 ,
491 4050 616 4103 cap.
654 4030 726 4101 39
746 4051 764 4093 3
805 4028 872 4083 de
910 4028 1244 4102 vectigalibus
1261 4064 1280 4093 ‚

271 4129 387 4185 cap.
413 4112 485 4179 40
512 4128 630 4184 seq.

344 4208 391 4243 2.
416 4188 721 4263 Intellege...
737 4202 966 4263 posteros
984 4188 1126 4245 ultra
1147 4188 1285 4244 hunc

455 4282 556 4346 ΙΙ.

1364 3013 1524 3061 nem,
1557 3012 1673 3066 quae
1698 2994 1819 3066 ipsa
1844 2992 2101 3049 facilitate
2126 3008 2189 3048 nt
2214 3001 2381 3069 aptis·

1365 3077 1555 3128 simam
1578 3091 1635 3125 se
1662 3072 2019 3126 commendat.
2048 3074 2208 3148 vulg.
2227 3077 2381 3157 defle-

1364 3156 1480 3221 bat,
1512 3152 1659 3225 quod
1688 3151 1759 3205 de
1789 3154 2003 3208 mimica
2032 3157 2381 3211 commisere.-

1365 3236 1513 3287 tione
1535 3236 1983 3305 interpretantur,
2017 3252 2125 3307 qua
2159 3250 2267 3289 tam
2284 3256 2381 3291 ve-

1365 3327 1477 3367 tera
1499 3312 1799 3385 diplomata
1820 3313 2019 3367 nullius
2042 3314 2273 3388 amplius
2288 3335 2382 3369 an·

1365 3394 1630 3447 eton-itatis
1645 3412 1763 3447 esse
1778 3412 1939 3466 posse
1951 3432 1969 3463 ,
1982 3394 2243 3463 doluerit,
2260 3415 2381 3451 sen-

1367 3475 1533 3527 tentia
1550 3485 1897 3547 argumento,
1915 3472 2063 3547 quod
2080 3474 2169 3529 bic
2186 3488 2385 3529 tractat

1370 3567 1593 3622 auctor,
1612 3570 1811 3625 parum
1832 3570 2089 3625 congrua.
2117 3555 2381 3611 Defendi-

1367 3646 1459 3687 tur
1499 3646 1678 3685 tamen
1718 3651 1752 3685 a
1792 3632 2073 3688 Walthero
2094 3673 2113 3704 ‚
2149 3636 2379 3697 observ.

1369 3732 1496 3785 pag.
1513 3730 1613 3781 aa,
1642 3712 1735 3783 qui
1757 3712 1975 3791 deflere,
1998 3712 2067 3767 de
2085 3733 2143 3766 re
2167 3714 2383 3767 funebri

1369 3791 1675 3844 desummm
1690 3828 1709 3858 ‚
1733 3790 2031 3861 significare
2054 3804 2213 3864 putat
2238 3813 2263 3839 ιι
2280 3791 2384 3843 nli-

1373 3890 1535 3944 quam
1558 3888 1671 3923 rem
1693 3871 1769 3923 ita
1797 3869 2027 3939 babere,
2052 3886 2115 3927 ut
2142 3874 2294 3945 quasi
2318 3873 2387 3925 sit

1369 3948 1720 4007 conclamata.
1743 3974 1765 4001 ι
1794 3950 2025 4005 Cassub.
2042 3950 2245 4023 aliique
2259 3966 2386 4025 post

1367 4032 1428 4089 Li
1434 4048 1514 4102 ps.
1531 4026 1601 4081 ad
1626 4030 1798 4087 Tacit.
1815 4029 1948 4083 nist.
1968 4032 2051 4097 11,
2068 4030 2137 4097 54
2148 4068 2167 4099 ‚
2185 4031 2385 4085 malue-

1371 4122 1498 4165 runt
1538 4110 1763 4185 dfflabat
1800 4108 1884 4161 vel
1930 4108 2176 4186 dzfflabat
2217 4110 2389 4183 (illud

1374 4186 1505 4240 Cod.
1534 4190 1749 4239 Memm.
1778 4186 2057 4263 exhibet),
2080 4189 2139 4242 h.
2164 4210 2210 4242 e.
2237 4210 2391 4263 sper-

2064 4284 2103 4365 4
