3050 5004
553 422 560 431 Ι
638 468 1693 543 DE1LLUSTR.GRAMM.
1747 472 2056 540 LIQBER
2267 474 2392 556 431

290 628 448 673 rum
481 604 730 673 liberos
763 605 1001 697 gratis,
1034 618 1103 670 et
1140 605 1285 671 sine
1316 599 1634 727 mercede
1663 597 1838 683 ulla,
1873 600 1944 669 in
1973 600 2403 695 disciplinam

290 720 645 813 receperit.

389 840 568 906 XIV.
616 840 903 905 Connus
926 840 1122 904 Nicu
1144 832 1342 903 haesit
1359 835 1548 901 Gneo
1572 834 1892 924 Pompeio
1913 849 1986 901 et
2001 836 2162 903 Calo
2183 840 2405 906 Mem·

202 952 207 955 ’
292 949 468 1017 mio:
496 946 617 1016 sed
642 969 857 1041 quum
878 942 1223 1013 codicillos
1245 945 1552 1013 Memmii
1574 942 1664 1011 ad
1688 946 1986 1037 Pompeii
2009 967 2293 1015 uxorem
2318 948 2404 1017 de

294 1076 537 1153 stupro
568 1056 959 1152 pertulisset
972 1110 990 1141 ,
1028 1056 1339 1150 proditus
1376 1053 1463 1123 ab
1496 1078 1577 1123 ea
1590 1107 1607 1138 ,
1644 1058 2040 1148 Pompeium
2083 1057 2369 1127 offendit
2386 1112 2404 1143 ,

294 1168 641 1264 domoque
660 1172 722 1238 ei
742 1166 1178 1237 interdictum
1198 1183 1323 1235 est.
1351 1170 1507 1234 Fuit
1527 1180 1598 1233 et
1618 1168 1831 1233 Marci
1853 1168 2196 1237 Ciceronis
2221 1168 2412 1237 fami-

295 1278 525 1361 liaris3
562 1282 633 1347 in
662 1276 861 1373 cujus
896 1277 1183 1372 epistola
1212 1277 1303 1347 ad
1341 1274 1791 1344 Dolabellam¹
1835 1275 1984 1345 haec
2019 1277 2106 1347 de
2138 1302 2220 1347 eo
2251 1278 2413 1373 legi-

294 1413 493 1459 mus:
540 1419 569 1449 a
590 1391 887 1458 Omnino
916 1388 1083 1457 mihi
1110 1388 1325 1457 literae
1358 1390 1573 1480 magis
1606 1402 1770 1456 sunt
1803 1388 2202 1481 expetendae
2235 1416 2276 1459 a
2308 1407 2410 1476 te,

298 1524 511 1596 quam
531 1526 574 1570 a
594 1526 707 1571 me
732 1502 873 1572 tibi.
898 1500 1081 1569 Nihil
1102 1504 1287 1571 enim
1309 1506 1543 1569 Romae
1567 1503 1852 1594 geritur,
1877 1498 2064 1595 quod
2085 1518 2152 1570 te
2174 1520 2414 1595 putem

300 1615 475 1683 scire
496 1636 766 1697 curare,
792 1616 924 1681 nisi
944 1612 1119 1684 forte
1140 1616 1312 1681 scire
1334 1616 1465 1695 vis,
1482 1634 1595 1681 me
1616 1614 1795 1680 inter
1817 1614 2075 1681 Niciam
2097 1633 2412 1685 nostrum

300 1740 371 1792 et
414 1723 689 1792 Vidium
723 1720 1027 1815 judicem
1062 1746 1230 1792 esse.
1273 1724 1539 1791 Profert
1576 1722 1778 1805 alter,
1821 1725 2064 1817 opinor
2083 1778 2100 1807 ,
2143 1721 2414 1795 duobus

297 1832 649 1902 versiculis
682 1854 1061 1927 expensum
1088 1836 1329 1903 Niciae:
1368 1832 1544 1902 alter
1567 1832 1993 1902 Aristarchus
2021 1832 2148 1903 hos
2179 1851 2414 1932 ὀβελίζςί.

301 1945 449 2035 Ego
480 1960 807 2039 tanquam
842 1946 1113 2012 criticus
1149 1946 1471 2041 antiquus
1498 1940 1929 2037 judicaturus
1963 1966 2148 2030 sum,
2183 1964 2417 2017 utrum

302 2055 445 2121 Sint
464 2074 558 2127 τοῦ
583 2074 805 2129 ποιητοῦ
820 2108 840 2144 ,
870 2078 961 2122 an
982 2069 1472 2149 παμμβιβλημένοι.
1498 2084 1528 2115 ⁸
1563 2060 1734 2123 Item
1755 2052 1843 2122 ad
1867 2057 2229 2131 Atticum2:
2268 2090 2294 2119 α
2313 2064 2418 2128 De

304 2166 497 2233 Nicia
518 2164 705 2260 quod
726 2162 965 2233 scribis
981 2218 999 2248 ,
1024 2168 1083 2234 si
1104 2168 1199 2234 ita
1222 2190 1333 2235 me
1350 2164 1672 2235 haberem
1690 2220 1708 2250 ,
1735 2183 1812 2235 ut
1830 2165 1977 2259 ejus
2000 2167 2422 2240 humanitate

302 2275 441 2343 fi-ui
471 2298 772 2368 possem,
806 2277 880 2344 in
911 2279 1147 2369 primis
1178 2275 1427 2345 vellem
1454 2276 1650 2345 illum
1681 2300 1951 2345 mecum
1978 2278 2264 2363 habere;
2300 2282 2421 2351 sed

304 2384 477 2453 mihi
505 2385 801 2455 solitudo
828 2402 896 2455 et
924 2410 1229 2455 recessus
1262 2390 1611 2479 provincia
1641 2404 1780 2455 est:
1815 2388 2002 2483 quod
2023 2388 2193 2483 {quia
2225 2378 2436 2459 facile*

306 2496 579 2570 ferebat
614 2501 795 2583 sica,
845 2523 927 2568 eo
972 2500 1187 2592 magis
1234 2497 1431 2568 illum
1474 2497 1810 2568 desidero.
1862 2504 2194 2598 Praeterea
2244 2507 2426 2572 nosti

308 2614 515 2683 Niciae
557 2615 773 2682 nostri
820 2611 1348 2682 imbecillitatem
1362 2667 1381 2698 ‚
1427 2613 1782 2682 mollitiem
1796 2665 1814 2696 ,
1861 2615 2424 2685 consuetudinem

306 2726 555 2792 victus.
582 2729 719 2792 Cur
744 2747 907 2816 ergo
933 2725 1032 2794 illi
1058 2723 1391 2794 molestus
1421 2749 1570 2794 esse
1602 2724 1836 2809 velim,
1870 2749 2085 2820 quum
2113 2725 2278 2793 mihi
2308 2723 2428 2796 ille

302 2831 653 2928 jucundus
670 2859 820 2905 esse
840 2859 981 2904 non
1004 2839 1261 2929 possit?
1282 2835 1616 2904 Voluntas
1639 2851 1866 2902 tamen
1886 2832 2032 2927 ejus
2049 2835 2216 2905 mihi
2233 2855 2426 2930 grata

311 2960 439 3012 est.
470 2977 499 3005 n
533 2942 755 3039 Hujus
780 2945 867 3014 de
890 2946 1148 3014 Lucilio
1170 2945 1379 3015 libros
1408 2949 1610 3015 etism
1634 2947 1837 3014 satira
1863 2945 2282 3038 comprobat.

404 3071 550 3134 XV.
609 3072 920 3153 anus,
968 3071 1267 3162 Pompeii
1308 3071 1542 3161 Magni
1579 3067 1894 3150 libertus,
1939 3080 2012 3135 et
2049 3083 2243 3161 p‘aene
2284 3095 2427 3139 om-

312 3180 509 3247 nium
548 3180 1052 3274 expeditionum
1100 3205 1367 3267 comes,
1412 3179 1737 3250 defuncto
1785 3163 1867 3250 eo
1905 3177 2202 3276 filiisque
2243 3180 2428 3274 ejus,
2471 3181 2476 3187 ’

314 3289 551 3360 schola
585 3315 658 3360 se
694 3295 1131 3362 sustentavit:
1168 3291 1537 3388 docuitque
1573 3295 1646 3359 in
1676 3293 1972 3372 Carinis‘,
2009 3290 2112 3380 ad'
2137 3291 2430 3362 Telluris

314 3399 570 3487 aedem,
620 3405 694 3471 in
735 3428 869 3499 qua
911 3405 1184 3496 regione
1228 3405 1709 3496 Pompeiorum
1753 3399 1998 3470 domus
2043 3402 2302 3470 fuemt:
2347 3427 2436 3474 ac

390 3631 528 3682 XIV.
587 3649 630 3683 1.
684 3633 754 3685 In
803 3636 951 3706 cnjus
998 3633 1218 3705 epistola
1262 3633 1334 3686 ad
1420 3650 1505 3705 ep.
1535 3631 1764 3699 DXLN,
1798 3651 1895 3706 pro
1921 3648 2134 3686 recem
2155 3633 2434 3704 provincia

316 3707 689 3779 Dolabellam,
731 3724 831 3765 etc.
872 3712 942 3764 ad
982 3715 1183 3766 Divers.
1225 3713 1331 3780 IX,
1420 3721 1532 3779 est,
1573 3713 1790 3782 conjicit
1834 3731 2114 3766 «recessus
2151 3732 2250 3784 pro
2290 3713 2433 3765 victu

324 3807 411 3844 10.
444 3821 519 3832 ——
550 3793 890 3864 Expetendae.
917 3793 1081 3866 Apud
1109 3795 1331 3848 Cicero·
1422 3804 1532 3858 est,
1555 3813 1578 3840 n
1613 3791 1758 3864 quod
1783 3811 1896 3844 non
1929 3791 2090 3845 credo
2120 3792 2430 3845 Ciceronem

318 3889 445 3925 nem
463 3870 681 3944 legitur.
714 3875 993 3928 «Omnino
1016 3872 1149 3926 mihi
1166 3875 1331 3944 magis
1420 3889 1576 3943 oequo
1609 3875 1786 3926 anirnc
1823 3871 2038 3926 obtrudi
2074 3871 2176 3925 sibi
2209 3886 2430 3942 passum

315 3949 481 4002 literae
500 3965 623 4003 sunt
641 3953 995 4025 exspectandae
1013 3973 1045 4004 a
1046 3966 1145 4030 .⁸⁶’
1172 3971 1333 4026 quam
1422 3968 1544 4004 esse
1569 3971 1680 4024 pro
1715 3952 1862 4006 dicto
1899 3966 2090 4017 acuto,
2128 3970 2236 4023 quo
2268 3953 2433 4003 vitam

320 4050 353 4083 a
376 4049 463 4084 me
484 4029 647 4086 tibi.-
1424 4032 1652 4083 otiosam
1667 4051 1810 4104 ‚pro
1828 4027 2286 4085 administratione
2307 4031 2432 4085 Rei-

393 4128 445 4164 2.
482 4112 621 4164 Item
658 4113 733 4164 ad
767 4112 1031 4174 Αιιὲωηις
1072 4111 1200 4175 xn,
1245 4111 1331 4164 26.
1419 4109 1650 4180 publicae
1669 4115 1973 4181 temporum
1997 4113 2192 4183 injuria
2215 4110 2432 4164 sibiim-

322 4189 602 4244 schamam
622 4227 641 4259 ‚
674 4192 821 4264 apud
858 4208 1017 4264 quem
1056 4205 1139 4248 est
1174 4191 1235 4244 T.
1267 4194 1329 4245 V.
1421 4195 1684 4264 positam,
1708 4192 1861 4248 selec
1875 4191 2030 4246 ridet.
