3050 5004
1147 502 1474 572 GALBA.
2222 512 2352 598 ²49

275 631 612 715 Domitio⁵,
637 632 814 725 patri
843 634 1149 713 Neronis,
1173 633 1303 725 ipsi
1325 632 1585 701 Salvius
1604 630 1805 713 Otho,
1828 645 2023 723 pater
2043 630 2351 716 Othonis,

275 741 663 813 succederet
679 794 696 825 ,
727 739 912 809 velut
931 745 1340 835 praesagium
1363 744 1781 836 insequentis
1803 766 1998 810 casus
2014 796 2032 825 ,
2057 767 2193 837 quo
2215 768 2355 811 me-

275 854 423 923 dius
458 858 638 921 inter
667 854 1020 946 utriusque
1053 851 1225 920 filios
1258 856 1509 921 exstitit
1533 858 1923 946 Imperator.
1952 856 2187 920 A'Caio
2212 858 2355 922 Cae-

277 990 420 1033 sare
453 961 824 1033 Gaetulico⁶
861 963 1297 1048 substitutus,
1335 964 1669 1057 postridie.
1692 986 1898 1059 quam
1933 962 2023 1030 ad
2058 964 2355 1056 legiones

274 1076 478 1158 venit,
509 1074 818 1143 sollemni
839 1073 1011 1141 forte
1033 1073 1416 1166 spectaculo
1443 1072 1839 1167 plaudentes
1868 1071 2177 1156 inhibuit,
2202 1072 2358 1141 data

277 1196 578 1267 tessera7,
611 1214 640 1245 κ
655 1200 734 1252 ut
753 1208 996 1252 manus
1018 1184 1306 1278 paenulis
1329 1187 1767 1254 continerent.
1782 1214 1809 1245 n
1845 1186 2211 1279 Statimque
2234 1208 2359 1277 per

276 1311 492 1363 castra
511 1292 836 1389 jactatum
863 1309 987 1377 est,
1624 1296 1629 1301 ’

431 1458 639 1529 Disce,
669 1454 914 1535 miles⁸,
942 1457 1233 1535 militare,
1266 1457 1464 1520 Galba
1496 1471 1617 1535 est,
1650 1479 1783 1519 non
1810 1458 2159 1521 Gaetulicus.

278 1611 424 1679 Pari
453 1611 805 1678 severitate
835 1608 1176 1679 interdixit
1204 1626 1617 1677 commeatus
1643 1610 1803 1701 peti.
1834 1614 2243 1678 veteranum
2276 1633 2358 1678 ac

276 1722 602 1789 tironem9
641 1718 922 1787 militem
963 1742 1170 1814 opere
1209 1716 1480 1788 assiduo
1520 1718 1979 1787 corroboravit
2006 1746 2020 1786 :
2066 1736 2361 1801 mature-

279 1851 408 1923 que
419 1828 747 1911 barbari5‚
775 1832 896 1923 qui
900 1826 1044 1923 jam
1060 1832 1134 1896 in
1155 1828 1442 1897 Galliam
1453 1852 1670 1924 usque
1693 1845 2361 1923 proruperant,coer-

278 1942 452 2023 citis,
494 1942 808 2033 praesenti
863 1963 1136 2036 quoque
1178 1943 1337 2008 Gaio
1355 1950 1406 1983 ¹⁰
1443 1939 1650 2009 talem
1683 1956 1752 2008 et
1782 1966 1854 2009 se
1884 1956 1953 2008 et
1993 1943 2360 2009 exercitum

278 2051 702 2144 approbavit,
738 2067 817 2119 ut
853 2054 1029 2120 inter
1061 2055 1451 2121 innumeras
1483 2068 1997 2147 contractasque
2033 2076 2115 2120 ex
2146 2056 2361 2119 omni-

279 2160 401 2229 bus
425 2163 784 2254 provinciis
806 2164 1055 2256 copiaS,
1085 2151 1308 2256 neque
1330 2164 1810 2245 testimonium,
1842 2185 2061 2256 neque
2084 2164 2361 2255 praemia

280 2271 600 2365 ampliora
634 2268 759 2340 uni
803 2276 1259 2366 perciperent:
1311 2276 1456 2366 ipse
1491 2276 1782 2341 maxime
1827 2276 2136 2365 insignis,
2175 2270 2361 2367 quod

281 2398 717 2475 campestrem
772 2381 1240 2451 decursionem
1277 2399 1470 2452 scuto
1507 2381 1889 2451 moderatus
1907 2392 1947 2419 ¹¹
1970 2434 1987 2465 ,
2033 2384 2232 2449 etiam
2271 2382 2359 2449 ad

283 2628 396 2663 men
415 2629 556 2664 anuo
575 2609 791 2664 dabant.
813 2613 910 2666 His
927 2625 1276 2686 opponuntur

281 2689 504 2762 suffecti.

351 2768 402 2822 5.
432 2771 526 2822 Cn.
555 2769 804 2824 Domitio.
837 2771 1054 2823 Cneium
1072 2789 1277 2842 praeno-

283 2865 397 2900 nen
421 2867 544 2901 cnm
567 2851 808 2902 Ernestio
826 2867 856 2901 e
874 2850 1074 2901 Neron.
1099 2867 1217 2920 cap.
1247 2865 1270 2902 ι

284 2939 334 2978 et
349 2929 518 2982 Fastis
537 2931 806 3001 posuimus
821 2947 919 3000 pro
935 2928 1114 2982 Lucio.
1131 2927 1274 2983 otho

282 3007 334 3058 in
356 3008 534 3061 multis
550 3009 736 3061 vitiose
755 3007 950 3061 Silvius
970 3008 1052 3060 vel
1069 3005 1278 3078 Sylvius

281 3083 489 3139 dicitur.
681 3085 686 3090 ’

347 3165 398 3217 6.
413 3164 694 3219 Gaetulico.
707 3167 952 3219 Restituit
965 3165 1069 3218 hoc
1079 3183 1276 3218 nomen

281 3245 515 3300 Tun-neb.
531 3247 746 3300 Advers.
762 3249 826 3313 V,
843 3266 870 3299 2
884 3284 901 3313 ‚
920 3260 972 3299 et
987 3247 1172 3313 XXIV,
1189 3246 1222 3313 4
1233 3265 1248 3297 1
1260 3285 1278 3314 ,

283 3343 444 3396 quum
471 3325 591 3378 libri
619 3326 695 3377 nil
721 3328 822 3378 nisi
847 3339 1102 3398 corrupta
1129 3321 1278 3378 exhi-

279 3403 458 3459 beant.
479 3407 716 3458 Diximus
739 3406 804 3458 de
827 3405 1080 3458 Goetulico
1099 3405 1166 3458 ad
1185 3406 1279 3458 Ca-

280 3486 367 3558 lig.
389 3489 450 3553 8,
469 3501 523 3540 et
541 3485 728 3548 Claud.
744 3505 794 3557 9.
810 3485 985 3540 Galbae
997 3487 1278 3559 imperium

281 3565 333 3618 in
359 3564 644 3618 Germania
665 3577 960 3616 memorant
985 3563 1118 3632 Dio,
1150 3564 1274 3630 Lx,

284 3643 344 3709 8,
363 3643 436 3696 ad
457 3661 580 3696 ann.
603 3643 733 3714 7943
751 3641 1016 3697 Plutarch.
1038 3643 1188 3696 Galb.
1214 3643 1274 3706 33

281 3723 448 3775 Tacit.
487 3723 622 3775 nist.
657 3724 706 3790 1,
741 3725 838 3792 ⁴9,
873 3746 895 3770 ι
915 3722 1043 3774 dum
1071 3721 1278 3792 vigebat

281 3815 432 3868 etas,
459 3802 670 3855 militari
702 3801 860 3854 laude
887 3801 1029 3873 apud
1056 3801 1278 3853 Germa-

283 3881 396 3933 nias
411 3879 608 3936 floruit.
625 3904 647 3929 n
668 3881 1012 3934 substitutum
1027 3879 1277 3933 Gaetulico

285 3977 406 4012 ann.
446 3976 578 4030 792,
617 3960 743 4013 Caio
775 3963 824 4012 11
856 3974 909 4012 et
941 3961 997 4011 L.
1041 3961 1278 4031 Apronio

283 4035 428 4090 Coss.
459 4053 640 4092 censet
660 4037 904 4112 Pighius,
929 4037 1124 4091 Annal.
1149 4052 1279 4090 tom.

285 4117 379 4182 111,
401 4136 526 4188 pag.
552 4116 674 4172 568.

355 4213 402 4266 7.
429 4197 570 4250 Data
589 4207 794 4260 testem
819 4221 842 4246 a
861 4217 954 4270 per
969 4195 1232 4262 libellum,
1253 4223 1276 4247 n

1363 2625 1423 2664 nt
1456 2612 1693 2685 loquitur
1722 2611 1901 2664 Tiber.
1938 2630 1983 2664 c.
2030 2612 2091 2666 18
2126 2609 2257 2684 (par
2286 2628 2361 2662 un

1365 2693 1510 2744 ordre
1538 2693 1610 2745 du
1620 2692 1793 2765 jour).

1436 2771 1486 2823 8.
1502 2772 1669 2836 Disce,
1686 2770 1851 2838 miles,
1872 2782 1973 2822 etc.
1989 2768 2203 2833 Versus,
2223 2785 2361 2838 qua-

1364 2849 1442 2903 les
1459 2849 1680 2921 legimns
1700 2852 1827 2903 Coes.
1854 2849 1915 2902 51
1942 2861 1995 2901 et
2020 2846 2115 2914 80,
2138 2861 2247 2898 tam
2266 2865 2364 2918 pa-

1364 2949 1480 2984 rum
1500 2944 1669 2984 metro
1690 2929 1997 2994 adstrictos,
2012 2941 2069 2980 ut
2088 2927 2191 2979 hoc
2205 2928 2364 2979 etiam

1364 3009 1484 3062 loco
1497 3028 1597 3061 non
1612 3009 1935 3062 admittenda
1943 3007 2182 3060 videatur
2192 3026 2367 3060 emen-

1366 3088 1511 3141 datio
1536 3089 1802 3154 Dorvillii‚
1830 3086 2023 3151 Galba,
2054 3105 2163 3136 non
2190 3087 2366 3137 Gaetu-

1365 3166 1555 3236 licu’st,
1585 3187 1699 3239 quae
1727 3185 1787 3220 ex
1823 3178 1973 3237 parte
1995 3163 2237 3216 medetur
2262 3181 2365 3215 nu·-

1367 3249 1539 3300 meris.
1570 3249 1741 3298 Antea
1764 3245 1905 3298 Sext.
1929 3241 2198 3308 Aurelius,
2223 3243 2361 3313 Epit.

1367 3343 1414 3376 c.
1435 3323 1500 3390 6,
1531 3347 1553 3371 ι
1571 3327 1727 3378 Disce
1748 3323 1995 3386 militare,
2018 3320 2193 3386 miles,
2216 3333 2315 3371 etc.
2336 3344 2359 3368 n

1433 3422 1488 3474 9.
1530 3405 1843 3458 Veteranum
1879 3421 1943 3453 ac
1972 3401 2222 3466 tironem,
2260 3414 2361 3453 etc.

1364 3486 1523 3535 Vanae
1561 3497 1687 3535 sunt
1721 3481 2050 3553 suspiciones
2087 3478 2153 3531 de
2181 3498 2363 3531 corru-

1363 3561 1506 3632 ptela
1521 3560 1624 3612 loci
1644 3561 1925 3612 Burmanni
1947 3573 1995 3610 et
2013 3556 2361 3626 Oudendorp.

1364 3637 1700 3692 Emolliverat
1735 3651 1906 3691 totum
1934 3638 2221 3689 exercitum
2248 3637 2367 3688 Gae-

1365 3719 1585 3782 tulicus,
1616 3742 1638 3766 ι
1660 3719 1841 3770 effusas
1863 3716 2177 3782 clementiae,
2202 3713 2367 3765 modi-

1366 3819 1460 3854 cus
1493 3802 1836 3865 severitate.‚-
1870 3811 1929 3850 ut
1963 3799 2131 3850 Tacit.
2171 3795 2365 3847 Annal.

1366 3881 1460 3948 vl,
1473 3881 1560 3947 30,
1575 3879 1715 3932 unde
1729 3880 1971 3931 universa
1988 3873 2193 3930 medela
2208 3893 2362 3946 opus.

1445 3974 1524 4010 ιο.
1566 3957 1811 4011 Proesentt'
1840 3973 2041 4029 quoque
2072 3954 2229 4020 Οαίο,
2262 3964 2362 4006 etc.

1368 4037 1502 4091 Vide
1531 4039 1695 4108 Calig.
1726 4038 1823 4105 433
1851 4039 2005 4088 Dion.
2034 4037 2176 4101 L1X,
2206 4052 2289 4086 αι.

1447 4135 1464 4170 1
1483 4135 1500 4170 ι
1515 4160 1527 4171 .
1552 4117 1757 4189 Quod...
1774 4117 2179 4170 decursionem...
2196 4114 2366 4166 mode-

1372 4209 1527 4250 ratus.
1550 4197 1816 4248 Moderan'
1832 4194 2209 4257 decanicum,
2231 4192 2367 4244 mili-
