3050 5004
1068 485 1306 549 CLAU
1321 484 1420 549 D1
1438 487 1489 549 U
1504 486 1570 551 S.

2231 463 2368 574 ‘¹⁰7

270 612 539 693 latino,
566 606 685 703 jus
714 610 1111 695 Quiritium;
1144 610 1412 680 feminis
1432 663 1452 693 ‚
1486 609 1603 704 jus
1639 627 1931 706 quatuor
1964 610 2370 681 liberorum:

268 748 420 819 quae
442 726 811 793 constituta
831 709 1169 819 hodieque
1192 740 1570 792 servantur.

357 838 505 903 XX.
555 836 781 928 Opera
800 832 1049 927 magna
1064 889 1081 919 ‚
1106 838 1469 931 potiusque
1494 837 1902 905 necessaria¹
1922 886 1941 919 ,
1971 858 2180 930 quam
2207 836 2377 905 mul-

268 966 335 1014 ta
352 947 671 1040 perfecit;
700 946 824 1016 sed
855 948 965 1016 vel
992 951 1369 1043 praecipua,
1407 942 1739 1043 aquarum
1776 947 2124 1031 ductum²,
2153 974 2194 1015 a
2215 953 2376 1017 Caio

264 1058 701 1127 inchoatum:
734 1060 901 1129 item
916 1112 934 1142 ‚
972 1062 1395 1128 emissarium
1433 1062 1670 1128 Fucini
1705 1059 1925 1142 laem,
1967 1076 2377 1156 portumque

267 1170 685 1236 Ostiensem:
712 1170 1126 1264 quamquam
1148 1172 1381 1255 sciret,
1406 1193 1493 1238 ex
1515 1169 1622 1238 his
1647 1170 1936 1238 alterum
1961 1170 2050 1237 ab
2073 1176 2378 1263 Augusto

268 1277 705 1369 precantibus
728 1277 999 1347 assidue
1019 1282 1261 1348 Marsis
1286 1276 1644 1372 negatum-’⁸
1659 1333 1676 1363 ,
1707 1278 1998 1347 alterum
2022 1304 2064 1347 a
2087 1285 2168 1348 D.
2197 1284 2234 1347 J
2239 1280 2378 1349 ulio

269 1390 519 1481 saepius
555 1386 1007 1473 destinatum,
1046 1412 1129 1457 ac
1163 1405 1443 1483 propter
1478 1388 1946 1459 difficultatem
1981 1393 2311 1461 omissum
2324 1389 2375 1459 4.

272 1662 467 1696 novum
495 1656 663 1715 caput
689 1642 779 1697 hic
806 1644 1157 1715 inceperunt,
1192 1645 1283 1715 qui

272 1722 683 1795 dispescueruut
706 1736 978 1775 auctorem
1006 1725 1063 1775 iu
1086 1724 1282 1795 capita.

272 1801 469 1855 Rotam
496 1814 677 1855 tamen
705 1821 827 1873 cap.
846 1804 969 1854 xlx
992 1820 1116 1854 cum
1137 1804 1285 1874 prio-

270 1881 413 1935 ribus
428 1880 559 1935 edit.
578 1879 915 1952 reliquimus,
930 1894 990 1934 ut
1004 1880 1145 1934 idem
1160 1899 1284 1933 cum

274 1959 492 2033 reliquis
534 1978 795 2012 numerus
834 1959 1165 2032 procederet.
1212 1986 1287 1999 --

274 2040 347 2092 De
379 2038 501 2111 iege
532 2037 708 2110 Papia
737 2039 971 2110 Poppoea
994 2037 1115 2089 vide
1148 2054 1282 2109 quos

274 2118 609 2171 laudavimus
626 2115 697 2171 ad
716 2120 943 2188 August.
964 2116 1062 2184 343
1087 2115 1287 2189 dejure

276 2198 429 2250 trinam
452 2196 539 2250 vel
560 2208 791 2271 quatiam·
809 2195 895 2248 vel
910 2197 1141 2267 quinque
1164 2194 1287 2247 libe-

278 2296 448 2331 rorum
482 2278 677 2330 citatos
708 2294 741 2329 a
771 2275 980 2328 Fabric.
1018 2273 1089 2327 ad
1122 2276 1281 2328 Dion.

276 2358 377 2421 LV,
404 2375 433 2410 2
454 2380 474 2423 3
500 2359 756 2411 fleinecc.
778 2359 903 2410 Ant.
928 2357 1081 2407 Rom.
1102 2358 1157 2421 I,
1184 2356 1251 2408 25
1266 2392 1285 2422 ,

278 2437 357 2511 §7
378 2452 431 2491 et
454 2440 520 2507 8,
548 2438 681 2505 etl,
712 2437 802 2504 13,
824 2439 857 2506 S
882 2453 967 2490 υ.
995 2432 1284 2508 Singularis

276 2518 341 2572 de
360 2518 471 2572 hoc
493 2521 617 2590 jure
644 2517 1057 2571 commentarius
1082 2527 1163 2569 est
1182 2513 1321 2568 Ve-'

278 2598 431 2649 trauii
466 2596 663 2650 Mauri.
705 2597 785 2648 De
806 2597 935 2667 jum
965 2593 1246 2666 Quiritium
1266 2632 1285 2660 ,

276 2675 417 2728 haud
446 2673 834 2728 confundendo
864 2693 987 2728 cum
1006 2677 1136 2747 jur-e
1162 2673 1289 2727 civi-

280 2754 426 2821 tatis,
466 2751 593 2806 vide
620 2751 859 2824 ejusdem
883 2753 1157 2804 Heineccii
1180 2752 1289 2824 Ap-

278 2832 435 2904 pend.
466 2834 523 2896 l,
555 2829 585 2903 §
613 2831 697 2885 23.
726 2833 950 2898 Postea,
983 2850 1082 2904 pro
1108 2830 1289 2884 hodie-

278 2930 375 2983 que
396 2911 471 2964 al.
501 2910 659 2964 hodie
671 2932 691 2972 ,-
715 2909 805 2963 alii
830 2922 1115 2964 suaserunt
1138 2909 1290 2963 hodie

280 3009 541 3122 mit,
554 2988 1289 3140 ffdsszwzfssfiztssalff

370 3146 487 3200 XX.
560 3164 605 3199 ι.
654 3147 941 3220 Potiusque
992 3145 1288 3200 necessaria.

282 3225 445 3298 vulg.
466 3249 491 3274 ιι
504 3228 689 3298 Opera
702 3245 895 3298 magna
907 3229 1117 3300 potius,
1131 3243 1293 3300 quam

282 3309 583 3360 necessum
596 3345 615 3374 ,
638 3325 799 3379 quam
814 3303 980 3358 multa
993 3307 1216 3378 perfecit
1230 3325 1247 3368 ς
1262 3329 1287 3354 ιι

286 3386 429 3458 quod
450 3389 897 3458 interpretantur,
920 3385 1073 3438 valde
1095 3384 1291 3452 multa,

284 3466 363 3518 vel
392 3465 653 3538 plurima.
696 3463 803 3518 Alii
839 3468 1091 3518 omittunt
1128 3481 1295 3538 quam

285 3559 405 3599 ante
430 3545 620 3600 multa.
660 3545 767 3600 Sed
801 3565 971 3618 quum
1010 3563 1173 3617 opera
1208 3563 1294 3596 re-

286 3641 503 3682 censeat
548 3642 741 3682 auctor
781 3647 903 3681 vere
950 3627 1249 3681 necessaria
1277 3664 1295 3695 ,

286 3705 487 3760 Ernest.
516 3721 643 3780 post
670 3709 850 3760 But-m.
884 3707 1089 3778 recepit
1117 3705 1297 3758 lectio-

287 3803 407 3838 nem
439 3785 569 3839 edit.
596 3789 785 3849 Rom.‚
821 3802 979 3856 quam
1008 3803 1109 3837 nos
1134 3785 1293 3839 etiam

290 3861 619 3918 exhibuimus
640 3903 657 3932 ,
698 3865 859 3916 unice
898 3881 1077 3916 veram
1118 3863 1296 3917 existi·

290 3957 513 4010 mantes,
540 3963 707 4018 qum
734 3957 861 4017 post
883 3942 1057 4016 potius
1084 3955 1203 3997 orto
1231 3960 1296 3994 ex

290 4041 421 4093 que,
455 4028 605 4096 cnjus
630 4025 845 4096 dgnum
866 4021 1007 4074 male
1040 4033 1297 4094 ceperant

186 4155 193 4163 ,
294 4101 483 4155 mum-n

364 4190 424 4235 2.‘
446 4138 724 4256 *iquos-um
746 4182 981 4235 ductum.
1004 4181 1085 4235 Ita
1107 4182 1295 4252 optimi

1371 1643 1541 1698 Codd.
1563 1662 1666 1715 pro
1682 1661 1832 1717 aquoe
1844 1643 2056 1697 ducciam
2069 1679 2088 1708 ‚
2106 1642 2378 1716 quomodo

1372 1736 1550 1776 tamen
1573 1723 1764 1793 legitur
1779 1723 1947 1795 calig.
1968 1739 1995 1774 2
2009 1740 2028 1774 1
2047 1761 2064 1788 ‚
2083 1722 2178 1776 ubi
2197 1722 2381 1775 incho-

1374 1816 1519 1855 atum
1543 1822 1572 1855 s
1596 1803 1724 1855 Caio
1749 1822 1898 1875 aquoe
1921 1792 2140 1854 duct'um
2165 1802 2380 1873 regione

1370 1881 1583 1935 Tiburti
1596 1919 1615 1948 ‚
1638 1894 1690 1934 et
1708 1894 1983 1953 peractum
2000 1920 2018 1948 ‚
2041 1894 2232 1934 auctor
2259 1899 2381 1935 nar-

1370 1972 1479 2027 rat,
1503 1978 1535 2012 a
1557 1978 1864 2013 successore
1885 1962 2000 2031 ejus
2025 1958 2271 2011 Claudio.

1442 2042 1495 2095 3.
1533 2040 1618 2092 Ex
1647 2039 1727 2092 his
1748 2038 1970 2096 alterum
1999 2040 2064 2089 ab
2088 2038 2379 2111 Augusto...

1372 2130 1652 2192 περιπίπτῃ,-
1672 2119 1996 2171 emissarium
2012 2134 2088 2169 sc.
2107 2117 2294 2168 Fucini
2315 2114 2385 2167 la·

1371 2216 1469 2250 cus
1482 2236 1499 2263 ‚
1514 2196 1662 2269 quod
1675 2196 1970 2248 Marsorum
1987 2195 2148 2247 docet
2161 2196 2380 2247 mentio.

1444 2269 1498 2335 4.
1535 2267 1776 2321 Alterum
1803 2288 1836 2319 a
1861 2267 1932 2318 D.
1955 2264 2106 2321 Jutio
2123 2304 2136 2317 .
2154 2304 2166 2317 .
2190 2304 2202 2316 .
2224 2268 2382 2319 omis-

1371 2366 1503 2401 sum,
1529 2348 1738 2399 Omittit
1766 2365 1864 2398 suo
1892 2348 2008 2415 jure
2033 2347 2240 2397 Ernest.
2266 2342 2320 2395 h.
2345 2342 2380 2395 Ι.

1372 2426 1599 2479 alterum
1612 2463 1632 2491 ,
1655 2437 1712 2477 ut
1727 2424 1836 2487 hoe
1848 2442 2068 2495 quoque
2087 2440 2295 2475 comma
2316 2420 2384 2473 sd

1376 2507 1552 2560 lacum
1589 2507 1850 2558 Fucinum
1891 2506 2150 2556 referatur
2166 2541 2184 2569 ‚
2227 2521 2384 2575 quem

1377 2605 1505 2639 sane
1543 2587 1782 2638 emittere
1815 2583 2107 2636 destinasse
2142 2580 2342 2634 ,lulium
2365 2619 2383 2642 ,

1376 2667 1572 2719 Noster
1611 2664 1838 2720 narravit
1879 2659 2012 2716 (ἷκε.
2056 2662 2142 2730 44.
2189 2664 2386 2714 Verum

1374 2763 1598 2818 prorsus
1653 2740 2015 2796 accedendum
2063 2739 2387 2796 Oudendor—

1375 2829 1503 2898 pio,
1543 2827 1632 2899 qui
1662 2825 1701 2877 l.
1734 2843 1784 2878 c.
1821 2827 2226 2898 praetermissam
2256 2823 2387 2876 dicit

1377 2921 1568 2978 portus
1610 2907 1870 2960 Ostiensis
1915 2904 2242 2956 mentionem
2261 2941 2280 2970 ‚
2326 2915 2387 2954 ut

1378 2987 1560 3056 operis
1589 3001 1698 3036 nou
1733 2983 1982 3040 destinati
2018 2995 2257 3047 tantum,
2293 2979 2386 3033 sed

1380 3067 1572 3138 saepius
1597 3068 1818 3132 tentati,
1845 3077 1898 3116 et
1916 3073 2131 3136 propter
2150 3059 2388 3135 difficul-

1380 3157 1540 3200 tatem
1569 3145 1772 3212 omissi,
1805 3157 1856 3196 et
1877 3157 2138 3215 provocat
2165 3141 2234 3194 ad
2266 3142 2390 3194 Plu-

1380 3227 1549 3282 tarch.
1592 3228 1724 3280 Cos.
1762 3225 1860 3292 58,
1905 3227 2058 3295 cujus
2102 3225 2389 3277 auctoritas

1380 3309 1791 3381 pervicaciorem
1819 3305 2118 3358 Ernestium
2144 3321 2174 3355 a
2202 3319 2389 3355 conce-

1382 3400 1475 3459 pta
1499 3387 1756 3458 opinione
1780 3383 1990 3437 flectere
2013 3380 2260 3434 debebat.
2284 3382 2390 3434 Ve-

1382 3485 1503 3519 rum
1527 3463 1698 3530 addo,
1722 3461 1870 3535 quod
1895 3459 2042 3514 haud
2061 3461 2202 3524 scio,
2225 3479 2294 3512 au
2323 3461 2391 3513 sit

1379 3545 1748 3616 gravissimum
1769 3581 1788 3610 ‚
1834 3541 2147 3594 Suetonium
2169 3577 2186 3606 ‚
2232 3541 2276 3592 si
2321 3535 2390 3591 de

1384 3643 1495 3678 uno
1518 3622 1816 3694 eodemque
1849 3639 2012 3692 opere
2041 3618 2288 3686 dixisset,
2319 3615 2390 3670 ab

1382 3705 1626 3776 Augusto
1665 3701 1722 3754 id
1755 3700 2058 3775 petentibus
2093 3713 2322 3772 negato,
2359 3717 2390 3753 s

1382 3782 1528 3835 Julio
1567 3781 1799 3848 omisso,
1838 3779 1966 3832 Julii
1999 3797 2200 3832 nomen
2239 3779 2390 3850 prius

1384 3875 1924 3915 commemoraturum
1951 3860 2140 3922 fuisse,
2173 3875 2238 3909 ex
2270 3855 2390 3908 dili-

1382 3943 1562 4014 gentia
1578 3941 1865 4006 historica,
1891 3957 2049 4010 quam
2073 3939 2272 3990 Nostro
2297 3956 2392 3990 ue-

1384 4039 1473 4072 mo
1493 4021 1724 4091 negabit.
1751 4021 1995 4073 Ceterum
2015 4018 2278 4081 Brennus,
2298 4018 2392 4088 qui

1382 4103 1437 4152 in
1474 4115 1602 4152 nota
1639 4093 1890 4152 laudibus
1926 4093 2130 4148 extollit
2167 4097 2390 4148 Emestii

1384 4189 1746 4231 commentum
1763 4215 1784 4246 ‚
1832 4176 1996 4248 idque
2043 4187 2282 4228 secutum
2333 4192 2389 4227 se
