3050 5004
1020 513 1661 588 DOMITIANUS.

2265 527 2396 619 389

303 653 341 718 J
343 652 453 718 ovi
472 643 715 742 triplex
731 698 747 729 ,
768 648 1105 715 musicum
1118 701 1135 731 ,
1156 665 1467 743 equestre
1480 703 1503 730 ,
1520 651 1914 742 gymnicum
1928 702 1945 733 ,
1969 667 2037 716 et
2051 650 2402 746 aliquanto

302 760 599 853 plurium
617 812 641 856 ,⁸
664 781 869 853 quam
898 781 1085 825 nunc
1111 775 1252 840 est,
1276 781 1704 829 coronarum.
1735 761 2096 828 Certabant
2118 765 2300 828 enim
2335 780 2410 831 et·

301 895 509 965 prosa
546 873 850 960 oratione
874 873 1107 938 Graece
1148 871 1557 965 Latineque:
1599 893 1680 940 ac
1719 886 1965 964 praeter
1999 871 2404 942 citharoe'dos

302 978 871 1049 chorocitharistae
898 1002 1169 1074 quoque
1193 997 1261 1047 et
1284 978 1822 1072 psilocitharistae
1841 979 1924 1047 ¹⁴:
1951 984 2023 1049 in
2053 981 2272 1052 stadio
2295 1009 2412 1052 ve*

300 1115 379 1159 ro
420 1113 629 1159 cursu
666 1091 867 1158 etiam
911 1093 1205 1182 virgines
1230 1090 1303 1156 ¹⁵.
1345 1094 1711 1161 Certamini
1745 1091 2062 1185 praesedit
2099 1093 2410 1187 crepida..

301 1220 441 1286 ωε,
478 1225 961 1296 purpureaque
1006 1204 1292 1270 amictus
1331 1220 1487 1296 toga
1522 1207 1904 1274 Graecanica
1925 1203 1996 1288 ¹⁶,
2031 1208 2253 1300 capite
2291 1231 2410 1298 ge.

298 1327 489 1380 stans
522 1335 843 1380 coronam
874 1335 1151 1380 auream
1184 1335 1341 1380 cum
1374 1313 1602 1406 effigie
1635 1318 1820 1384 Jovis
1847 1338 1928 1382 ac
1956 1320 1995 1383 J
2001 1319 2244 1384 unonis
2275 1319 2414 1383 Mi-.·

300 1445 663 1516 nervaeque
686 1421 1203 1520 ias-sidentibus
1226 1419 1815 1507 Dialisacerdote,
1849 1440 1915 1492 et
1945 1422 2226 1515 collegio
2259 1424 2412 1493 Fla-2

298 1583 491 1662 auctor
526 1609 800 1662 censorin.
840 1628 960 1680 cap.
1001 1610 1081 1663 18.
1120 1609 1305 1679 Plura,

298 1691 525 1741 maxime
563 1687 631 1740 de
666 1701 825 1761 poeta
863 1689 1028 1741 Statio
1050 1727 1068 1754 ‚
1109 1689 1163 1740 in
1198 1687 1306 1741 hoc

296 1787 473 1840 agone
486 1767 718 1833 devicto,
731 1767 850 1820 vide
864 1769 1005 1840 apud
1024 1770 1309 1820 Burmann.

296 1849 425 1900 Mox
454 1864 790 1915 coronarum,
828 1847 978 1920 quod
1004 1838 1307 1918 conjecerat

294 1927 547 1979 Torreat.
576 1925 661 1995 (ex
687 1927 889 1979 Neron.
921 1943 1038 1997 cap.
1068 1944 1163 1992 22,
1190 1945 1305 1978 am·

289 2003 469 2077 plt'are
512 2023 785 2058 numerum
828 2003 1162 2078 palmarum)
1205 2025 1307 2077 pro

292 2085 443 2158 vulg.
494 2097 861 2138 coronatorum
884 2124 903 2152 ,
956 2083 1307 2156 edideratque

293 2163 560 2230 Casaub„
602 2163 977 2217 confirmatum
1016 2161 1309 2217 Codicibus

291 2243 573 2316 plurimis,
598 2241 923 2296 reddidimus
953 2261 1074 2295 cum
1099 2243 1303 2296 Ernest.

294 2337 349 2376 et
378 2323 788 2394 OudendorpiO.

194 2391 202 2412 ⁴
371 2420 391 2455 ι
407 2402 457 2469 4.
477 2403 550 2455 Et
560 2402 1007 2474 psiloeithan‘stoe5
1028 2402 1083 2454 h.
1107 2421 1156 2455 e.
1178 2401 1307 2469 4⁸20>

290 2482 609 2551 κιθαρισταί,
650 2485 742 2555 qui
781 2481 983 2535 cithara
1024 2483 1138 2535 sine
1174 2499 1305 2536 voce

292 2574 567 2615 canerent.
600 2562 969 2633 opponuntur
995 2560 1304 2628 κιθαρῳδοῖς,

290 2643 393 2714 qui
417 2660 604 2693 vocem
631 2640 845 2692 citharae
870 2640 1188 2713 adjungunt.
1214 2643 1305 2693 vi-

291 2719 363 2774 de
392 2722 619 2773 Reimnr.
647 2720 716 2772 ad
738 2717 941 2789 xiphil.
970 2720 1111 2785 LXI,
1140 2736 1228 2789 19,
1254 2734 1307 2773 et

205 2856 211 2865 ,
290 2800 535 2853 Turneb.
564 2799 947 2866 Advers.·XX‚
983 2800 1072 2865 16,
1108 2803 1195 2871 qui
1230 2800 1308 2853 le-

288 2881 529 2933 ctionem
566 2892 841 2945 nostram,
880 2896 995 2950 quae
1034 2880 1191 2931 etiam
1227 2892 1305 2931 est

288 2959 444 3012 MSS.
498 2960 735 3025 omnium
762 2996 779 3025 ,
837 2956 1078 3009 defendit
1122 2969 1307 3009 contra

288 3038 444 3109 vulg.
464 3035 931 3109 psallocitharistoe.
964 3064 1032 3076 --
1066 3036 1305 3089 Charace·-

289 3118 527 3170 than'stoe
550 3128 728 3183 erant,
753 3117 845 3187 qui
868 3131 1025 3167 voces
1049 3112 1305 3167 citharas-

286 3194 491 3270 quead
504 3214 708 3248 cont-en
716 3209 825 3248 tum
832 3193 1159 3266 jungebant,
1180 3194 1305 3249 cho—

284 3296 384 3329 rus
412 3274 820 3327 citharistarum.

368 3354 457 3409 15.
514 3356 674 3407 Cursu
722 3355 880 3405 etiam
916 3353 1167 3426 ‘virginea
1223 3356 1303 3405 Ita

287 3432 595 3489 emendavit
631 3433 810 3485 locum
846 3433 989 3503 Lips-
1030 3432 1096 3485 ad
1130 3435 1299 3485 'Facit-

284 3513 488 3567 Annal.
523 3514 662 3579 XIV,
702 3530 788 3565 21.
820 3510 979 3581 vulg.
1018 3524 1167 3579 erat,
1204 3515 1301 3565 «in

284 3592 471 3647 stadio
511 3611 637 3645 vero
680 3610 843 3644 cursu
888 3592 1047 3643 etiam
1092 3592 1306 3665 viryinis

284 3673 571 3728 certamini
582 3670 851 3744 praesedit,
874 3685 974 3723 etc.
997 3694 1029 3717 m
1044 3674 1133 3723 cui
1156 3670 1301 3723 nulla

282 3754 457 3827 plane
471 3752 677 3805 medela
695 3752 920 3823 contigit
932 3748 1274 3803 distinctione
1284 3790 1303 3818 ‚

282 3852 461 3907 quam
489 3830 819 3883 Burmannus
843 3831 1038 3897 euasit,
1072 3854 1093 3877 a
1112 3832 1167 3881 in
1197 3842 1306 3883 sta-

280 3912 385 3965 dio
405 3930 535 3965 vero
558 3930 737 3964 cursu.
760 3910 817 3966 V
812 3911 993 3985 irqim's
1016 3911 1173 3963 etiam
1192 3928 1305 3962 cer-

282 3992 511 4057 tamini,
531 4004 631 4044 etc.
655 4014 677 4037 ιι
703 3988 1171 4062 Aequiescendum
1190 4003 1304 4043 erat

280 4076 343 4125 in
406 4072 570 4142 Lipsii
622 4070 883 4122 sententia
908 4108 925 4137 ‚
978 4088 1081 4140 qua
1130 4069 1303 4121 verius

278 4148 431 4204 nihil
470 4168 585 4203 ense
626 4162 819 4221 potest.
857 4148 1147 4203 Confirmat
1186 4166 1303 4200 eam

280 4230 627 4303 xiphilinus,
666 4228 786 4283 loco
826 4248 988 4302 supra
1024 4231 1112 4282 cit.
1148 4228 1301 4281 conf.

1394 1613 1598 1664 Ernest.
1616 1626 1668 1664 et
1683 1610 1876 1664 Duker.
1891 1611 2036 1682 apud
2051 1610 2398 1684 Oudendorp.

1474 1691 1554 1743 16.
1596 1691 1742 1763 Toya
1782 1692 2100 1744 Groecam'ca.
2142 1690 2222 1743 Ita
2263 1709 2400 1762 prae-

1396 1771 1704 1823 etantissimi
1746 1770 1868 1821 libri
1885 1809 1902 1836 ‚
1944 1783 1997 1822 et
2031 1769 2401 1860 'probaverunt
2455 1759 2460 1771 ¹

1395 1860 1584 1918 praeter
1608 1847 1890 1920 plerosque
1917 1851 2136 1920 interpr.
2162 1848 2404 1900 Suetonii

1392 1927 1535 1998 Lips.
1559 1926 1625 1978 ad
1639 1929 1811 1979 Tacit.
1825 1929 1967 1993 XIV,
1989 1945 2075 1993 21,
2096 1926 2314 1980 Salmas.
2334 1925 2413 1978 ad·

1395 2004 1617 2058 Tertull.
1647 2004 1778 2058 Pau.
1800 2025 1921 2078 pag.
1957 2005 2082 2066 126,
2117 2017 2170 2068 et
2196 2007 2400 2058 Fen-an.

1396 2080 1463 2135 de
1502 2086 1580 2136 Re
1616 2087 1762 2136 Vest.
1804 2087 1882 2153 11,
1922 2102 2012 2150 11,
2056 2086 2147 2156 qui
2182 2085 2304 2136 fere
2333 2083 2400 2136 de

1394 2162 1669 2234 chlamyde
1693 2165 2131 2235 interpretantur,
2170 2178 2231 2215 ut
2257 2165 2404 2216 Nero

1394 2245 1617 2315 gessisse
1637 2242 1833 2295 dicitur
1849 2242 1929 2313 (c.
1955 2243 2052 2313 25)
2071 2258 2254 2296 vestem
2273 2262 2402 2314 pur-

1390 2339 1646 2392 puream,
1684 2322 2081 2394 distinctumque
2111 2320 2274 2374 stellis
2307 2341 2404 2373 au-

1396 2401 1495 2454 reis
1527 2398 1878 2470 chlamydem.
1921 2401 2004 2451 Al.
2053 2400 2362 2453 Germanica
2385 2439 2402 2466 ‚
2459 2421 2467 2436 ·

1396 2477 1541 2550 quod
1563 2476 1765 2549 placuit
1785 2477 2030 2531 Bimardo
2052 2476 2119 2530 ad
2141 2479 2398 2530 Mur-ator.

1392 2560 1635 2629 Inscript.
1655 2569 1782 2609 tom.
1803 2560 1856 2624 1,
1874 2576 1998 2628 pag.
2020 2557 2112 2625 16,
2133 2558 2206 2609 ob
2224 2560 2400 2609 trium-

1392 2636 1592 2709 phum,
1623 2656 1781 2709 quem
1809 2637 2002 2690 eodem
2037 2658 2178 2691 anno
2214 2639 2402 2690 Domi-

1396 2719 1578 2770 tianus
1614 2717 1682 2769 de
1723 2716 2000 2769 Germania
2041 2719 2162 2787 egit.
2203 2718 2401 2769 Verum

1393 2798 1478 2849 vix
1502 2795 1756 2849 credibile
1779 2796 2007 2863 videtur,
2038 2815 2153 2848 eam
2177 2798 2410 2850 Germa-.

1394 2894 1590 2928 norum
1618 2875 1882 2929 lux-uriam
1911 2878 2072 2929 fuisse
2094 2878 2149 2928 in
2175 2877 2366 2928 vestitu
2386 2916 2403 2943 ‚

1396 2973 1456 3012 ut
1492 2960 1741 3030 Princeps
1777 2958 2138 3010 Romanorum
2169 2959 2403 3011 imitatus

1394 3040 1554 3092 fuerit
1576 3042 1636 3091 in*
1656 3038 1796 3091 ludis
1820 3038 2074 3111 publicis,
2109 3037 2403 3107 eademque

1390 3132 1558 3171 restat
1573 3116 1877 3184 difficultas,
1896 3136 2054 3190 quam
2067 3119 2272 3170 Ernest.
2291 3135 2402 3169 ma—

1390 3199 1529 3250 xime
1553 3212 1708 3270 urget
1729 3200 1792 3252 in
1805 3200 2042 3249 Excursu
2067 3196 2132 3248 ad
2159 3194 2402 3247 111111010-

1390 3294 1542 3341 cum,
1561 3278 1616 3328 in
1629 3295 1746 3328 voc.
1765 3287 1884 3349 toqa
1895 3314 1914 3343 ,
1935 3275 2004 3328 de
2023 3288 2268 3340 externo,
2287 3292 2398 3325 non

1390 3355 1636 3408 Romano
1672 3355 1860 3408 habitu
1887 3368 2163 3427 usurpato.
2194 3354 2402 3405 Occur-

1386 3434 1461 3485 -rit
1487 3435 1536 3485 ei
1565 3432 1915 3504 Oudendorp.
1939 3432 2066 3484 dum
2089 3430 2309 3503 cyclada
2329 3433 2404 3483 in-

1393 3511 1608 3584 telligit,
1636 3525 1816 3583 togam
1847 3512 2187 3575 muliebrem,
2212 3523 2408 3563 rotun-

1392 3592 1513 3643 dam
1539 3606 1590 3643 et
1610 3592 1856 3660 talarem,
1884 3611 2044 3662 quam
2063 3593 2202 3662 togis
2221 3607 2405 3642 accen-

1392 3685 1472 3725 set
1514 3672 1727 3723 Servius
1766 3671 1835 3723 ad
1873 3671 2056 3741 virgil.
2099 3668 2304 3725 AEneid.
2350 3670 2404 3735 1,

1396 3752 1517 3804 282.
1542 3752 1655 3822 Ego
1687 3751 1898 3822 quidem
1927 3750 2078 3804 nullo
2105 3750 2268 3803 modo
2297 3750 2404 3800 hae-

1392 3830 1616 3883 rendum
1647 3833 1889 3883 existimo
1917 3832 1973 3881 in
1997 3842 2129 3904 toqoe
2157 3829 2400 3893 nomine,

1396 3930 1560 3984 quum
1582 3924 1820 3979 constet,
1842 3932 1870 3963 a
1892 3912 2065 3983 poetis
2087 3920 2231 3983 toqas
2249 3910 2406 3961 femi-

1394 3993 1477 4044 nis
1501 3994 1656 4043 etiam
1683 4004 1842 4063 atque
1871 3990 2236 4043 meretricibus
2266 3990 2403 4043 adeo

1395 4070 1590 4136 tribui,
1627 4085 1688 4123 ut
1725 4071 1884 4123 facile
1921 4070 2028 4122 dici
2059 4071 2294 4141 potuerit
2335 4068 2406 4121 de

1394 4151 1594 4202 amictu
1616 4150 1829 4219 Gracc,
1855 4169 2029 4223 eoque
2051 4150 2266 4203 luxuria·
2291 4150 2408 4203 fero

1394 4229 1686 4282 muliebris.
