3050 5004
567 418 699 485 328
1319 421 1393 484 C.
1442 420 1914 487 SUETONII

564 546 919 617 excederet
934 574 963 615 ·:
992 544 1318 615 educatus
1357 547 1485 615 sub
1522 564 1808 642 paterna
1841 551 1992 616 avia
2031 550 2368 635 Tertulla,
2397 555 2468 619 in
2505 564 2672 647 prae4

566 656 693 725 diis
714 661 992 729 Cosanis
1002 658 1053 725 ³.
1082 662 1307 743 Quare
1330 661 1651 751 Princeps
1674 682 1948 755 quoque
1971 676 2038 726 et
2057 658 2281 727 locum
2307 662 2672 731 incunabu-

568 768 795 837 lorum
828 766 1099 836 assidue
1128 768 1614 864 frequentavit,
1647 785 1960 837 manente
1988 770 2176 854 villa,
2213 770 2431 865 qualis
2457 772 2676 841 fuerat

570 878 768 963 olim,
806 904 895 947 ne
932 878 1097 974 quid
1132 879 1389 951 scilieet
1412 879 1767 949 oculorum
1797 880 2266 949 consuetudini
2293 882 2672 977 deperiret:

572 1008 641 1061 et
668 996 837 1059 aviae
864 994 1262 1061 memoriam
1292 1010 1480 1063 tanto
1508 1018 1714 1088 opere
1737 994 1997 1077 dilexit,
2029 1010 2108 1061 ut
2133 994 2576 1063 sollemnibus
2599 1018 2676 1063 ac

570 1102 759 1169 festis
791 1100 1073 1172 diebus4
1100 1104 1348 1200 pocillo
1376 1128 1651 1200 quoque
1677 1101 1824 1196 ejus
1845 1120 2166 1195 argenteo
2189 1120 2422 1198 potare
2451 1128 2676 1197 perse·

572 1218 926 1282 veraverit.
966 1221 1201 1286 Sumta
1235 1215 1409 1283 virili
1445 1232 1633 1308 toga,
1675 1215 1888 1283 latum
1924 1215 2227 1299 clavum,
2265 1240 2676 1311 quamquam

572 1323 785 1391 fratre
806 1325 1087 1419 adepto,
1112 1326 1231 1395 diu
1254 1342 1604 1395 aversatus
1629 1327 1806 1409 est⁵;
1832 1348 1990 1409 nec,
2015 1342 2095 1393 ut
2113 1324 2387 1393 tandem
2407 1344 2676 1419 appete—

575 1452 713 1519 ret,
750 1438 1098 1567 compelli,
1134 1441 1265 1508 nisi
1308 1463 1349 1506 a
1386 1454 1637 1520 matre,
1673 1440 1914 1531 potuit.
1952 1442 2048 1505 Ea
2081 1437 2356 1505 demum
2387 1435 2677 1519 extudit,

576 1552 791 1640 magis
821 1552 1157 1637 convici0,
1182 1574 1389 1645 quam
1411 1548 1726 1641 precibus
1749 1547 1860 1616 vel
1885 1550 2313 1631 auctoritate,
2335 1544 2500 1614 dum
2525 1570 2678 1615 eum

575 1657 948 1751 identidem
978 1686 1104 1755 per
1134 1658 1618 1728 contumeliam
1647 1658 2284 1727 anteambulonem⁶
2315 1658 2540 1724 fratris
2568 1680 2680 1749 ap-

576 1762 809 1863 pellat.
854 1771 1203 1840 Tribunus
1248 1770 1537 1839 militum
1555 1786 1584 1835 7
1629 1774 1700 1837 in
1735 1770 2022 1855 Thracia
2063 1772 2331 1837 meruit.
2373 1774 2679 1855 Quaestor

577 1886 849 1951 Cretam
880 1902 948 1952 et
976 1888 1275 1978 Cyrenas
1302 1883 1764 1977 provinciam⁸
1792 1900 1972 1953 sorte
1999 1886 2198 1977 cepit.
2229 1881 2581 1950 AEdilitatis
2603 1905 2678 1949 ac

652 2144 705 2197 3.
720 2146 789 2197 In
804 2146 1015 2217 proedt‘t's
1034 2146 1271 2209 Cosani„
1289 2147 1343 2199 in
1362 2146 1588 2199 Etruria.
1681 2145 2104 2217 comprobarunt
2121 2142 2363 2196 Torrent.
2377 2182 2395 2211 ,
2411 2140 2677 2205 Duker-us,

578 2224 714 2277 Vide
736 2224 930 2279 Cellar.
958 2247 1011 2299 p.
1039 2244 1171 2298 7¹9³
1200 2228 1489 2280 Tzschuck.
1520 2228 1591 2281 ad

578 2306 703 2359 Mel.
720 2307 795 2372 11,
816 2306 877 2375 4,
896 2326 947 2379 9.
968 2306 1228 2361 Scribitur
1250 2312 1377 2362 cosa
1397 2322 1449 2361 et
1472 2310 1592 2361 Cos-

578 2402 637 2437 sa
664 2384 837 2454 (unde
866 2386 970 2438 loc.
1000 2400 1140 2439 nost.
1166 2385 1255 2441 alii
1287 2388 1590 2459 Comanis),

578 2464 669 2518 Gr.
698 2462 859 2518 [ὅσοι
887 2481 942 2519 et
975 2464 1177 2530 Χὸηιι,
1212 2483 1266 2522 et
1292 2470 1368 2522 sie
1399 2467 1584 2540 virgil.

578 2547 787 2600 AEneid.
816 2549 892 2614 X,
932 2549 1062 2617 168,
1106 2550 1363 2621 «Quique
1400 2547 1590 2601 urbem

578 2623 783 2697 liquere
816 2629 989 2694 Cosas,
1010 2651 1033 2676 ο
1068 2629 1159 2681 ubi
1186 2629 1305 2681 vide
1330 2629 1585 2682 Servium.

578 2704 661 2756 cf.
690 2706 1039 2779 Oudendorp.
1068 2707 1138 2760 ad
1164 2723 1304 2760 nost.
1331 2708 1437 2760 loc.

650 2787 703 2853 4.
738 2785 1089 2841 Sollemnibus
1122 2807 1185 2840 ac
1200 2788 1353 2858 festis
1382 2789 1589 2849 diebus,-

576 2861 633 2914 h.
668 2883 715 2916 e.
744 2867 986 2936 privatim
1014 2866 1095 2918 vel
1126 2866 1341 2938 publice
1370 2867 1590 2920 soliem-

584 2943 759 2995 nibus.

647 3023 698 3077 5.
740 3025 930 3077 Latum
954 3027 1208 3079 clavum..
1224 3065 1237 3078 .
1263 3028 1355 3079 diu
1382 3045 1589 3080 aversa-

574 3114 655 3157 tus
680 3115 768 3159 est.
798 3106 881 3160 Cf.
906 3109 1132 3178 interpr..
1156 3105 1227 3160 ad
1248 3108 1417 3159 Tacit.
1443 3107 1584 3159 Ann.

572 3183 674 3252 xl,
703 3185 769 3250 4,
798 3197 851 3239 et
870 3187 1017 3252 XVI,
1054 3203 1144 3258 173
1176 3186 1383 3239 Ruben.
1415 3185 1483 3238 de
1508 3188 1588 3239 Re

569 3263 796 3315 vestiar.
820 3267 873 3329 1,
908 3264 989 3333 14.
1015 3267 1276 3318 Nimirum
1302 3267 1470 3317 frater
1492 3264 1590 3317 be·

496 3341 501 3344 ’
568 3341 761 3394 neficio
798 3343 1056 3416 Principis
1098 3359 1377 3416 acceperat
1416 3343 1582 3395 latum

570 3420 803 3488 clavum,
828 3426 1065 3494 quamvis
1089 3443 1118 3476 e
1136 3438 1295 3496 gente
1313 3425 1582 3478 senatoria

564 3519 678 3553 nou
720 3516 882 3555 ortus.
927 3503 1237 3557 Senatorum
1277 3507 1419 3557 enim
1462 3503 1582 3558 filiis

567 3579 859 3633 simulcum
886 3595 1015 3653 toga
1040 3583 1175 3635 virili
1204 3581 1293 3635 lati
1323 3583 1453 3635 clavi
1478 3583 1582 3636 ho-

562 3677 751 3712 norem
768 3675 1103 3716 concesserat
1126 3665 1418 3734 Augustus.
1442 3663 1576 3716 Vide

568 3735 639 3789 ad
660 3740 884 3810 August.
917 3740 1002 3794 38.

630 3816 683 3868 6.
714 3818 1205 3874 Anteambulonem.
1232 3820 1313 3872 Cf.
1334 3821 1568 3873 Martiai.

558 3897 741 3967 Epigr.
758 3901 828 3965 11,
854 3902 947 3966 18,
972 3901 1030 3968 5,
1053 3914 1107 3954 et
1124 3901 1201 3967 X,
1222 3900 1321 3971 74,
1342 3901 1402 3963 3;
1424 3901 1568 3973 Lips.

565 3973 733 4026 Elect.
758 3977 917 4040 1313.

632 4069 684 4121 7.
726 4054 986 4107 Tribunus
1020 4056 1283 4123 militum,
1316 4071 1418 4108 ete.
1459 4059 1570 4121 Ita,

562 4145 780 4218 auctore
791 4135 1057 4188 OEareano
1068 4173 1084 4200 ,
1100 4135 1272 4188 codd.
1284 4136 1540 4190 nonnulli
1555 4158 1569 4199 ;

1679 2224 1928 2277 Oudend.
1939 2263 1957 2290 ,
1981 2237 2034 2276 et
2051 2226 2252 2295 recepit
2269 2235 2392 2275 ante
2407 2238 2509 2273 nos
2527 2218 2680 2276 Wol-

1679 2304 1798 2359 fius.
1835 2306 2032 2377 Supra,
2071 2304 2250 2356 Tiber.
2281 2320 2344 2373 9,
2387 2300 2678 2372 «stipendia

1674 2387 1852 2456 prima
1875 2386 2213 2457 expeditione
2233 2380 2548 2435 Cantabrica
2575 2379 2680 2431 Ta·-

1676 2468 1844 2522 bunus
1867 2466 1981 2521 mil.
1997 2467 2211 2540 secius·
2233 2466 2340 2518 Tit.
2367 2466 2428 2532 4,
2457 2486 2479 2510 ι
2503 2462 2680 2516 Tribu-

1677 2569 1776 2602 nus
1799 2549 1912 2602 mil.
1941 2563 1992 2602 et
2024 2552 2080 2602 iu
2103 2548 2386 2603 Germania
2411 2559 2463 2598 et
2495 2549 2548 2597 in
2571 2546 2678 2597 Bri-

1677 2631 1858 2681 tannia
1905 2630 2122 2690 memfft,-
2144 2653 2166 2676 ι
2221 2629 2326 2678 Vit.
2380 2627 2564 2676 Horat.
2622 2641 2642 2674 ι
2662 2663 2678 2690 ,

1681 2731 1704 2754 ιι
1723 2708 1870 2761 Bello
1889 2707 2277 2780 Philippensi...
2295 2705 2552 2758 Tribunus
2567 2701 2678 2757 mil.

1678 2788 1885 2840 meruit.
1911 2813 1933 2836 ι
1957 2790 2039 2842 ΑΙ.
2067 2787 2190 2840 loco
2215 2799 2402 2838 nostro
2430 2785 2682 2836 Tribuna-

1679 2878 1820 2934 tum,
1863 2867 1958 2920 ubi
1985 2885 2084 2940 pro
2108 2865 2325 2930 meruit,
2379 2873 2562 2916 uacuas
2594 2873 2677 2915 est.

1678 2945 1782 2998 Sed
1806 2947 1970 2998 iatum
1999 2946 2206 2998 clavum
2235 2942 2414 3014 adepti
2443 2943 2679 2995 militiam

1679 3045 1710 3078 a
1724 3025 1996 3079 tribunatu
2019 3027 2254 3096 incipere
2273 3021 2534 3076 solebant.
2549 3019 2680 3074 Vide

1678 3109 1814 3178 Aug.
1855 3109 1941 3160 38.
1981 3106 2064 3159 Al.
2098 3106 2424 3170 Tribunatu,
2453 3101 2678 3155 ablativo

1678 3185 1954 3252 absoluto,
1985 3203 2146 3258 quem
2181 3186 2387 3236 Ernest.
2417 3181 2678 3246 defendit,

1676 3265 1770 3318 sed
1801 3265 1856 3317 h.
1892 3265 1928 3317 Ι.
1969 3271 2318 3338 conjunctum
2345 3283 2466 3316 cum
2499 3261 2681 3314 monuit

1675 3361 1818 3400 stare
1853 3365 2048 3418 posse,
2075 3349 2195 3416 jure
2233 3358 2394 3416 negat
2427 3345 2676 3396 Bremius.

1675 3427 1946 3497 originem
1959 3428 2071 3478 vitii
2084 3444 2207 3478 vere
2223 3423 2449 3478 ostendit
2465 3421 2677 3476 Ouden-

1673 3503 1827 3576 dorp.
1843 3525 1904 3558 ex
1917 3507 2190 3580 scripturae
2204 3502 2525 3576 compendio
2540 3502 2675 3554 Trib.

1671 3585 1816 3651 mit„
1849 3585 1986 3640 male
2013 3585 2222 3638 reddito
2249 3604 2280 3637 a
2307 3583 2554 3637 librariis.

1743 3665 1792 3718 8.
1846 3667 2050 3717 Cretam
2099 3675 2152 3716 et
2175 3666 2422 3756 ‘Cy-renas
2460 3663 2674 3734 provin-

1667 3742 1842 3806 ciam3
1883 3763 1992 3796 non
2033 3743 2347 3816 provincias.
2385 3743 2508 3793 Una
2539 3742 2673 3793 enim

1667 3835 1780 3873 erat
1801 3825 2077 3894 provincia
2103 3823 2204 3876 sub
2233 3821 2418 3878 eodem
2445 3822 2675 3873 Procon-

1664 3901 1812 3970 sule‚
1848 3921 2171 3975 quamquam
2211 3921 2242 3954 e
2275 3899 2495 3953 diversis
2527 3908 2676 3952 ten-tls

1663 3985 1984 4054 composita.
2006 3981 2140 4035 Vide
2163 3981 2406 4034 Gronov.
2439 3979 2507 4032 ad
2527 3977 2669 4034 hunc

1661 4056 1870 4126 locum,
1898 4077 1950 4114 et
1977 4063 2121 4133 Lips.
2170 4060 2238 4113 ad
2279 4061 2446 4112 Tacit.
2485 4055 2670 4112 Aunai.

1662 4138 1760 4206 111,
1791 4157 1876 4209 70.
