3050 5004
634 456 757 523 138
1375 455 1448 521 G.
1499 454 1972 522 SUETONII

623 599 773 651 sent
811 578 1130 677 perdere,
1173 581 1401 650 divisis
1430 582 1737 675 partibus
1757 635 1775 666 ,
1822 582 1992 651 alter
2029 602 2187 652 ante
2227 582 2448 653 lucem
2488 584 2725 654 similis

621 696 902 761 attonito
937 695 1204 786 patroni
1245 692 1631 761 cubiculum
1669 696 1939 786 irrupit,
1978 693 2329 763 affirmans
2356 698 2725 765 somniasse

623 826 727 887 se,
760 805 897 869 vim
927 804 986 869 ei
1009 801 1097 868 ab
1120 803 1336 894 Appio
1359 800 1649 869 illatam:
1676 802 1919 887 altera,
1952 805 2023 869 in
2049 804 2563 872 admirationem
2597 806 2727 873 for·

623 928 799 979 mata
822 964 838 995 ‚
869 911 995 980 sibi
1022 934 1291 1007 quoque
1319 909 1610 980 eandem
1638 915 1931 1006 speciem
1966 913 2223 1009 aliquot
2236 910 2378 1007 jam
2418 915 2725 984 noctibus

623 1024 1004 1103 obversari,
1041 1022 1290 1092 retulit.
1333 1028 1472 1091 Nec
1505 1022 1723 1091 multo
1764 1041 1920 1117 post
1958 1048 2041 1093 ex
2082 1028 2453 1119 composito
2490 1028 2727 1095 irrum-

625 1159 788 1229 pere
812 1138 1070 1228 Appius
1094 1137 1450 1205 nunciatus
1469 1188 1488 1217 ,
1523 1139 1633 1204 cui
1664 1134 1881 1228 pridie
1902 1188 1919 1219 ,
1952 1134 2039 1203 ad
2064 1134 2134 1202 id
2164 1139 2487 1230 temporis
2519 1156 2597 1205 ut
2614 1138 2729 1229 ad-

626 1244 806 1314 esset
830 1293 848 1327 ,
901 1262 1315 1339 praeceptum
1372 1264 1516 1315 erat
1542 1298 1559 1329 ,
1622 1250 1815 1341 quasi
1873 1247 2074 1340 plane
2132 1264 2730 1340 repraesentaretur

625 1359 870 1425 somnii
897 1355 1064 1425 fides
1085 1408 1102 1438 ,
1131 1360 1380 1425 arcessi
1407 1360 1629 1425 statim
1658 1381 1739 1424 ac
1770 1360 1941 1426 mori
1966 1354 2197 1449 jussus
2222 1374 2343 1426 est.
2376 1362 2515 1425 Nec
2541 1356 2730 1424 dubi-

624 1472 792 1537 tavit
814 1486 1084 1562 postero
1109 1467 1218 1537 die
1241 1468 1561 1539 Claudius
1576 1522 1593 1553 ,
1620 1469 1927 1538 ordinem
1950 1470 2049 1537 rei'
2076 1485 2281 1561 gestae
2307 1469 2606 1563 perferre
2638 1469 2727 1537 ad

625 1584 940 1649 Senatum
961 1632 980 1664 ,
1023 1605 1103 1648 ac
1145 1580 1384 1648 liberto
1421 1582 1669 1673 gratias
1707 1604 1906 1672 agere
1923 1632 1942 1661 ,
1984 1579 2170 1675 quod
2204 1604 2330 1673 pro
2360 1580 2576 1649 salute
2604 1603 2729 1649 sua

627 1693 827 1759 etiam
856 1691 1196 1759 dormiens
1227 1690 1606 1757 excubaret.

718 1806 1085 1868 XXXVIII.
1139 1806 1266 1867 11·ae
1299 1820 1501 1895 atque
1538 1798 1900 1869 iracundiae
1938 1802 2243 1869 conscius
2279 1800 2403 1869 sibi
2420 1854 2437 1884 ,
2472 1818 2730 1869 utrum-

627 1922 791 2007 que¹
835 1914 1176 1979 excusavit
1217 1910 1466 1997 edicto;
1506 1911 1975 2007 distinxitque,
2020 1912 2355 2005 pollicitus
2400 1943 2425 1973 α
2447 1912 2729 1981 alteram

627 2019 902 2116 quidem
955 2020 1272 2089 brevem²
1329 2039 1395 2089 et
1443 2024 1788 2090 innoxiam
1810 2074 1829 2105 ‚
1886 2022 2167 2091 alteram
2222 2047 2363 2090 non
2410 2022 2731 2117 injustam

545 2148 550 2155 ·
628 2130 791 2198 fore.
817 2162 842 2191 w
888 2131 1306 2200 Ostiensibus
1329 2184 1346 2213 ,
1392 2133 1551 2226 quia
1588 2132 1713 2199 sibi
1750 2121 2065 2199 subeunti
2107 2132 2407 2201 Tiberim
2444 2133 2729 2226 scaphas

628 2240 895 2309 obviam
919 2264 1058 2308 non
1082 2243 1416 2325 miserint,
1448 2244 1738 2333 graviter
1766 2243 2123 2333 correptiS,
2148 2264 2361 2336 eaque
2383 2267 2539 2311 cum
2566 2246 2733 2313 invi-

628 2351 776 2436 dia,
819 2369 929 2435 ut,
981 2383 1009 2413 α
1031 2354 1102 2420 in
1144 2350 1454 2420 ordinem
1497 2376 1569 2443 se
1617 2348 1995 2433 coactum3,
2020 2383 2047 2411 w
2098 2352 2580 2434 conscriberet,
2622 2378 2731 2421 re-

627 2482 830 2559 pente
849 2518 866 2548 ‚
911 2481 1171 2534 tantum
1207 2488 1343 2534 non
1389 2462 1887 2536 satisfacientis⁴
1926 2461 2133 2534 modo
2150 2515 2167 2546 ‚
2211 2466 2477 2533 veniam
2518 2462 2727 2534 dedit.

627 2731 811 2785 scribit
837 2735 973 2802 Dio,
999 2735 1124 2804 Lx,
1161 2736 1242 2802 14.
1273 2767 1342 2775 —
1364 2737 1434 2788 In
1455 2736 1629 2790 adrni-

627 2815 882 2902 rationem
895 2815 1168 2904 formata,
1197 2817 1344 2868 vultu
1369 2817 1436 2868 ad
1463 2816 1632 2870 admi-

625 2903 886 2943 rationem
915 2907 1234 2963 composito.

697 2969 978 3021 XXXVIII.
1007 2987 1052 3020 1.
1081 2969 1379 3043 Utrumque.
1407 2968 1633 3040 Subjun-

625 3048 768 3117 gitur
785 3061 1030 3100 neutrum
1052 3047 1262 3102 duobus
1282 3051 1546 3101 femininis
1567 3068 1631 3101 ex

627 3127 1057 3198 frequentissimo
1085 3129 1389 3180 Graecorum
1409 3127 1631 3180 Latino-

627 3223 852 3277 rumque
867 3224 986 3260 usu.
1003 3205 1138 3259 Vide
1150 3209 1434 3259 Burmann.
1453 3220 1504 3259 et
1513 3210 1631 3263 Ou-

628 3285 787 3340 dend.
815 3287 1038 3342 Codices
1061 3303 1241 3342 tamen
1269 3289 1546 3356 nonnulli,
1574 3291 1631 3342 iu

626 3366 710 3421 his
737 3367 1118 3435 Memmianus,
1137 3382 1410 3443 utrumque
1426 3388 1491 3421 ex
1512 3387 1632 3422 cor·

627 3449 882 3501 rectione.

699 3547 746 3581 2.
777 3529 1016 3582 Alterum
1039 3529 1247 3604 quidem
1272 3531 1502 3597 brevem,
1528 3544 1630 3583 etc.

627 3608 974 3663 iracundiam.

697 3688 747 3741 3.
787 3689 856 3740 In
888 3688 1122 3741 ordinem
1154 3707 1206 3742 se
1241 3701 1506 3752 concnam
1536 3689 1635 3742 de-

625 3781 894 3839 spectum,
927 3769 1220 3820 contemtui
1243 3766 1498 3820 habitum.
1529 3769 1635 3820 Lo-

624 3851 770 3901 cutio
795 3867 860 3901 ex
881 3849 1068 3901 militia
1096 3848 1260 3902 ducta
1276 3887 1294 3916 ‚
1320 3847 1414 3901 ubi
1439 3847 1629 3901 milites

627 3942 772 3981 extra
820 3927 1061 3981 ordinem
1111 3947 1266 3981 suum
1314 3931 1368 3981 in
1421 3929 1632 3999 agmine

625 4009 825 4078 egressi
866 4027 897 4061 a
937 4007 1252 4062 ductoribus
1291 4010 1346 4060 in
1391 4005 1633 4059 ordinem

626 4088 747 4158 cogi
773 4085 1038 4142 dicuntur.
1064 4089 1218 4142 Conf.
1245 4086 1357 4140 ind.
1383 4100 1436 4140 et
1455 4084 1631 4140 Gloss.

626 4167 826 4219 Livian.
855 4169 912 4218 in
938 4167 1064 4220 ordo
1099 4182 1150 4221 et
1182 4185 1376 4242 coqere.
1411 4166 1485 4218 Ex
1512 4167 1632 4238 ipso

1720 2736 1883 2792 verbo
1908 2737 2239 2790 conscriberet
2262 2748 2441 2807 patet,
2470 2733 2731 2789 codicillis

1722 2836 1815 2871 seu
1834 2817 2000 2871 literis
2028 2829 2301 2887 correptos
2322 2816 2489 2867 fuisse
2513 2816 2732 2869 Ostien-

1721 2914 1803 2949 ses
1819 2932 1836 2961 ,
1862 2909 1914 2946 et
1938 2898 2109 2966 possis
2134 2892 2394 2966 explicare
2419 2894 2734 2946 conscribere

1721 2994 1819 3046 per
1864 2972 2021 3027 simul
2066 2974 2293 3026 scribere
2317 3010 2334 3039 ,
2388 2969 2689 3024 adscribere
2712 3011 2729 3038 ,

1722 3051 2014 3121 συγγράφειν
2030 3072 2128 3124 pro
2142 3047 2483 3119 προσγράφων,
2500 3049 2644 3102 unde
2660 3049 2732 3102 al.

1720 3152 1750 3185 e
1764 3133 1939 3204 glossa
1954 3133 2275 3196 adscriberet,
2290 3131 2731 3202 Burmannusque

1718 3213 1962 3286 adjiceret
1984 3211 2063 3263 vel
2092 3211 2336 3284 objiceret
2362 3209 2595 3278 conjicit.
2626 3207 2733 3260 Sed

1724 3293 1941 3343 omnino
1967 3302 2109 3342 amat
2132 3292 2210 3340 uti
2234 3287 2461 3358 scriptor
2486 3285 2567 3339 his
2588 3304 2735 3338 com-

1722 3372 1908 3442 positis
1940 3388 2043 3441 pro
2084 3366 2413 3439 simplicibus
2427 3404 2445 3432 ,
2486 3365 2731 3436 neglecta

1722 3449 2125 3519 compositionis
2142 3461 2349 3511 natura,
2365 3444 2509 3515 quod
2524 3445 2731 3496 inGrae-

1722 3529 1798 3580 cis
1821 3527 2323 3599 frequentissimum.
2340 3523 2399 3576 Id
2420 3524 2617 3594 passim
2640 3521 2736 3576 do-

1721 3622 1845 3661 cent
1857 3609 2031 3679 posits
2048 3616 2369 3670 concertare,
2384 3603 2731 3669 condormire,

1720 3689 2091 3762 conquiescere,
2108 3685 2370 3756 conqueri,
2386 3681 2731 3749 consalutare,

1722 3767 2081 3831 consauciare,
2107 3763 2463 3817 contrucidare
2472 3801 2490 3830 ,
2516 3775 2618 3814 etc.

1792 3847 1843 3914 4.
1872 3847 2105 3899 Tantum
2130 3863 2235 3896 non
2258 3841 2651 3914 satisfacientis,-
2674 3839 2731 3892 h.

1720 3945 1769 3979 e.
1796 3926 2121 3979 excusantis.
2141 3922 2276 3976 Vide
2286 3921 2354 3974 ad
2370 3923 2495 3974 Cms.
2508 3939 2625 3992 cap.
2640 3919 2729 3989 73.

1720 4005 1781 4059 Id
1796 4007 1971 4077 ipsum
1990 4023 2089 4076 per
2100 4003 2279 4055 literas
2298 4002 2485 4053 fecisse
2501 3999 2729 4053 videtur.

1720 4087 1783 4140 In
1812 4085 2099 4141 Codicibus
2136 4095 2190 4135 et
2223 4079 2376 4134 editt.
2414 4079 2525 4134 hnc
2562 4078 2731 4133 verba

1723 4166 1913 4218 misere
1930 4177 2059 4218 sunt
2072 4173 2331 4233 corrupta
2348 4175 2403 4213 ct
2422 4161 2728 4231 transjecta.
