<?xml version="1.0" encoding="UTF-8"?>
<!DOCTYPE html PUBLIC "-//W3C//DTD XHTML 1.0 Transitional//EN"
    "http://www.w3.org/TR/xhtml1/DTD/xhtml1-transitional.dtd">
<html xmlns="http://www.w3.org/1999/xhtml" xml:lang="en" lang="en">
 <head>
  <title>
</title>
<meta http-equiv="Content-Type" content="text/html;charset=utf-8" />
  <meta name='ocr-system' content='tesseract 3.04.00' />
  <meta name='ocr-capabilities' content='ocr_page ocr_carea ocr_par ocr_line ocrx_word'/>
</head>
<body>
  <div class='ocr_page' id='page_1' title='image "./csuetoniitranqu09suetgoog_0535.png"; bbox 0 0 3050 5004; ppageno 0'>
   <div class='ocr_carea' id='block_1_1' title="bbox 689 506 1965 599">
    <p class='ocr_par' dir='ltr' id='par_1_1' title="bbox 689 506 1965 599">
     <span class='ocr_line' id='line_1_1' title="bbox 689 506 1965 599; baseline -0.007 -23"><span class='ocrx_word' id='word_1_1' title='bbox 689 512 820 599; x_wconf 78' lang='lat'>492</span> <span class='ocrx_word' id='word_1_2' title='bbox 1505 506 1965 571; x_wconf 73' lang='lat' dir='ltr'>ssan-:s&#39;rn</span> 
     </span>
    </p>
   </div>
   <div class='ocr_carea' id='block_1_2' title="bbox 682 630 2803 4306">
    <p class='ocr_par' dir='ltr' id='par_1_2' title="bbox 682 630 2803 2859">
     <span class='ocr_line' id='line_1_2' title="bbox 683 630 2791 706; baseline -0.002 -15"><span class='ocrx_word' id='word_1_3' title='bbox 683 640 792 691; x_wconf 81' lang='lat' dir='ltr'>uici</span> <span class='ocrx_word' id='word_1_4' title='bbox 825 635 1170 690; x_wconf 72' lang='lat' dir='ltr'>Alexandrini</span> <span class='ocrx_word' id='word_1_5' title='bbox 1183 673 1202 699; x_wconf 82' lang='lat'>,</span> <span class='ocrx_word' id='word_1_6' title='bbox 1237 650 1350 706; x_wconf 82' lang='lat' dir='ltr'>quo</span> <span class='ocrx_word' id='word_1_7' title='bbox 1383 634 1579 701; x_wconf 83' lang='lat' dir='ltr'>utitur,</span> <span class='ocrx_word' id='word_1_8' title='bbox 1610 646 1671 685; x_wconf 87' lang='lat' dir='ltr'>ut</span> <span class='ocrx_word' id='word_1_9' title='bbox 1706 631 1995 685; x_wconf 79' lang='lat' dir='ltr'>Domitiani</span> <span class='ocrx_word' id='word_1_10' title='bbox 2032 630 2291 683; x_wconf 73' lang='lat' dir='ltr'>suffectos</span> <span class='ocrx_word' id='word_1_11' title='bbox 2326 632 2647 687; x_wconf 75' lang='lat' dir='ltr'>consulatus</span> <span class='ocrx_word' id='word_1_12' title='bbox 2682 652 2791 687; x_wconf 81' lang='lat' dir='ltr'>non</span> 
     </span>
     <span class='ocr_line' id='line_1_3' title="bbox 683 709 2797 784; baseline -0.003 -13"><span class='ocrx_word' id='word_1_13' title='bbox 683 729 992 771; x_wconf 70' lang='lat' dir='ltr'>numeratos</span> <span class='ocrx_word' id='word_1_14' title='bbox 1007 712 1254 768; x_wconf 77' lang='lat' dir='ltr'>ostendat</span> <span class='ocrx_word' id='word_1_15' title='bbox 1267 752 1287 781; x_wconf 89' lang='lat'>,</span> <span class='ocrx_word' id='word_1_16' title='bbox 1311 713 1557 784; x_wconf 77' lang='lat' dir='ltr'>profecto</span> <span class='ocrx_word' id='word_1_17' title='bbox 1578 711 1709 765; x_wconf 79' lang='lat' dir='ltr'>nihil</span> <span class='ocrx_word' id='word_1_18' title='bbox 1734 710 1915 763; x_wconf 77' lang='lat' dir='ltr'>efficit.</span> <span class='ocrx_word' id='word_1_19' title='bbox 1936 712 2073 762; x_wconf 75' lang='lat' dir='ltr'>Nam</span> <span class='ocrx_word' id='word_1_20' title='bbox 2092 711 2269 779; x_wconf 77' lang='lat' dir='ltr'>primo</span> <span class='ocrx_word' id='word_1_21' title='bbox 2286 709 2545 764; x_wconf 70' lang='lat' dir='ltr'>OEronici</span> <span class='ocrx_word' id='word_1_22' title='bbox 2568 713 2797 765; x_wconf 74' lang='lat' dir='ltr'>Alexan-</span> 
     </span>
     <span class='ocr_line' id='line_1_4' title="bbox 685 788 2797 862; baseline -0.002 -13"><span class='ocrx_word' id='word_1_23' title='bbox 685 796 826 850; x_wconf 81' lang='lat' dir='ltr'>drini</span> <span class='ocrx_word' id='word_1_24' title='bbox 845 796 990 851; x_wconf 77' lang='lat' dir='ltr'>nulla</span> <span class='ocrx_word' id='word_1_25' title='bbox 1009 810 1090 849; x_wconf 87' lang='lat' dir='ltr'>est</span> <span class='ocrx_word' id='word_1_26' title='bbox 1111 796 1398 848; x_wconf 77' lang='lat' dir='ltr'>auctoritas</span> <span class='ocrx_word' id='word_1_27' title='bbox 1415 816 1430 845; x_wconf 72' lang='grc' dir='ltr'><strong>ι</strong></span> <span class='ocrx_word' id='word_1_28' title='bbox 1455 794 1643 846; x_wconf 84' lang='lat' dir='ltr'>Dionis</span> <span class='ocrx_word' id='word_1_29' title='bbox 1660 805 1839 844; x_wconf 80' lang='lat' dir='ltr'>sutem</span> <span class='ocrx_word' id='word_1_30' title='bbox 1862 791 2029 862; x_wconf 86' lang='lat' dir='ltr'>ipsius</span> <span class='ocrx_word' id='word_1_31' title='bbox 2050 789 2241 842; x_wconf 80' lang='lat' dir='ltr'>librum</span> <span class='ocrx_word' id='word_1_32' title='bbox 2262 788 2330 843; x_wconf 89' lang='lat' dir='ltr'>de</span> <span class='ocrx_word' id='word_1_33' title='bbox 2352 792 2667 845; x_wconf 77' lang='lat' dir='ltr'>Domitiano</span> <span class='ocrx_word' id='word_1_34' title='bbox 2686 813 2797 847; x_wconf 88' lang='lat' dir='ltr'>non</span> 
     </span>
     <span class='ocr_line' id='line_1_5' title="bbox 682 870 2799 947; baseline -0.002 -18"><span class='ocrx_word' id='word_1_35' title='bbox 682 875 972 942; x_wconf 73' lang='lat' dir='ltr'>habentus,</span> <span class='ocrx_word' id='word_1_36' title='bbox 997 874 1090 928; x_wconf 86' lang='lat' dir='ltr'>sed</span> <span class='ocrx_word' id='word_1_37' title='bbox 1113 874 1394 947; x_wconf 75' lang='lat' dir='ltr'>Epitotnen</span> <span class='ocrx_word' id='word_1_38' title='bbox 1417 883 1625 923; x_wconf 72' lang='lat' dir='ltr'>tantuin</span> <span class='ocrx_word' id='word_1_39' title='bbox 1652 870 1939 943; x_wconf 73' lang='lat' dir='ltr'>xiphilini,</span> <span class='ocrx_word' id='word_1_40' title='bbox 1966 888 2155 941; x_wconf 77' lang='lat' dir='ltr'>parum</span> <span class='ocrx_word' id='word_1_41' title='bbox 2184 874 2419 922; x_wconf 77' lang='lat' dir='ltr'>accurati</span> <span class='ocrx_word' id='word_1_42' title='bbox 2450 885 2505 923; x_wconf 89' lang='lat' dir='ltr'>et</span> <span class='ocrx_word' id='word_1_43' title='bbox 2530 871 2799 941; x_wconf 83' lang='lat' dir='ltr'>diligentis</span> 
     </span>
     <span class='ocr_line' id='line_1_6' title="bbox 685 948 2799 1027; baseline -0.001 -19"><span class='ocrx_word' id='word_1_44' title='bbox 685 956 1077 1027; x_wconf 73' lang='lat' dir='ltr'>Epitomntoris.</span> <span class='ocrx_word' id='word_1_45' title='bbox 1097 956 1236 1007; x_wconf 76' lang='lat' dir='ltr'>Tum</span> <span class='ocrx_word' id='word_1_46' title='bbox 1251 992 1268 1021; x_wconf 90' lang='lat'>,</span> <span class='ocrx_word' id='word_1_47' title='bbox 1292 955 1336 1007; x_wconf 86' lang='lat' dir='ltr'>si</span> <span class='ocrx_word' id='word_1_48' title='bbox 1359 951 1442 1005; x_wconf 79' lang='lat' dir='ltr'>vel</span> <span class='ocrx_word' id='word_1_49' title='bbox 1467 954 1697 1005; x_wconf 77' lang='lat' dir='ltr'>maxime</span> <span class='ocrx_word' id='word_1_50' title='bbox 1718 953 1769 1005; x_wconf 86' lang='lat' dir='ltr'>ei</span> <span class='ocrx_word' id='word_1_51' title='bbox 1791 948 1997 1021; x_wconf 77' lang='lat' dir='ltr'>aliquid</span> <span class='ocrx_word' id='word_1_52' title='bbox 2020 948 2330 1015; x_wconf 74' lang='lat' dir='ltr'>tribuerem,</span> <span class='ocrx_word' id='word_1_53' title='bbox 2354 962 2535 1003; x_wconf 81' lang='lat' dir='ltr'>tamen</span> <span class='ocrx_word' id='word_1_54' title='bbox 2556 950 2689 1003; x_wconf 82' lang='lat' dir='ltr'>nihil</span> <span class='ocrx_word' id='word_1_55' title='bbox 2710 952 2799 1006; x_wconf 81' lang='lat' dir='ltr'>hic</span> 
     </span>
     <span class='ocr_line' id='line_1_7' title="bbox 687 1030 2799 1106; baseline -0.002 -18"><span class='ocrx_word' id='word_1_56' title='bbox 687 1053 885 1089; x_wconf 64' lang='lat' dir='ltr'>caussa</span> <span class='ocrx_word' id='word_1_57' title='bbox 907 1037 1054 1105; x_wconf 76' lang='lat' dir='ltr'>Pagii</span> <span class='ocrx_word' id='word_1_58' title='bbox 1077 1032 1386 1106; x_wconf 83' lang='lat' dir='ltr'>prodesset;</span> <span class='ocrx_word' id='word_1_59' title='bbox 1411 1030 1561 1103; x_wconf 90' lang='lat' dir='ltr'>qnod</span> <span class='ocrx_word' id='word_1_60' title='bbox 1581 1046 1693 1084; x_wconf 78' lang='lat' dir='ltr'>tum</span> <span class='ocrx_word' id='word_1_61' title='bbox 1714 1030 1931 1083; x_wconf 84' lang='lat' dir='ltr'>demum</span> <span class='ocrx_word' id='word_1_62' title='bbox 1952 1031 2191 1081; x_wconf 75' lang='lat' dir='ltr'>futurum</span> <span class='ocrx_word' id='word_1_63' title='bbox 2216 1042 2353 1081; x_wconf 85' lang='lat' dir='ltr'>esset</span> <span class='ocrx_word' id='word_1_64' title='bbox 2368 1066 2385 1095; x_wconf 86' lang='lat'>‚</span> <span class='ocrx_word' id='word_1_65' title='bbox 2406 1032 2452 1083; x_wconf 76' lang='lat' dir='ltr'>si</span> <span class='ocrx_word' id='word_1_66' title='bbox 2472 1050 2659 1085; x_wconf 74' lang='lat' dir='ltr'>omnes</span> <span class='ocrx_word' id='word_1_67' title='bbox 2674 1051 2799 1085; x_wconf 77' lang='lat' dir='ltr'>eon-</span> 
     </span>
     <span class='ocr_line' id='line_1_8' title="bbox 683 1108 2799 1186; baseline -0.002 -19"><span class='ocrx_word' id='word_1_68' title='bbox 683 1113 882 1167; x_wconf 71' lang='lat' dir='ltr'>suiatus</span> <span class='ocrx_word' id='word_1_69' title='bbox 895 1112 1144 1186; x_wconf 80' lang='lat' dir='ltr'>suffectos</span> <span class='ocrx_word' id='word_1_70' title='bbox 1157 1114 1416 1165; x_wconf 81' lang='lat' dir='ltr'>omisisset.</span> <span class='ocrx_word' id='word_1_71' title='bbox 1434 1113 1593 1165; x_wconf 84' lang='lat' dir='ltr'>Nunc</span> <span class='ocrx_word' id='word_1_72' title='bbox 1612 1108 1917 1182; x_wconf 83' lang='lat' dir='ltr'>Xiphilinus</span> <span class='ocrx_word' id='word_1_73' title='bbox 1936 1122 2169 1180; x_wconf 79' lang='lat' dir='ltr'>quatuor</span> <span class='ocrx_word' id='word_1_74' title='bbox 2188 1122 2393 1160; x_wconf 75' lang='lat' dir='ltr'>tantum</span> <span class='ocrx_word' id='word_1_75' title='bbox 2410 1110 2639 1175; x_wconf 82' lang='lat' dir='ltr'>omittit,</span> <span class='ocrx_word' id='word_1_76' title='bbox 2658 1110 2799 1163; x_wconf 87' lang='lat' dir='ltr'>duos</span> 
     </span>
     <span class='ocr_line' id='line_1_9' title="bbox 685 1188 2799 1257; baseline -0.001 -13"><span class='ocrx_word' id='word_1_77' title='bbox 685 1204 962 1244; x_wconf 65' lang='lat' dir='ltr'>numeru:</span> <span class='ocrx_word' id='word_1_78' title='bbox 1001 1190 1306 1245; x_wconf 77' lang='lat' dir='ltr'>chronicon</span> <span class='ocrx_word' id='word_1_79' title='bbox 1343 1188 1761 1242; x_wconf 76' lang='lat' dir='ltr'>Alexandrinum</span> <span class='ocrx_word' id='word_1_80' title='bbox 1800 1200 1905 1239; x_wconf 73' lang='lat' dir='ltr'>tres</span> <span class='ocrx_word' id='word_1_81' title='bbox 1944 1188 2171 1251; x_wconf 85' lang='lat' dir='ltr'>omittit,</span> <span class='ocrx_word' id='word_1_82' title='bbox 2206 1199 2313 1238; x_wconf 83' lang='lat' dir='ltr'>tres</span> <span class='ocrx_word' id='word_1_83' title='bbox 2348 1201 2612 1240; x_wconf 79' lang='lat' dir='ltr'>numerat.</span> <span class='ocrx_word' id='word_1_84' title='bbox 2648 1188 2799 1257; x_wconf 82' lang='lat' dir='ltr'>Quid</span> 
     </span>
     <span class='ocr_line' id='line_1_10' title="bbox 683 1266 2799 1342; baseline -0 -19"><span class='ocrx_word' id='word_1_85' title='bbox 683 1270 811 1323; x_wconf 86' lang='lat' dir='ltr'>inde</span> <span class='ocrx_word' id='word_1_86' title='bbox 837 1269 1100 1323; x_wconf 73' lang='lat' dir='ltr'>efficitur?</span> <span class='ocrx_word' id='word_1_87' title='bbox 1129 1271 1254 1323; x_wconf 81' lang='lat' dir='ltr'>Non</span> <span class='ocrx_word' id='word_1_88' title='bbox 1275 1272 1555 1342; x_wconf 75' lang='lat' dir='ltr'>profecto,</span> <span class='ocrx_word' id='word_1_89' title='bbox 1588 1268 1869 1340; x_wconf 67' lang='lat' dir='ltr'>diligentes</span> <span class='ocrx_word' id='word_1_90' title='bbox 1896 1266 2181 1319; x_wconf 79' lang='lat' dir='ltr'>historicos</span> <span class='ocrx_word' id='word_1_91' title='bbox 2200 1266 2513 1320; x_wconf 84' lang='lat' dir='ltr'>consulatus</span> <span class='ocrx_word' id='word_1_92' title='bbox 2536 1270 2799 1322; x_wconf 70' lang='lat' dir='ltr'><strong>suffectos</strong></span> 
     </span>
     <span class='ocr_line' id='line_1_11' title="bbox 683 1346 2803 1421; baseline -0.001 -18"><span class='ocrx_word' id='word_1_93' title='bbox 683 1350 976 1403; x_wconf 78' lang='lat' dir='ltr'>Domitiani</span> <span class='ocrx_word' id='word_1_94' title='bbox 995 1370 1104 1403; x_wconf 89' lang='lat' dir='ltr'>non</span> <span class='ocrx_word' id='word_1_95' title='bbox 1125 1368 1458 1403; x_wconf 79' lang='lat' dir='ltr'>numerasse:</span> <span class='ocrx_word' id='word_1_96' title='bbox 1485 1347 1579 1401; x_wconf 88' lang='lat' dir='ltr'>sed</span> <span class='ocrx_word' id='word_1_97' title='bbox 1596 1387 1609 1414; x_wconf 91' lang='lat'>,</span> <span class='ocrx_word' id='word_1_98' title='bbox 1630 1366 1817 1419; x_wconf 79' lang='lat' dir='ltr'>parum</span> <span class='ocrx_word' id='word_1_99' title='bbox 1838 1346 2115 1418; x_wconf 72' lang='lat' dir='ltr'>diligentes</span> <span class='ocrx_word' id='word_1_100' title='bbox 2136 1346 2257 1398; x_wconf 89' lang='lat' dir='ltr'>illos</span> <span class='ocrx_word' id='word_1_101' title='bbox 2276 1349 2565 1418; x_wconf 71' lang='lat' dir='ltr'>scriptores</span> <span class='ocrx_word' id='word_1_102' title='bbox 2588 1348 2803 1421; x_wconf 79' lang='lat' dir='ltr'>aliquot</span> 
     </span>
     <span class='ocr_line' id='line_1_12' title="bbox 683 1424 2801 1501; baseline -0 -19"><span class='ocrx_word' id='word_1_103' title='bbox 683 1428 997 1483; x_wconf 82' lang='lat' dir='ltr'>consulatus</span> <span class='ocrx_word' id='word_1_104' title='bbox 1017 1430 1277 1483; x_wconf 71' lang='lat' dir='ltr'>suffectos</span> <span class='ocrx_word' id='word_1_105' title='bbox 1297 1428 1434 1483; x_wconf 79' lang='lat' dir='ltr'>male</span> <span class='ocrx_word' id='word_1_106' title='bbox 1453 1430 1713 1481; x_wconf 85' lang='lat' dir='ltr'>omisisse.</span> <span class='ocrx_word' id='word_1_107' title='bbox 1732 1426 1931 1479; x_wconf 76' lang='lat' dir='ltr'>Eadem</span> <span class='ocrx_word' id='word_1_108' title='bbox 1950 1424 2263 1495; x_wconf 75' lang='lat' dir='ltr'>responderi</span> <span class='ocrx_word' id='word_1_109' title='bbox 2284 1442 2599 1499; x_wconf 79' lang='lat' dir='ltr'>argumento</span> <span class='ocrx_word' id='word_1_110' title='bbox 2622 1431 2801 1501; x_wconf 73' lang='lat' dir='ltr'>pagii,</span> 
     </span>
     <span class='ocr_line' id='line_1_13' title="bbox 686 1506 2799 1581; baseline 0.001 -21"><span class='ocrx_word' id='word_1_111' title='bbox 686 1525 716 1560; x_wconf 88' lang='lat' dir='ltr'>e</span> <span class='ocrx_word' id='word_1_112' title='bbox 745 1527 910 1561; x_wconf 77' lang='lat' dir='ltr'>numo</span> <span class='ocrx_word' id='word_1_113' title='bbox 939 1512 1226 1563; x_wconf 85' lang='lat' dir='ltr'>Domitiani</span> <span class='ocrx_word' id='word_1_114' title='bbox 1255 1510 1451 1581; x_wconf 83' lang='lat' dir='ltr'>petito,</span> <span class='ocrx_word' id='word_1_115' title='bbox 1480 1506 1709 1575; x_wconf 88' lang='lat' dir='ltr'>debent,</span> <span class='ocrx_word' id='word_1_116' title='bbox 1736 1510 1789 1559; x_wconf 90' lang='lat' dir='ltr'>in</span> <span class='ocrx_word' id='word_1_117' title='bbox 1819 1524 1931 1578; x_wconf 87' lang='lat' dir='ltr'>quo</span> <span class='ocrx_word' id='word_1_118' title='bbox 1960 1506 2269 1559; x_wconf 85' lang='lat' dir='ltr'>consulatus</span> <span class='ocrx_word' id='word_1_119' title='bbox 2292 1508 2361 1558; x_wconf 83' lang='lat' dir='ltr'>vl</span> <span class='ocrx_word' id='word_1_120' title='bbox 2390 1527 2489 1579; x_wconf 79' lang='lat' dir='ltr'>pro</span> <span class='ocrx_word' id='word_1_121' title='bbox 2512 1510 2605 1561; x_wconf 86' lang='lat' dir='ltr'>vu</span> <span class='ocrx_word' id='word_1_122' title='bbox 2634 1513 2799 1581; x_wconf 86' lang='lat' dir='ltr'>poni-</span> 
     </span>
     <span class='ocr_line' id='line_1_14' title="bbox 683 1584 2800 1663; baseline 0.001 -22"><span class='ocrx_word' id='word_1_123' title='bbox 683 1602 792 1655; x_wconf 80' lang='lat' dir='ltr'>tur,</span> <span class='ocrx_word' id='word_1_124' title='bbox 811 1584 1056 1663; x_wconf 66' lang='lat' dir='ltr'>neglecto</span> <span class='ocrx_word' id='word_1_125' title='bbox 1071 1608 1180 1644; x_wconf 84' lang='lat' dir='ltr'>uno</span> <span class='ocrx_word' id='word_1_126' title='bbox 1196 1591 1424 1645; x_wconf 76' lang='lat' dir='ltr'>suffecto</span> <span class='ocrx_word' id='word_1_127' title='bbox 1437 1629 1454 1653; x_wconf 84' lang='lat'>,</span> <span class='ocrx_word' id='word_1_128' title='bbox 1473 1608 1585 1641; x_wconf 89' lang='lat' dir='ltr'>non</span> <span class='ocrx_word' id='word_1_129' title='bbox 1600 1588 1848 1641; x_wconf 84' lang='lat' dir='ltr'>omuibus</span> <span class='ocrx_word' id='word_1_130' title='bbox 1861 1610 1876 1639; x_wconf 72' lang='grc' dir='ltr'>ι</span> <span class='ocrx_word' id='word_1_131' title='bbox 1899 1590 2193 1659; x_wconf 80' lang='lat' dir='ltr'>meritoque</span> <span class='ocrx_word' id='word_1_132' title='bbox 2210 1587 2509 1641; x_wconf 83' lang='lat' dir='ltr'>audiendus</span> <span class='ocrx_word' id='word_1_133' title='bbox 2524 1592 2800 1658; x_wconf 69' lang='lat' dir='ltr'>petavius,</span> 
     </span>
     <span class='ocr_line' id='line_1_15' title="bbox 685 1670 2799 1744; baseline 0.001 -21"><span class='ocrx_word' id='word_1_134' title='bbox 685 1673 778 1742; x_wconf 83' lang='lat' dir='ltr'>qui</span> <span class='ocrx_word' id='word_1_135' title='bbox 803 1670 920 1723; x_wconf 81' lang='lat' dir='ltr'>illas</span> <span class='ocrx_word' id='word_1_136' title='bbox 945 1670 1261 1744; x_wconf 70' lang='lat' dir='ltr'>epigraphes</span> <span class='ocrx_word' id='word_1_137' title='bbox 1289 1670 1569 1723; x_wconf 84' lang='lat' dir='ltr'>mendosas</span> <span class='ocrx_word' id='word_1_138' title='bbox 1592 1682 1747 1741; x_wconf 81' lang='lat' dir='ltr'>putat</span> <span class='ocrx_word' id='word_1_139' title='bbox 1762 1706 1779 1733; x_wconf 89' lang='lat'>,</span> <span class='ocrx_word' id='word_1_140' title='bbox 1805 1670 2093 1740; x_wconf 78' lang='lat' dir='ltr'>praesertim</span> <span class='ocrx_word' id='word_1_141' title='bbox 2118 1686 2281 1743; x_wconf 85' lang='lat' dir='ltr'>quum</span> <span class='ocrx_word' id='word_1_142' title='bbox 2304 1670 2359 1722; x_wconf 88' lang='lat' dir='ltr'>in</span> <span class='ocrx_word' id='word_1_143' title='bbox 2386 1673 2591 1723; x_wconf 67' lang='lat' dir='ltr'>caeteris</span> <span class='ocrx_word' id='word_1_144' title='bbox 2618 1676 2799 1725; x_wconf 79' lang='lat' dir='ltr'>omni-</span> 
     </span>
     <span class='ocr_line' id='line_1_16' title="bbox 683 1748 2799 1821; baseline 0 -18"><span class='ocrx_word' id='word_1_145' title='bbox 683 1748 786 1804; x_wconf 84' lang='lat' dir='ltr'>bus</span> <span class='ocrx_word' id='word_1_146' title='bbox 809 1754 984 1803; x_wconf 82' lang='lat' dir='ltr'>numis</span> <span class='ocrx_word' id='word_1_147' title='bbox 1005 1754 1292 1804; x_wconf 76' lang='lat' dir='ltr'>Domitiani</span> <span class='ocrx_word' id='word_1_148' title='bbox 1315 1766 1367 1804; x_wconf 90' lang='lat' dir='ltr'>et</span> <span class='ocrx_word' id='word_1_149' title='bbox 1391 1749 1833 1821; x_wconf 71' lang='lat' dir='ltr'>inscriptionibus</span> <span class='ocrx_word' id='word_1_150' title='bbox 1858 1748 2167 1801; x_wconf 76' lang='lat' dir='ltr'>consulatus</span> <span class='ocrx_word' id='word_1_151' title='bbox 2186 1750 2403 1801; x_wconf 79' lang='lat' dir='ltr'>suffecti</span> <span class='ocrx_word' id='word_1_152' title='bbox 2428 1766 2799 1819; x_wconf 79' lang='lat' dir='ltr'>numerentur,</span> 
     </span>
     <span class='ocr_line' id='line_1_17' title="bbox 684 1827 2801 1902; baseline 0 -19"><span class='ocrx_word' id='word_1_153' title='bbox 684 1842 746 1883; x_wconf 81' lang='lat' dir='ltr'>ut</span> <span class='ocrx_word' id='word_1_154' title='bbox 762 1829 920 1883; x_wconf 88' lang='lat' dir='ltr'>docet</span> <span class='ocrx_word' id='word_1_155' title='bbox 939 1834 1206 1897; x_wconf 74' lang='lat' dir='ltr'>Non-isius,</span> <span class='ocrx_word' id='word_1_156' title='bbox 1221 1828 1456 1902; x_wconf 80' lang='lat' dir='ltr'>Epistola</span> <span class='ocrx_word' id='word_1_157' title='bbox 1477 1829 1765 1894; x_wconf 77' lang='lat' dir='ltr'>consulari,</span> <span class='ocrx_word' id='word_1_158' title='bbox 1781 1847 1835 1899; x_wconf 87' lang='lat' dir='ltr'>p.</span> <span class='ocrx_word' id='word_1_159' title='bbox 1854 1827 1940 1881; x_wconf 82' lang='lat'>52·</span> <span class='ocrx_word' id='word_1_160' title='bbox 1962 1829 2177 1881; x_wconf 77' lang='lat' dir='ltr'>Maneat</span> <span class='ocrx_word' id='word_1_161' title='bbox 2200 1846 2325 1900; x_wconf 80' lang='lat' dir='ltr'>ergo</span> <span class='ocrx_word' id='word_1_162' title='bbox 2342 1866 2361 1895; x_wconf 83' lang='lat'>‚</span> <span class='ocrx_word' id='word_1_163' title='bbox 2384 1828 2801 1901; x_wconf 78' lang='lat' dir='ltr'>intelligendum</span> 
     </span>
     <span class='ocr_line' id='line_1_18' title="bbox 685 1907 2803 1981; baseline 0.001 -18"><span class='ocrx_word' id='word_1_164' title='bbox 685 1928 800 1963; x_wconf 86' lang='lat' dir='ltr'>esse</span> <span class='ocrx_word' id='word_1_165' title='bbox 823 1909 1162 1963; x_wconf 79' lang='lat' dir='ltr'>consulatum</span> <span class='ocrx_word' id='word_1_166' title='bbox 1193 1929 1312 1963; x_wconf 80' lang='lat' dir='ltr'>eum</span> <span class='ocrx_word' id='word_1_167' title='bbox 1330 1948 1348 1975; x_wconf 93' lang='lat'>,</span> <span class='ocrx_word' id='word_1_168' title='bbox 1377 1928 1535 1981; x_wconf 84' lang='lat' dir='ltr'>quem</span> <span class='ocrx_word' id='word_1_169' title='bbox 1567 1907 1695 1961; x_wconf 83' lang='lat' dir='ltr'>dixi.</span> <span class='ocrx_word' id='word_1_170' title='bbox 1720 1911 1905 1979; x_wconf 81' lang='lat' dir='ltr'>Neque</span> <span class='ocrx_word' id='word_1_171' title='bbox 1930 1912 2121 1960; x_wconf 77' lang='lat' dir='ltr'>-irum</span> <span class='ocrx_word' id='word_1_172' title='bbox 2146 1922 2225 1961; x_wconf 91' lang='lat' dir='ltr'>est</span> <span class='ocrx_word' id='word_1_173' title='bbox 2240 1947 2257 1976; x_wconf 89' lang='lat'>,</span> <span class='ocrx_word' id='word_1_174' title='bbox 2281 1927 2345 1961; x_wconf 87' lang='lat' dir='ltr'>eo</span> <span class='ocrx_word' id='word_1_175' title='bbox 2372 1927 2515 1961; x_wconf 80' lang='lat' dir='ltr'>anno</span> <span class='ocrx_word' id='word_1_176' title='bbox 2540 1912 2803 1965; x_wconf 77' lang='lat' dir='ltr'>Domitia·</span> 
     </span>
     <span class='ocr_line' id='line_1_19' title="bbox 683 1986 2797 2062; baseline 0.001 -19"><span class='ocrx_word' id='word_1_177' title='bbox 683 2009 814 2043; x_wconf 84' lang='lat' dir='ltr'>num</span> <span class='ocrx_word' id='word_1_178' title='bbox 839 2010 904 2043; x_wconf 81' lang='lat' dir='ltr'>ex</span> <span class='ocrx_word' id='word_1_179' title='bbox 928 2009 1091 2043; x_wconf 67' lang='lat' dir='ltr'>uxone</span> <span class='ocrx_word' id='word_1_180' title='bbox 1115 1992 1348 2044; x_wconf 76' lang='lat' dir='ltr'>Domitia</span> <span class='ocrx_word' id='word_1_181' title='bbox 1371 1990 1581 2061; x_wconf 78' lang='lat' dir='ltr'>prolem</span> <span class='ocrx_word' id='word_1_182' title='bbox 1606 1988 1911 2043; x_wconf 78' lang='lat' dir='ltr'>sustulisse:</span> <span class='ocrx_word' id='word_1_183' title='bbox 1939 2008 2103 2062; x_wconf 83' lang='lat' dir='ltr'>quum</span> <span class='ocrx_word' id='word_1_184' title='bbox 2128 2007 2245 2042; x_wconf 79' lang='lat' dir='ltr'>eam</span> <span class='ocrx_word' id='word_1_185' title='bbox 2270 1986 2441 2041; x_wconf 80' lang='lat' dir='ltr'>tribus</span> <span class='ocrx_word' id='word_1_186' title='bbox 2462 1992 2621 2043; x_wconf 76' lang='lat' dir='ltr'>annis</span> <span class='ocrx_word' id='word_1_187' title='bbox 2642 2006 2797 2058; x_wconf 77' lang='lat' dir='ltr'>ante,</span> 
     </span>
     <span class='ocr_line' id='line_1_20' title="bbox 687 2068 2797 2144; baseline 0.001 -23"><span class='ocrx_word' id='word_1_188' title='bbox 687 2088 852 2141; x_wconf 85' lang='lat' dir='ltr'>quum</span> <span class='ocrx_word' id='word_1_189' title='bbox 871 2073 1067 2123; x_wconf 70' lang='lat' dir='ltr'>Praetor</span> <span class='ocrx_word' id='word_1_190' title='bbox 1083 2070 1354 2123; x_wconf 75' lang='lat' dir='ltr'>consulari</span> <span class='ocrx_word' id='word_1_191' title='bbox 1374 2081 1639 2142; x_wconf 81' lang='lat' dir='ltr'>potestate</span> <span class='ocrx_word' id='word_1_192' title='bbox 1659 2082 1825 2135; x_wconf 87' lang='lat' dir='ltr'>esset,</span> <span class='ocrx_word' id='word_1_193' title='bbox 1842 2068 2077 2123; x_wconf 82' lang='lat' dir='ltr'>duxisset</span> <span class='ocrx_word' id='word_1_194' title='bbox 2091 2108 2109 2137; x_wconf 83' lang='lat'>,</span> <span class='ocrx_word' id='word_1_195' title='bbox 2132 2082 2350 2122; x_wconf 76' lang='lat' dir='ltr'>auctore</span> <span class='ocrx_word' id='word_1_196' title='bbox 2372 2071 2605 2137; x_wconf 81' lang='lat' dir='ltr'>Nostro,</span> <span class='ocrx_word' id='word_1_197' title='bbox 2632 2090 2797 2144; x_wconf 77' lang='lat' dir='ltr'>supra</span> 
     </span>
     <span class='ocr_line' id='line_1_21' title="bbox 685 2146 2799 2221; baseline 0.001 -20"><span class='ocrx_word' id='word_1_198' title='bbox 685 2166 734 2201; x_wconf 85' lang='lat' dir='ltr'>c.</span> <span class='ocrx_word' id='word_1_199' title='bbox 768 2166 787 2199; x_wconf 84' lang='lat' dir='ltr'>t</span> <span class='ocrx_word' id='word_1_200' title='bbox 807 2168 822 2209; x_wconf 89' lang='lat'>;</span> <span class='ocrx_word' id='word_1_201' title='bbox 845 2148 914 2199; x_wconf 86' lang='lat' dir='ltr'>de</span> <span class='ocrx_word' id='word_1_202' title='bbox 939 2168 1114 2221; x_wconf 84' lang='lat' dir='ltr'>eoque</span> <span class='ocrx_word' id='word_1_203' title='bbox 1138 2148 1276 2200; x_wconf 74' lang='lat' dir='ltr'>adeo</span> <span class='ocrx_word' id='word_1_204' title='bbox 1297 2146 1581 2199; x_wconf 84' lang='lat' dir='ltr'>dubitandi</span> <span class='ocrx_word' id='word_1_205' title='bbox 1606 2165 1793 2199; x_wconf 80' lang='lat' dir='ltr'>caussa</span> <span class='ocrx_word' id='word_1_206' title='bbox 1812 2146 2005 2199; x_wconf 83' lang='lat' dir='ltr'>idonea</span> <span class='ocrx_word' id='word_1_207' title='bbox 2028 2146 2173 2199; x_wconf 87' lang='lat' dir='ltr'>nulla</span> <span class='ocrx_word' id='word_1_208' title='bbox 2192 2162 2288 2199; x_wconf 88' lang='lat' dir='ltr'>est.</span> <span class='ocrx_word' id='word_1_209' title='bbox 2308 2150 2465 2213; x_wconf 85' lang='lat' dir='ltr'>Nam,</span> <span class='ocrx_word' id='word_1_210' title='bbox 2486 2150 2639 2221; x_wconf 87' lang='lat' dir='ltr'>quod</span> <span class='ocrx_word' id='word_1_211' title='bbox 2652 2151 2799 2203; x_wconf 67' lang='lat' dir='ltr'>Gra-</span> 
     </span>
     <span class='ocr_line' id='line_1_22' title="bbox 683 2226 2799 2301; baseline 0.001 -22"><span class='ocrx_word' id='word_1_212' title='bbox 683 2229 801 2279; x_wconf 80' lang='lat' dir='ltr'>vius</span> <span class='ocrx_word' id='word_1_213' title='bbox 823 2246 854 2278; x_wconf 89' lang='lat' dir='ltr'>e</span> <span class='ocrx_word' id='word_1_214' title='bbox 873 2226 1144 2293; x_wconf 79' lang='lat' dir='ltr'>Martiale,</span> <span class='ocrx_word' id='word_1_215' title='bbox 1169 2228 1264 2296; x_wconf 85' lang='lat' dir='ltr'>ill,</span> <span class='ocrx_word' id='word_1_216' title='bbox 1287 2228 1324 2279; x_wconf 83' lang='lat'><strong>6</strong></span> <span class='ocrx_word' id='word_1_217' title='bbox 1340 2265 1355 2289; x_wconf 85' lang='lat'>‚</span> <span class='ocrx_word' id='word_1_218' title='bbox 1381 2226 1575 2291; x_wconf 88' lang='lat' dir='ltr'>docet,</span> <span class='ocrx_word' id='word_1_219' title='bbox 1596 2241 1722 2298; x_wconf 87' lang='lat' dir='ltr'>post</span> <span class='ocrx_word' id='word_1_220' title='bbox 1742 2228 1849 2279; x_wconf 86' lang='lat' dir='ltr'>Titi</span> <span class='ocrx_word' id='word_1_221' title='bbox 1874 2240 2115 2293; x_wconf 85' lang='lat' dir='ltr'>mortem,</span> <span class='ocrx_word' id='word_1_222' title='bbox 2140 2244 2305 2298; x_wconf 86' lang='lat' dir='ltr'>quum</span> <span class='ocrx_word' id='word_1_223' title='bbox 2324 2228 2473 2281; x_wconf 86' lang='lat' dir='ltr'>solus</span> <span class='ocrx_word' id='word_1_224' title='bbox 2490 2231 2799 2301; x_wconf 77' lang='lat' dir='ltr'>imperaret,</span> 
     </span>
     <span class='ocr_line' id='line_1_23' title="bbox 684 2307 2797 2379; baseline 0.001 -18"><span class='ocrx_word' id='word_1_225' title='bbox 684 2308 734 2361; x_wconf 88' lang='lat' dir='ltr'>ei</span> <span class='ocrx_word' id='word_1_226' title='bbox 753 2307 918 2361; x_wconf 78' lang='lat' dir='ltr'>filium</span> <span class='ocrx_word' id='word_1_227' title='bbox 938 2320 1120 2361; x_wconf 81' lang='lat' dir='ltr'>natum</span> <span class='ocrx_word' id='word_1_228' title='bbox 1141 2326 1256 2360; x_wconf 82' lang='lat' dir='ltr'>esse</span> <span class='ocrx_word' id='word_1_229' title='bbox 1271 2346 1289 2376; x_wconf 86' lang='lat'>‚</span> <span class='ocrx_word' id='word_1_230' title='bbox 1311 2310 1402 2379; x_wconf 85' lang='lat' dir='ltr'>qui</span> <span class='ocrx_word' id='word_1_231' title='bbox 1423 2326 1548 2359; x_wconf 83' lang='lat' dir='ltr'>mox</span> <span class='ocrx_word' id='word_1_232' title='bbox 1571 2320 1811 2360; x_wconf 82' lang='lat' dir='ltr'>mortuns</span> <span class='ocrx_word' id='word_1_233' title='bbox 1838 2322 1891 2359; x_wconf 90' lang='lat' dir='ltr'>et</span> <span class='ocrx_word' id='word_1_234' title='bbox 1906 2320 2253 2361; x_wconf 78' lang='lat' dir='ltr'>consecratus</span> <span class='ocrx_word' id='word_1_235' title='bbox 2276 2322 2385 2371; x_wconf 86' lang='lat' dir='ltr'>est;</span> <span class='ocrx_word' id='word_1_236' title='bbox 2412 2307 2465 2360; x_wconf 88' lang='lat' dir='ltr'>id</span> <span class='ocrx_word' id='word_1_237' title='bbox 2490 2314 2797 2363; x_wconf 74' lang='lat' dir='ltr'>etsiverum</span> 
     </span>
     <span class='ocr_line' id='line_1_24' title="bbox 687 2389 2799 2463; baseline 0.001 -22"><span class='ocrx_word' id='word_1_238' title='bbox 687 2401 766 2441; x_wconf 86' lang='lat' dir='ltr'>est</span> <span class='ocrx_word' id='word_1_239' title='bbox 781 2428 798 2455; x_wconf 92' lang='lat'><strong>‚</strong></span> <span class='ocrx_word' id='word_1_240' title='bbox 817 2402 996 2443; x_wconf 81' lang='lat' dir='ltr'>tamen</span> <span class='ocrx_word' id='word_1_241' title='bbox 1021 2409 1130 2442; x_wconf 86' lang='lat' dir='ltr'>non</span> <span class='ocrx_word' id='word_1_242' title='bbox 1149 2389 1408 2461; x_wconf 86' lang='lat' dir='ltr'>impedit,</span> <span class='ocrx_word' id='word_1_243' title='bbox 1437 2406 1548 2460; x_wconf 82' lang='lat' dir='ltr'>quo</span> <span class='ocrx_word' id='word_1_244' title='bbox 1578 2390 1751 2441; x_wconf 86' lang='lat' dir='ltr'>minus</span> <span class='ocrx_word' id='word_1_245' title='bbox 1771 2403 1825 2441; x_wconf 90' lang='lat' dir='ltr'>et</span> <span class='ocrx_word' id='word_1_246' title='bbox 1846 2402 1971 2441; x_wconf 77' lang='lat' dir='ltr'>ante</span> <span class='ocrx_word' id='word_1_247' title='bbox 1988 2426 2007 2455; x_wconf 90' lang='lat'>,</span> <span class='ocrx_word' id='word_1_248' title='bbox 2026 2390 2148 2459; x_wconf 32' lang='lat' dir='ltr'>vivon</span> <span class='ocrx_word' id='word_1_249' title='bbox 2170 2402 2321 2459; x_wconf 85' lang='lat' dir='ltr'>patre</span> <span class='ocrx_word' id='word_1_250' title='bbox 2336 2427 2355 2455; x_wconf 87' lang='lat'>,</span> <span class='ocrx_word' id='word_1_251' title='bbox 2379 2390 2651 2443; x_wconf 79' lang='lat' dir='ltr'>sustulerit</span> <span class='ocrx_word' id='word_1_252' title='bbox 2678 2410 2799 2463; x_wconf 83' lang='lat' dir='ltr'>pro-</span> 
     </span>
     <span class='ocr_line' id='line_1_25' title="bbox 685 2468 2799 2542; baseline 0.002 -21"><span class='ocrx_word' id='word_1_253' title='bbox 685 2468 808 2522; x_wconf 88' lang='lat' dir='ltr'>lem.</span> <span class='ocrx_word' id='word_1_254' title='bbox 834 2472 887 2525; x_wconf 91' lang='lat' dir='ltr'>Si</span> <span class='ocrx_word' id='word_1_255' title='bbox 909 2470 1350 2525; x_wconf 83' lang='lat' dir='ltr'>consuetudinem</span> <span class='ocrx_word' id='word_1_256' title='bbox 1381 2490 1524 2536; x_wconf 82' lang='lat' dir='ltr'>eam,</span> <span class='ocrx_word' id='word_1_257' title='bbox 1555 2487 1658 2541; x_wconf 83' lang='lat' dir='ltr'>qua</span> <span class='ocrx_word' id='word_1_258' title='bbox 1686 2472 1741 2522; x_wconf 88' lang='lat' dir='ltr'>in</span> <span class='ocrx_word' id='word_1_259' title='bbox 1765 2470 1997 2534; x_wconf 51' lang='lat' dir='ltr'>Caesare,</span> <span class='ocrx_word' id='word_1_260' title='bbox 2015 2470 2257 2541; x_wconf 77' lang='lat' dir='ltr'>Augusto</span> <span class='ocrx_word' id='word_1_261' title='bbox 2275 2510 2292 2539; x_wconf 91' lang='lat'>,</span> <span class='ocrx_word' id='word_1_262' title='bbox 2320 2469 2548 2542; x_wconf 83' lang='lat' dir='ltr'>aliisque</span> <span class='ocrx_word' id='word_1_263' title='bbox 2570 2492 2695 2527; x_wconf 89' lang='lat' dir='ltr'>usus</span> <span class='ocrx_word' id='word_1_264' title='bbox 2718 2488 2799 2527; x_wconf 87' lang='lat' dir='ltr'>est</span> 
     </span>
     <span class='ocr_line' id='line_1_26' title="bbox 682 2547 2799 2625; baseline 0.002 -24"><span class='ocrx_word' id='word_1_265' title='bbox 682 2548 998 2616; x_wconf 79' lang='lat' dir='ltr'>Suetonius,</span> <span class='ocrx_word' id='word_1_266' title='bbox 1033 2554 1084 2603; x_wconf 92' lang='lat' dir='ltr'>in</span> <span class='ocrx_word' id='word_1_267' title='bbox 1120 2552 1422 2604; x_wconf 80' lang='lat' dir='ltr'>Domitiano</span> <span class='ocrx_word' id='word_1_268' title='bbox 1447 2561 1847 2611; x_wconf 59' lang='lat' dir='ltr'>conset-vassen</span> <span class='ocrx_word' id='word_1_269' title='bbox 1882 2561 1935 2600; x_wconf 87' lang='lat' dir='ltr'>et</span> <span class='ocrx_word' id='word_1_270' title='bbox 1967 2547 2034 2600; x_wconf 90' lang='lat' dir='ltr'>de</span> <span class='ocrx_word' id='word_1_271' title='bbox 2062 2551 2175 2618; x_wconf 84' lang='lat' dir='ltr'>ejus</span> <span class='ocrx_word' id='word_1_272' title='bbox 2204 2551 2545 2602; x_wconf 78' lang='lat' dir='ltr'>matrimonio</span> <span class='ocrx_word' id='word_1_273' title='bbox 2570 2566 2625 2604; x_wconf 88' lang='lat' dir='ltr'>et</span> <span class='ocrx_word' id='word_1_274' title='bbox 2644 2553 2799 2625; x_wconf 82' lang='lat' dir='ltr'>prole</span> 
     </span>
     <span class='ocr_line' id='line_1_27' title="bbox 687 2627 2795 2702; baseline 0.002 -23"><span class='ocrx_word' id='word_1_275' title='bbox 687 2631 1009 2700; x_wconf 81' lang='lat' dir='ltr'>separatim,</span> <span class='ocrx_word' id='word_1_276' title='bbox 1037 2643 1091 2682; x_wconf 87' lang='lat' dir='ltr'>et</span> <span class='ocrx_word' id='word_1_277' title='bbox 1119 2632 1344 2702; x_wconf 80' lang='lat' dir='ltr'>proprio</span> <span class='ocrx_word' id='word_1_278' title='bbox 1379 2630 1563 2702; x_wconf 85' lang='lat' dir='ltr'>aliquo</span> <span class='ocrx_word' id='word_1_279' title='bbox 1590 2627 1713 2680; x_wconf 89' lang='lat' dir='ltr'>loco</span> <span class='ocrx_word' id='word_1_280' title='bbox 1730 2665 1746 2694; x_wconf 91' lang='lat'>,</span> <span class='ocrx_word' id='word_1_281' title='bbox 1772 2627 2020 2694; x_wconf 80' lang='lat' dir='ltr'>dixisset,</span> <span class='ocrx_word' id='word_1_282' title='bbox 2059 2642 2151 2679; x_wconf 76' lang='lat' dir='ltr'>aut</span> <span class='ocrx_word' id='word_1_283' title='bbox 2180 2630 2371 2682; x_wconf 85' lang='lat' dir='ltr'>Dionis</span> <span class='ocrx_word' id='word_1_284' title='bbox 2400 2631 2571 2684; x_wconf 77' lang='lat' dir='ltr'>Cassii</span> <span class='ocrx_word' id='word_1_285' title='bbox 2604 2631 2795 2684; x_wconf 81' lang='lat' dir='ltr'>librum</span> 
     </span>
     <span class='ocr_line' id='line_1_28' title="bbox 685 2707 2795 2781; baseline 0.003 -21"><span class='ocrx_word' id='word_1_286' title='bbox 685 2707 753 2760; x_wconf 88' lang='lat' dir='ltr'>de</span> <span class='ocrx_word' id='word_1_287' title='bbox 783 2712 1092 2763; x_wconf 77' lang='lat' dir='ltr'>Domitiano</span> <span class='ocrx_word' id='word_1_288' title='bbox 1121 2710 1470 2778; x_wconf 76' lang='lat' dir='ltr'>haberemus,</span> <span class='ocrx_word' id='word_1_289' title='bbox 1503 2708 1699 2761; x_wconf 80' lang='lat' dir='ltr'>clarior</span> <span class='ocrx_word' id='word_1_290' title='bbox 1727 2727 1810 2762; x_wconf 83' lang='lat' dir='ltr'>res</span> <span class='ocrx_word' id='word_1_291' title='bbox 1832 2709 1987 2762; x_wconf 77' lang='lat' dir='ltr'>foret.</span> <span class='ocrx_word' id='word_1_292' title='bbox 2014 2709 2173 2761; x_wconf 82' lang='lat' dir='ltr'>Nunc</span> <span class='ocrx_word' id='word_1_293' title='bbox 2200 2709 2373 2764; x_wconf 79' lang='lat' dir='ltr'>verbis</span> <span class='ocrx_word' id='word_1_294' title='bbox 2402 2708 2489 2764; x_wconf 85' lang='lat' dir='ltr'>his</span> <span class='ocrx_word' id='word_1_295' title='bbox 2512 2713 2795 2781; x_wconf 78' lang='lat' dir='ltr'>standum,</span> 
     </span>
     <span class='ocr_line' id='line_1_29' title="bbox 687 2790 1286 2859; baseline 0.005 -19"><span class='ocrx_word' id='word_1_296' title='bbox 687 2806 802 2859; x_wconf 77' lang='lat' dir='ltr'>quae</span> <span class='ocrx_word' id='word_1_297' title='bbox 829 2803 952 2842; x_wconf 83' lang='lat' dir='ltr'>sunt</span> <span class='ocrx_word' id='word_1_298' title='bbox 979 2790 1286 2844; x_wconf 79' lang='lat' dir='ltr'>clarissima.</span> 
     </span>
    </p>

    <p class='ocr_par' dir='ltr' id='par_1_3' title="bbox 685 2868 2795 4306">
     <span class='ocr_line' id='line_1_30' title="bbox 755 2868 2795 2942; baseline 0.003 -23"><span class='ocrx_word' id='word_1_299' title='bbox 755 2869 930 2938; x_wconf 78' lang='lat' dir='ltr'>Major</span> <span class='ocrx_word' id='word_1_300' title='bbox 951 2868 1234 2924; x_wconf 76' lang='lat' dir='ltr'>difficultas</span> <span class='ocrx_word' id='word_1_301' title='bbox 1259 2883 1338 2923; x_wconf 88' lang='lat' dir='ltr'>est</span> <span class='ocrx_word' id='word_1_302' title='bbox 1365 2872 1419 2922; x_wconf 89' lang='lat' dir='ltr'>in</span> <span class='ocrx_word' id='word_1_303' title='bbox 1445 2869 1791 2942; x_wconf 85' lang='lat' dir='ltr'>sequentibus</span> <span class='ocrx_word' id='word_1_304' title='bbox 1812 2870 1989 2924; x_wconf 81' lang='lat' dir='ltr'>verbis</span> <span class='ocrx_word' id='word_1_305' title='bbox 2004 2909 2021 2938; x_wconf 89' lang='lat'>,</span> <span class='ocrx_word' id='word_1_306' title='bbox 2042 2869 2309 2942; x_wconf 77' lang='lat' dir='ltr'>alteroque</span> <span class='ocrx_word' id='word_1_307' title='bbox 2330 2889 2475 2924; x_wconf 76' lang='lat' dir='ltr'>anno</span> <span class='ocrx_word' id='word_1_308' title='bbox 2498 2871 2795 2926; x_wconf 73' lang='lat' dir='ltr'>consaluta-</span> 
     </span>
     <span class='ocr_line' id='line_1_31' title="bbox 689 2949 2795 3026; baseline 0.003 -27"><span class='ocrx_word' id='word_1_309' title='bbox 689 2960 832 3000; x_wconf 77' lang='lat' dir='ltr'>verat</span> <span class='ocrx_word' id='word_1_310' title='bbox 851 2961 912 3001; x_wconf 81' lang='lat' dir='ltr'>ut</span> <span class='ocrx_word' id='word_1_311' title='bbox 933 2949 1237 3023; x_wconf 72' lang='lat' dir='ltr'>Auqtutam.</span> <span class='ocrx_word' id='word_1_312' title='bbox 1266 2952 1440 3019; x_wconf 85' lang='lat' dir='ltr'>Quem</span> <span class='ocrx_word' id='word_1_313' title='bbox 1463 2950 1702 3004; x_wconf 85' lang='lat' dir='ltr'>dicemus</span> <span class='ocrx_word' id='word_1_314' title='bbox 1728 2950 1877 3003; x_wconf 83' lang='lat' dir='ltr'>illum</span> <span class='ocrx_word' id='word_1_315' title='bbox 1905 2950 2131 3004; x_wconf 79' lang='lat' dir='ltr'>alterum</span> <span class='ocrx_word' id='word_1_316' title='bbox 2158 2969 2361 3002; x_wconf 77' lang='lat' dir='ltr'>annum</span> <span class='ocrx_word' id='word_1_317' title='bbox 2384 2953 2538 3004; x_wconf 76' lang='lat' dir='ltr'>esse?</span> <span class='ocrx_word' id='word_1_318' title='bbox 2559 2954 2795 3026; x_wconf 74' lang='lat' dir='ltr'>Scaliger</span> 
     </span>
     <span class='ocr_line' id='line_1_32' title="bbox 687 3027 2795 3098; baseline 0.004 -20"><span class='ocrx_word' id='word_1_319' title='bbox 687 3027 936 3098; x_wconf 82' lang='lat' dir='ltr'>capiebat</span> <span class='ocrx_word' id='word_1_320' title='bbox 955 3032 1058 3096; x_wconf 81' lang='lat' dir='ltr'>ita,</span> <span class='ocrx_word' id='word_1_321' title='bbox 1080 3044 1140 3082; x_wconf 91' lang='lat' dir='ltr'>ut</span> <span class='ocrx_word' id='word_1_322' title='bbox 1161 3031 1416 3083; x_wconf 80' lang='lat' dir='ltr'>Latinitas</span> <span class='ocrx_word' id='word_1_323' title='bbox 1437 3044 1490 3084; x_wconf 87' lang='lat' dir='ltr'>et</span> <span class='ocrx_word' id='word_1_324' title='bbox 1511 3029 1673 3084; x_wconf 80' lang='lat' dir='ltr'>verba</span> <span class='ocrx_word' id='word_1_325' title='bbox 1694 3033 1907 3096; x_wconf 85' lang='lat' dir='ltr'>sinunt,</span> <span class='ocrx_word' id='word_1_326' title='bbox 1934 3044 1997 3082; x_wconf 90' lang='lat' dir='ltr'>ut</span> <span class='ocrx_word' id='word_1_327' title='bbox 2019 3033 2087 3083; x_wconf 89' lang='lat' dir='ltr'>sit</span> <span class='ocrx_word' id='word_1_328' title='bbox 2105 3029 2239 3082; x_wconf 81' lang='lat' dir='ltr'>alter</span> <span class='ocrx_word' id='word_1_329' title='bbox 2261 3046 2433 3084; x_wconf 79' lang='lat' dir='ltr'>eunus</span> <span class='ocrx_word' id='word_1_330' title='bbox 2458 3051 2487 3083; x_wconf 80' lang='lat' dir='ltr'>a</span> <span class='ocrx_word' id='word_1_331' title='bbox 2513 3034 2795 3086; x_wconf 81' lang='lat' dir='ltr'>consulatu</span> 
     </span>
     <span class='ocr_line' id='line_1_33' title="bbox 685 3106 2793 3185; baseline 0.003 -25"><span class='ocrx_word' id='word_1_332' title='bbox 685 3106 780 3160; x_wconf 89' lang='lat' dir='ltr'>illo</span> <span class='ocrx_word' id='word_1_333' title='bbox 805 3107 1058 3160; x_wconf 83' lang='lat' dir='ltr'>secundo.</span> <span class='ocrx_word' id='word_1_334' title='bbox 1089 3110 1140 3162; x_wconf 82' lang='lat' dir='ltr'>si</span> <span class='ocrx_word' id='word_1_335' title='bbox 1163 3110 1326 3162; x_wconf 80' lang='lat' dir='ltr'>verba</span> <span class='ocrx_word' id='word_1_336' title='bbox 1349 3129 1459 3162; x_wconf 88' lang='lat' dir='ltr'>non</span> <span class='ocrx_word' id='word_1_337' title='bbox 1487 3124 1744 3185; x_wconf 77' lang='lat' dir='ltr'>corrupta</span> <span class='ocrx_word' id='word_1_338' title='bbox 1769 3124 1926 3179; x_wconf 90' lang='lat' dir='ltr'>sunt,</span> <span class='ocrx_word' id='word_1_339' title='bbox 1953 3110 2119 3164; x_wconf 77' lang='lat' dir='ltr'>alium</span> <span class='ocrx_word' id='word_1_340' title='bbox 2146 3129 2361 3164; x_wconf 85' lang='lat' dir='ltr'>sensum</span> <span class='ocrx_word' id='word_1_341' title='bbox 2390 3131 2451 3164; x_wconf 84' lang='lat' dir='ltr'>ea</span> <span class='ocrx_word' id='word_1_342' title='bbox 2476 3132 2576 3184; x_wconf 82' lang='lat' dir='ltr'>per</span> <span class='ocrx_word' id='word_1_343' title='bbox 2598 3116 2793 3167; x_wconf 83' lang='lat' dir='ltr'>Latini-</span> 
     </span>
     <span class='ocr_line' id='line_1_34' title="bbox 689 3186 2793 3266; baseline 0.003 -27"><span class='ocrx_word' id='word_1_344' title='bbox 689 3199 852 3240; x_wconf 75' lang='lat' dir='ltr'>tatem</span> <span class='ocrx_word' id='word_1_345' title='bbox 878 3186 1078 3240; x_wconf 83' lang='lat' dir='ltr'>habere</span> <span class='ocrx_word' id='word_1_346' title='bbox 1107 3206 1213 3240; x_wconf 88' lang='lat' dir='ltr'>non</span> <span class='ocrx_word' id='word_1_347' title='bbox 1245 3205 1488 3259; x_wconf 86' lang='lat' dir='ltr'>possunt.</span> <span class='ocrx_word' id='word_1_348' title='bbox 1510 3193 1707 3244; x_wconf 82' lang='lat' dir='ltr'>Verum</span> <span class='ocrx_word' id='word_1_349' title='bbox 1735 3191 1823 3244; x_wconf 87' lang='lat' dir='ltr'>hic</span> <span class='ocrx_word' id='word_1_350' title='bbox 1853 3193 2085 3244; x_wconf 80' lang='lat' dir='ltr'>exoritur</span> <span class='ocrx_word' id='word_1_351' title='bbox 2107 3210 2295 3262; x_wconf 78' lang='lat' dir='ltr'>magna</span> <span class='ocrx_word' id='word_1_352' title='bbox 2322 3190 2629 3246; x_wconf 82' lang='lat' dir='ltr'>dubitatio·</span> <span class='ocrx_word' id='word_1_353' title='bbox 2658 3213 2793 3266; x_wconf 89' lang='lat' dir='ltr'>quo-</span> 
     </span>
     <span class='ocr_line' id='line_1_35' title="bbox 687 3257 2793 3347; baseline 0.004 -27"><span class='ocrx_word' id='word_1_354' title='bbox 687 3257 883 3336; x_wconf 85' lang='lat' dir='ltr'>modo,</span> <span class='ocrx_word' id='word_1_355' title='bbox 919 3268 1011 3320; x_wconf 84' lang='lat' dir='ltr'>illo</span> <span class='ocrx_word' id='word_1_356' title='bbox 1047 3283 1318 3340; x_wconf 85' lang='lat' dir='ltr'>tempore,</span> <span class='ocrx_word' id='word_1_357' title='bbox 1345 3273 1579 3324; x_wconf 86' lang='lat' dir='ltr'>Domitia</span> <span class='ocrx_word' id='word_1_358' title='bbox 1606 3272 1843 3346; x_wconf 72' lang='lat' dir='ltr'>Anqusta</span> <span class='ocrx_word' id='word_1_359' title='bbox 1878 3268 2137 3345; x_wconf 73' lang='lat' dir='ltr'>appellari</span> <span class='ocrx_word' id='word_1_360' title='bbox 2166 3275 2435 3342; x_wconf 77' lang='lat' dir='ltr'>potuerit,</span> <span class='ocrx_word' id='word_1_361' title='bbox 2472 3293 2639 3344; x_wconf 85' lang='lat' dir='ltr'>quum</span> <span class='ocrx_word' id='word_1_362' title='bbox 2677 3277 2793 3347; x_wconf 86' lang='lat' dir='ltr'>ipse</span> 
     </span>
     <span class='ocr_line' id='line_1_36' title="bbox 685 3346 2791 3426; baseline 0.003 -26"><span class='ocrx_word' id='word_1_363' title='bbox 685 3347 1022 3402; x_wconf 81' lang='lat' dir='ltr'>Domitianus</span> <span class='ocrx_word' id='word_1_364' title='bbox 1039 3346 1279 3401; x_wconf 86' lang='lat' dir='ltr'>nondum</span> <span class='ocrx_word' id='word_1_365' title='bbox 1298 3352 1569 3422; x_wconf 79' lang='lat' dir='ltr'>Augustus</span> <span class='ocrx_word' id='word_1_366' title='bbox 1584 3366 1741 3405; x_wconf 87' lang='lat' dir='ltr'>esset.</span> <span class='ocrx_word' id='word_1_367' title='bbox 1758 3353 1887 3404; x_wconf 82' lang='lat' dir='ltr'>Eam</span> <span class='ocrx_word' id='word_1_368' title='bbox 1910 3350 2161 3422; x_wconf 78' lang='lat' dir='ltr'>Scaliger,</span> <span class='ocrx_word' id='word_1_369' title='bbox 2184 3351 2253 3404; x_wconf 85' lang='lat' dir='ltr'>ad</span> <span class='ocrx_word' id='word_1_370' title='bbox 2276 3351 2563 3405; x_wconf 82' lang='lat' dir='ltr'>Eusebium</span> <span class='ocrx_word' id='word_1_371' title='bbox 2588 3374 2644 3426; x_wconf 90' lang='lat' dir='ltr'>p.</span> <span class='ocrx_word' id='word_1_372' title='bbox 2668 3373 2791 3420; x_wconf 75' lang='lat'>202,</span> 
     </span>
     <span class='ocr_line' id='line_1_37' title="bbox 689 3429 2795 3504; baseline 0.004 -24"><span class='ocrx_word' id='word_1_373' title='bbox 689 3431 764 3481; x_wconf 87' lang='lat' dir='ltr'>sic</span> <span class='ocrx_word' id='word_1_374' title='bbox 789 3429 1040 3494; x_wconf 79' lang='lat' dir='ltr'>tollebat,</span> <span class='ocrx_word' id='word_1_375' title='bbox 1061 3445 1119 3483; x_wconf 89' lang='lat' dir='ltr'>ut</span> <span class='ocrx_word' id='word_1_376' title='bbox 1145 3429 1376 3498; x_wconf 77' lang='lat' dir='ltr'>diceret,</span> <span class='ocrx_word' id='word_1_377' title='bbox 1407 3451 1607 3484; x_wconf 80' lang='lat' dir='ltr'>morem</span> <span class='ocrx_word' id='word_1_378' title='bbox 1640 3433 1832 3501; x_wconf 78' lang='lat' dir='ltr'>fuisse,</span> <span class='ocrx_word' id='word_1_379' title='bbox 1858 3448 2049 3485; x_wconf 86' lang='lat' dir='ltr'>utnon</span> <span class='ocrx_word' id='word_1_380' title='bbox 2077 3431 2247 3484; x_wconf 88' lang='lat' dir='ltr'>solum</span> <span class='ocrx_word' id='word_1_381' title='bbox 2273 3434 2635 3504; x_wconf 78' lang='lat' dir='ltr'>Augustorum</span> <span class='ocrx_word' id='word_1_382' title='bbox 2660 3455 2795 3488; x_wconf 82' lang='lat' dir='ltr'>uxo·</span> 
     </span>
     <span class='ocr_line' id='line_1_38' title="bbox 687 3510 2791 3582; baseline 0.003 -22"><span class='ocrx_word' id='word_1_383' title='bbox 687 3527 772 3560; x_wconf 83' lang='lat' dir='ltr'>res</span> <span class='ocrx_word' id='word_1_384' title='bbox 791 3511 1040 3580; x_wconf 65' lang='lat' dir='ltr'>Augustae</span> <span class='ocrx_word' id='word_1_385' title='bbox 1062 3510 1390 3576; x_wconf 76' lang='lat' dir='ltr'>dicerentur,</span> <span class='ocrx_word' id='word_1_386' title='bbox 1413 3511 1504 3563; x_wconf 79' lang='lat' dir='ltr'>sed</span> <span class='ocrx_word' id='word_1_387' title='bbox 1522 3515 1680 3564; x_wconf 79' lang='lat' dir='ltr'>etiam</span> <span class='ocrx_word' id='word_1_388' title='bbox 1700 3513 1819 3565; x_wconf 78' lang='lat' dir='ltr'>filiae</span> <span class='ocrx_word' id='word_1_389' title='bbox 1834 3553 1851 3581; x_wconf 92' lang='lat'>,</span> <span class='ocrx_word' id='word_1_390' title='bbox 1880 3531 2089 3564; x_wconf 79' lang='lat' dir='ltr'>sorores</span> <span class='ocrx_word' id='word_1_391' title='bbox 2104 3549 2120 3576; x_wconf 93' lang='lat'>‚</span> <span class='ocrx_word' id='word_1_392' title='bbox 2144 3529 2310 3563; x_wconf 79' lang='lat' dir='ltr'>nurus</span> <span class='ocrx_word' id='word_1_393' title='bbox 2336 3525 2388 3562; x_wconf 91' lang='lat' dir='ltr'>et</span> <span class='ocrx_word' id='word_1_394' title='bbox 2412 3530 2613 3566; x_wconf 79' lang='lat' dir='ltr'>socrus.</span> <span class='ocrx_word' id='word_1_395' title='bbox 2639 3516 2756 3566; x_wconf 80' lang='lat' dir='ltr'>Jam</span> <span class='ocrx_word' id='word_1_396' title='bbox 2772 3553 2791 3582; x_wconf 84' lang='lat'>,</span> 
     </span>
     <span class='ocr_line' id='line_1_39' title="bbox 691 3589 2790 3662; baseline 0.003 -23"><span class='ocrx_word' id='word_1_397' title='bbox 691 3606 1013 3661; x_wconf 78' lang='lat' dir='ltr'>quamquam</span> <span class='ocrx_word' id='word_1_398' title='bbox 1037 3589 1241 3642; x_wconf 85' lang='lat' dir='ltr'>nullum</span> <span class='ocrx_word' id='word_1_399' title='bbox 1271 3591 1571 3662; x_wconf 82' lang='lat' dir='ltr'>exemplum</span> <span class='ocrx_word' id='word_1_400' title='bbox 1592 3609 1655 3643; x_wconf 78' lang='lat' dir='ltr'>ex</span> <span class='ocrx_word' id='word_1_401' title='bbox 1680 3594 1855 3662; x_wconf 78' lang='lat' dir='ltr'>primo</span> <span class='ocrx_word' id='word_1_402' title='bbox 1886 3591 2067 3644; x_wconf 85' lang='lat' dir='ltr'>seculo</span> <span class='ocrx_word' id='word_1_403' title='bbox 2083 3590 2265 3642; x_wconf 78' lang='lat' dir='ltr'>afferri</span> <span class='ocrx_word' id='word_1_404' title='bbox 2288 3601 2467 3661; x_wconf 86' lang='lat' dir='ltr'>potest</span> <span class='ocrx_word' id='word_1_405' title='bbox 2488 3610 2655 3646; x_wconf 79' lang='lat' dir='ltr'>nurus</span> <span class='ocrx_word' id='word_1_406' title='bbox 2678 3595 2790 3645; x_wconf 82' lang='lat' dir='ltr'>Au-</span> 
     </span>
     <span class='ocr_line' id='line_1_40' title="bbox 687 3671 2790 3744; baseline 0.002 -22"><span class='ocrx_word' id='word_1_407' title='bbox 687 3685 884 3742; x_wconf 72' lang='lat' dir='ltr'>gustas,</span> <span class='ocrx_word' id='word_1_408' title='bbox 915 3675 1067 3744; x_wconf 84' lang='lat' dir='ltr'>cujus</span> <span class='ocrx_word' id='word_1_409' title='bbox 1093 3674 1314 3726; x_wconf 79' lang='lat' dir='ltr'>maritus</span> <span class='ocrx_word' id='word_1_410' title='bbox 1337 3675 1608 3744; x_wconf 78' lang='lat' dir='ltr'>Augustus</span> <span class='ocrx_word' id='word_1_411' title='bbox 1638 3691 1746 3725; x_wconf 87' lang='lat' dir='ltr'>non</span> <span class='ocrx_word' id='word_1_412' title='bbox 1773 3688 1940 3741; x_wconf 83' lang='lat' dir='ltr'>esset,</span> <span class='ocrx_word' id='word_1_413' title='bbox 1976 3689 2151 3727; x_wconf 85' lang='lat' dir='ltr'>tamen</span> <span class='ocrx_word' id='word_1_414' title='bbox 2180 3671 2267 3736; x_wconf 88' lang='lat' dir='ltr'>id,</span> <span class='ocrx_word' id='word_1_415' title='bbox 2293 3690 2402 3723; x_wconf 84' lang='lat' dir='ltr'>non</span> <span class='ocrx_word' id='word_1_416' title='bbox 2432 3671 2571 3742; x_wconf 73' lang='lat' dir='ltr'>adeo</span> <span class='ocrx_word' id='word_1_417' title='bbox 2598 3674 2790 3727; x_wconf 78' lang='lat' dir='ltr'>absur-</span> 
     </span>
     <span class='ocr_line' id='line_1_41' title="bbox 690 3749 2790 3824; baseline 0.003 -23"><span class='ocrx_word' id='word_1_418' title='bbox 690 3749 818 3802; x_wconf 84' lang='lat' dir='ltr'>dum</span> <span class='ocrx_word' id='word_1_419' title='bbox 847 3764 958 3818; x_wconf 86' lang='lat' dir='ltr'>est,</span> <span class='ocrx_word' id='word_1_420' title='bbox 994 3754 1316 3820; x_wconf 78' lang='lat' dir='ltr'>existimare,</span> <span class='ocrx_word' id='word_1_421' title='bbox 1354 3755 1587 3824; x_wconf 77' lang='lat' dir='ltr'>primum</span> <span class='ocrx_word' id='word_1_422' title='bbox 1620 3751 1821 3804; x_wconf 82' lang='lat' dir='ltr'>factum</span> <span class='ocrx_word' id='word_1_423' title='bbox 1860 3755 1913 3804; x_wconf 90' lang='lat' dir='ltr'>in</span> <span class='ocrx_word' id='word_1_424' title='bbox 1950 3754 2200 3805; x_wconf 84' lang='lat' dir='ltr'>Domitia.</span> <span class='ocrx_word' id='word_1_425' title='bbox 2228 3753 2431 3804; x_wconf 79' lang='lat' dir='ltr'>Caussa</span> <span class='ocrx_word' id='word_1_426' title='bbox 2466 3757 2645 3824; x_wconf 90' lang='lat' dir='ltr'>potuit</span> <span class='ocrx_word' id='word_1_427' title='bbox 2680 3754 2790 3807; x_wconf 73' lang='lat' dir='ltr'>haec</span> 
     </span>
     <span class='ocr_line' id='line_1_42' title="bbox 691 3829 2791 3904; baseline 0.001 -22"><span class='ocrx_word' id='word_1_428' title='bbox 691 3847 834 3896; x_wconf 84' lang='lat' dir='ltr'>esse,</span> <span class='ocrx_word' id='word_1_429' title='bbox 862 3829 1008 3902; x_wconf 82' lang='lat' dir='ltr'>quod</span> <span class='ocrx_word' id='word_1_430' title='bbox 1033 3834 1350 3903; x_wconf 83' lang='lat' dir='ltr'>peperisset,</span> <span class='ocrx_word' id='word_1_431' title='bbox 1379 3835 1466 3884; x_wconf 86' lang='lat' dir='ltr'>cui</span> <span class='ocrx_word' id='word_1_432' title='bbox 1500 3831 1791 3903; x_wconf 78' lang='lat' dir='ltr'>aliquando</span> <span class='ocrx_word' id='word_1_433' title='bbox 1818 3833 2099 3904; x_wconf 82' lang='lat' dir='ltr'>imperium</span> <span class='ocrx_word' id='word_1_434' title='bbox 2130 3830 2429 3894; x_wconf 80' lang='lat' dir='ltr'>deberetur,</span> <span class='ocrx_word' id='word_1_435' title='bbox 2462 3831 2675 3903; x_wconf 75' lang='lat' dir='ltr'>qnando</span> <span class='ocrx_word' id='word_1_436' title='bbox 2698 3833 2791 3885; x_wconf 82' lang='lat' dir='ltr'>‘ri-</span> 
     </span>
     <span class='ocr_line' id='line_1_43' title="bbox 691 3910 2789 3982; baseline 0.001 -21"><span class='ocrx_word' id='word_1_437' title='bbox 691 3923 774 3962; x_wconf 91' lang='lat' dir='ltr'>tus</span> <span class='ocrx_word' id='word_1_438' title='bbox 801 3910 988 3962; x_wconf 78' lang='lat' dir='ltr'>caelebs</span> <span class='ocrx_word' id='word_1_439' title='bbox 1012 3925 1178 3977; x_wconf 84' lang='lat' dir='ltr'>esset,</span> <span class='ocrx_word' id='word_1_440' title='bbox 1215 3931 1315 3964; x_wconf 85' lang='lat' dir='ltr'>nec</span> <span class='ocrx_word' id='word_1_441' title='bbox 1344 3912 1607 3965; x_wconf 77' lang='lat' dir='ltr'>videretur</span> <span class='ocrx_word' id='word_1_442' title='bbox 1633 3931 1853 3965; x_wconf 85' lang='lat' dir='ltr'>uxorem</span> <span class='ocrx_word' id='word_1_443' title='bbox 1886 3912 2173 3979; x_wconf 80' lang='lat' dir='ltr'>ducturus,</span> <span class='ocrx_word' id='word_1_444' title='bbox 2210 3924 2456 3982; x_wconf 84' lang='lat' dir='ltr'>essetque</span> <span class='ocrx_word' id='word_1_445' title='bbox 2490 3911 2628 3963; x_wconf 81' lang='lat' dir='ltr'>adeo</span> <span class='ocrx_word' id='word_1_446' title='bbox 2658 3913 2789 3964; x_wconf 73' lang='lat' dir='ltr'>aulae</span> 
     </span>
     <span class='ocr_line' id='line_1_44' title="bbox 690 3987 2785 4064; baseline 0.003 -25"><span class='ocrx_word' id='word_1_447' title='bbox 690 3987 985 4063; x_wconf 85' lang='lat' dir='ltr'>domusque</span> <span class='ocrx_word' id='word_1_448' title='bbox 1010 3994 1254 4062; x_wconf 63' lang='lat' dir='ltr'>Augustae</span> <span class='ocrx_word' id='word_1_449' title='bbox 1283 3991 1581 4046; x_wconf 87' lang='lat' dir='ltr'>subsidium</span> <span class='ocrx_word' id='word_1_450' title='bbox 1602 4011 1784 4045; x_wconf 87' lang='lat' dir='ltr'>unum.</span> <span class='ocrx_word' id='word_1_451' title='bbox 1808 3993 2033 4046; x_wconf 83' lang='lat' dir='ltr'>Molesta</span> <span class='ocrx_word' id='word_1_452' title='bbox 2064 4011 2229 4064; x_wconf 80' lang='lat' dir='ltr'>porro</span> <span class='ocrx_word' id='word_1_453' title='bbox 2260 4003 2339 4043; x_wconf 88' lang='lat' dir='ltr'>est</span> <span class='ocrx_word' id='word_1_454' title='bbox 2366 3993 2675 4061; x_wconf 83' lang='lat' dir='ltr'>conjunctio</span> <span class='ocrx_word' id='word_1_455' title='bbox 2702 4006 2785 4058; x_wconf 80' lang='lat' dir='ltr'>ut,</span> 
     </span>
     <span class='ocr_line' id='line_1_45' title="bbox 693 4069 2787 4146; baseline 0.001 -24"><span class='ocrx_word' id='word_1_456' title='bbox 693 4087 807 4140; x_wconf 76' lang='lat' dir='ltr'>quae</span> <span class='ocrx_word' id='word_1_457' title='bbox 836 4073 890 4122; x_wconf 89' lang='lat' dir='ltr'>in</span> <span class='ocrx_word' id='word_1_458' title='bbox 914 4070 1016 4124; x_wconf 82' lang='lat' dir='ltr'>hac</span> <span class='ocrx_word' id='word_1_459' title='bbox 1045 4073 1216 4124; x_wconf 80' lang='lat' dir='ltr'>forma</span> <span class='ocrx_word' id='word_1_460' title='bbox 1250 4069 1505 4146; x_wconf 86' lang='lat' dir='ltr'>loquendi</span> <span class='ocrx_word' id='word_1_461' title='bbox 1536 4075 1729 4126; x_wconf 82' lang='lat' dir='ltr'>usitata</span> <span class='ocrx_word' id='word_1_462' title='bbox 1762 4091 1871 4125; x_wconf 89' lang='lat' dir='ltr'>non</span> <span class='ocrx_word' id='word_1_463' title='bbox 1902 4087 1995 4125; x_wconf 88' lang='lat' dir='ltr'>est.</span> <span class='ocrx_word' id='word_1_464' title='bbox 2022 4074 2221 4125; x_wconf 82' lang='lat' dir='ltr'>Verum</span> <span class='ocrx_word' id='word_1_465' title='bbox 2255 4090 2373 4123; x_wconf 82' lang='lat' dir='ltr'>eam</span> <span class='ocrx_word' id='word_1_466' title='bbox 2406 4083 2585 4122; x_wconf 77' lang='lat' dir='ltr'>natam</span> <span class='ocrx_word' id='word_1_467' title='bbox 2610 4071 2787 4124; x_wconf 82' lang='lat' dir='ltr'>dicere</span> 
     </span>
     <span class='ocr_line' id='line_1_46' title="bbox 691 4152 2781 4228; baseline 0.002 -27"><span class='ocrx_word' id='word_1_468' title='bbox 691 4167 973 4220; x_wconf 86' lang='lat' dir='ltr'>possumus</span> <span class='ocrx_word' id='word_1_469' title='bbox 993 4172 1022 4205; x_wconf 97' lang='lat' dir='ltr'>e</span> <span class='ocrx_word' id='word_1_470' title='bbox 1051 4152 1194 4206; x_wconf 79' lang='lat' dir='ltr'>finali</span> <span class='ocrx_word' id='word_1_471' title='bbox 1213 4152 1413 4227; x_wconf 70' lang='lat' dir='ltr'>syllaba</span> <span class='ocrx_word' id='word_1_472' title='bbox 1435 4154 1782 4228; x_wconf 78' lang='lat' dir='ltr'>praecedentis</span> <span class='ocrx_word' id='word_1_473' title='bbox 1806 4153 1981 4222; x_wconf 82' lang='lat' dir='ltr'>verbi,</span> <span class='ocrx_word' id='word_1_474' title='bbox 2002 4152 2421 4225; x_wconf 79' lang='lat' dir='ltr'>ejiciendamque</span> <span class='ocrx_word' id='word_1_475' title='bbox 2446 4169 2562 4205; x_wconf 87' lang='lat' dir='ltr'>esse</span> <span class='ocrx_word' id='word_1_476' title='bbox 2576 4191 2593 4218; x_wconf 87' lang='lat'>,</span> <span class='ocrx_word' id='word_1_477' title='bbox 2622 4167 2682 4205; x_wconf 86' lang='lat' dir='ltr'>ut</span> <span class='ocrx_word' id='word_1_478' title='bbox 2704 4157 2781 4205; x_wconf 72' lang='lat' dir='ltr'>vi·</span> 
     </span>
     <span class='ocr_line' id='line_1_47' title="bbox 692 4231 2781 4306; baseline 0.003 -26"><span class='ocrx_word' id='word_1_479' title='bbox 692 4247 806 4282; x_wconf 84' lang='lat' dir='ltr'>sum</span> <span class='ocrx_word' id='word_1_480' title='bbox 825 4232 1106 4286; x_wconf 73' lang='lat' dir='ltr'>Tot-tentio</span> <span class='ocrx_word' id='word_1_481' title='bbox 1118 4271 1134 4298; x_wconf 89' lang='lat'>,</span> <span class='ocrx_word' id='word_1_482' title='bbox 1153 4233 1421 4289; x_wconf 78' lang='lat' dir='ltr'>Gronovio</span> <span class='ocrx_word' id='word_1_483' title='bbox 1442 4250 1493 4288; x_wconf 89' lang='lat' dir='ltr'>et</span> <span class='ocrx_word' id='word_1_484' title='bbox 1509 4235 1915 4306; x_wconf 77' lang='lat' dir='ltr'>Oudendorpio.</span> <span class='ocrx_word' id='word_1_485' title='bbox 1937 4234 2199 4304; x_wconf 78' lang='lat' dir='ltr'>Adjuvare</span> <span class='ocrx_word' id='word_1_486' title='bbox 2218 4251 2381 4306; x_wconf 80' lang='lat' dir='ltr'>porro</span> <span class='ocrx_word' id='word_1_487' title='bbox 2396 4231 2537 4287; x_wconf 74' lang='lat' dir='ltr'>hene</span> <span class='ocrx_word' id='word_1_488' title='bbox 2552 4246 2781 4286; x_wconf 82' lang='lat' dir='ltr'>nostram</span> 
     </span>
    </p>
   </div>
  </div>
 </body>
</html>
