3050 5004
1067 506 1572 572 CLAUDIUS.

2241 536 2363 601 129

359 620 670 699 xx'vm.
723 630 1180 699 Libertorum'
1214 634 1555 725 praecipue
1582 638 1885 726 suspexit
1908 636 2189 704 Posiden
2218 661 2369 731 spa-

263 743 516 815 donem
529 761 554 791 2
572 798 590 828 ,
619 767 826 839 quem
848 746 1050 811 etiam
1073 746 1456 813 Britannico
1477 746 1823 838 triumpho
1846 749 2023 815 inter
2042 748 2367 818 militares

265 860 446 924 viros
474 856 673 923 hasta
696 879 868 947 pura
893 853 1202 923 donavit:
1231 880 1358 925 nec
1387 859 1613 924 minus
1636 856 1992 943 Felicem³‚
2024 885 2229 955 quem
2256 886 2371 931 co-

269 965 581 1035 hortibus
620 982 688 1032 et
723 964 852 1033 alis
889 968 1386 1061 provinciaeque
1421 970 1458 1033 J
1465 966 1677 1033 udaeae
1718 972 2121 1061 praeposuit,
2164 976 2369 1039 trium

271 1081 662 1171 reginarum
679 1080 998 1148 maritum
1019 1100 1036 1146 ἰ
1063 1095 1131 1145 et
1148 1078 1533 1173 Arpocran‘*
1548 1132 1565 1161 ,
1590 1083 1699 1147 cui
1720 1078 1955 1149 lectica
1979 1108 2103 1175 per
2120 1084 2375 1154 Urbem

269 1188 635 1270 vehendi—⁵,
665 1188 1182 1286 spectaculaque
1215 1189 1484 1283 publice
1520 1188 1801 1258 edendi⁶
1847 1189 1962 1284 jus
1998 1193 2269 1264 tribuit:
2302 1222 2381 1264 ac

341 1427 581 1479 xxvm.
629 1444 674 1479 ι.
715 1427 1058 1481 Libertorum.
1097 1428 1280 1481 Senec.

273 1506 528 1579 Apucol.⁸-
571 1528 593 1551 ι
622 1505 986 1559 convolarunt
1015 1540 1034 1575 ἰ,
1053 1508 1284 1578 primum

276 1588 516 1639 omnium
541 1584 748 1647 liberti,
769 1586 1046 1659 Polybius,
1068 1590 1252 1661 Myron
1268 1624 1284 1652 ,

275 1668 606 1739 Harpocran,
634 1666 924 1739 Amphaeus
947 1682 1000 1725 et
1024 1666 1287 1719 Pherona·

277 1762 388 1800 ctee
403 1785 420 1813 ,
447 1765 586 1821 quos
608 1766 792 1799 omnes
809 1786 826 1813 ,
850 1747 1046 1800 necubi
1067 1748 1288 1819 impara-

280 1841 364 1880 tas
393 1841 564 1895 esset,
591 1828 934 1900 praemiserat.
955 1850 978 1875 ιο
1007 1828 1086 1879 De
1117 1825 1199 1879 his
1223 1825 1288 1877 li—

275 1906 440 1961 bertis
449 1906 568 1961 vide
581 1907 810 1959 inaxime
821 1906 1030 1959 Fabi-ic.
1045 1905 1114 1959 ad
1127 1908 1286 1959 Dion.

279 1986 398 2053 Lx,
425 2002 474 2037 α.

355 2084 404 2117 2.
441 2064 672 2118 Posiden
724 2065 1022 2136 spadonem.
1077 2062 1291 2127 Posides

285 2144 442 2217 spado
481 2157 806 2197 memoratur
845 2146 1006 2196 etiam
1045 2142 1289 2197 Juvenal.

284 2225 420 2291 XIV,
457 2241 549 2295 91,
586 2238 642 2276 et
685 2221 818 2274 plin.
853 2224 1058 2287 XXXI,
1099 2240 1162 2289 2,
1201 2223 1291 2295 qui

286 2304 522 2357 balineas
553 2306 606 2355 in
639 2304 837 2355 Baiano
868 2302 1172 2356 Posidianm
1201 2320 1294 2351 vo-

285 2398 431 2437 catas
446 2384 602 2450 dicit,
621 2385 836 2435 nomine
857 2397 1081 2453 accepto
1094 2402 1122 2433 a
1140 2380 1295 2435 Clau-

289 2463 360 2517 dii
378 2465 598 2518 Coesaris
621 2462 832 2516 liberto.
851 2492 918 2501 —
932 2462 1012 2514 De
1033 2460 1180 2514 hasta
1192 2480 1294 2534 pn-

289 2565 372 2612 ra,
397 2545 450 2598 h.
478 2565 525 2598 e.
557 2545 696 2597 Ferro
725 2563 836 2596 non
859 2555 1061 2594 armata
1079 2581 1096 2608 ,
1127 2539 1296 2596 ἑσιδῆ·

289 2646 349 2692 ρῳ
364 2663 382 2687 ,
409 2643 504 2678 seu
521 2623 795 2690 donatica,
822 2621 941 2674 vide
959 2622 1144 2674 Rosin.
1169 2625 1292 2676 Ant.

286 2703 443 2758 Rom.
474 2723 599 2775 pag.
631 2705 736 2774 750
764 2716 816 2755 et
845 2702 968 2770 761,
996 2711 1047 2752 et
1073 2703 1294 2773 interpr.

289 2783 358 2837 ad
386 2783 567 2852 Vin-gil.
603 2779 802 2834 AEneid.
824 2785 926 2846 vl,
958 2781 1076 2850 760.

361 2865 412 2916 3.
449 2863 564 2914 Nec
585 2862 760 2912 minus
782 2857 1004 2910 Felicem
1019 2897 1036 2926 ‚
1063 2870 1163 2910 etc.
1187 2860 1298 2909 Ta:

291 2945 380 2996 cit.
409 2945 543 2996 nist.
573 2944 642 3007 V,
669 2959 734 3012 9²
765 2963 788 2990 ιι
806 2938 1086 3004 Claudius,
1114 2937 1300 2990 defun-

291 3027 392 3076 ctis
417 3021 666 3094 regibntx,
692 3033 786 3073 ant
818 3018 887 3072 ad
913 3018 1182 3073 modicum
1213 3038 1299 3070 re-

293 3103 460 3156 dactis
478 3139 497 3167 ‚
519 3100 756 3154 Judaeum
782 3100 1110 3170 provinciam
1133 3099 1298 3169 Equi-

291 3183 434 3236 tibus
463 3181 718 3236 Romanis
747 3191 838 3232 aut
863 3177 1065 3230 libertis
1099 3179 1298 3248 permi-

293 3264 376 3316 sit.
399 3261 446 3313 E
477 3259 678 3333 quibus
706 3257 973 3310 Antonius
1005 3257 1177 3322 Felix,
1207 3275 1302 3327 per

296 3361 510 3396 omnem
534 3341 782 3394 saevitiam
805 3357 868 3390 ac
889 3335 1189 3401 libidinem,
1211 3337 1302 3405 jus

295 3424 500 3495 regium
547 3419 722 3474 servili
771 3418 984 3489 ingenio
1031 3417 1266 3468 exercuit
1285 3455 1302 3482 ‚

297 3501 527 3556 Drusilla
545 3540 562 3567 ,
587 3501 880 3572 Cleopatrae
902 3511 955 3550 et
978 3498 1196 3549 Antonii
1215 3515 1306 3548 ne-

297 3597 415 3657 pte,
449 3585 508 3636 in
539 3581 937 3634 matrimonium
969 3591 1217 3648 accepta3
1245 3588 1307 3628 ut

299 3664 536 3734 ejusdem
575 3661 792 3714 Antonii
833 3659 979 3712 Felix
1021 3674 1304 3730 progener,

300 3744 554 3798 Claudius
587 3759 760 3812 nepos
789 3751 944 3792 esset.
965 3761 987 3785 a·
1021 3739 1144 3790 Haec
1166 3739 1307 3788 Dru-

301 3823 441 3890 silla,
469 3839 628 3878 soror
654 3818 951 3885 Ptolemaei,
987 3816 1053 3870 de
1090 3835 1196 3888 quo
1227 3816 1310 3868 di-

305 3919 445 3960 etum
481 3904 552 3958 ad
589 3901 754 3971 Calig.
791 3900 886 3965 26,
915 3900 1086 3970 prima
1119 3897 1310 3950 Felicis

305 3986 404 4036 fuit
425 4001 564 4036 uxor
583 3981 762 4053 stirpis
784 3979 965 4049 regiae;
989 3976 1156 4028 altera
1175 3977 1312 4028 Dru-

307 4061 448 4129 silla,
477 4062 616 4130 regia
638 4059 884 4135 Agrippae
913 4075 1082 4120 soror,
1107 4053 1176 4108 de
1206 4073 1310 4126 qua

305 4141 422 4194 vide
451 4141 568 4192 Act.
597 4137 787 4209 Apost.
811 4135 1001 4202 XXIV,
1029 4133 1128 4200 24,
1151 4146 1204 4186 et
1224 4135 1316 4185 Jo-

309 4219 454 4292 seph.
480 4221 604 4272 Ant.
629 4217 766 4287 XX,
787 4215 820 4270 5
840 4253 856 4284 ,
883 4217 978 4288 qui
1007 4214 1176 4285 priori
1205 4232 1316 4264 ma-

492 4311 588 4374 II.

1373 1432 1475 1481 rito
1497 1431 1683 1497 Azizo,
1714 1430 2092 1485 Emesenorum
2122 1436 2265 1505 regi,
2292 1436 2383 1487 ab·

1372 1507 1587 1560 ductam
1610 1524 1789 1561 narrat
1812 1530 1907 1583 per
1928 1510 2167 1563 Judaeum
2198 1532 2383 1584 quem-

1376 1587 1499 1641 dam
1522 1590 1799 1663 Cyprinm,
1826 1605 1880 1643 et
1903 1590 2129 1645 edidisse
2156 1612 2185 1644 e
2208 1591 2383 1647 Felice

1375 1666 1541 1721 fllium
1558 1708 1575 1734 ,
1599 1671 1885 1741 Agrippam
1905 1674 2233 1723 nominatum
2248 1711 2263 1736 ,
2292 1676 2381 1744 qui

1376 1750 1589 1799 Vesuvii
1600 1748 1849 1800 incendio
1859 1786 1877 1815 ,
1893 1749 2219 1820 Imperatore
2233 1751 2355 1802 Tito
2372 1791 2389 1818 ‚

1376 1828 1608 1898 perierit.
1646 1828 1825 1879 Tertia
1868 1845 2001 1879 uxor
2044 1828 2227 1897 ignota
2270 1843 2349 1881 est
2369 1870 2385 1895 .‚

1377 1908 1522 1973 unde
1568 1909 1703 1960 varii
1751 1910 1981 1979 vanique
2005 1945 2024 1973 ,
2074 1908 2387 1962 Suetonium

1378 1986 1705 2057 corrigendi,
1725 1988 1957 2039 virorum
1976 1985 2259 2039 doctorum
2280 1990 2389 2041 fue·

1379 2086 1434 2119 re
1453 2081 1697 2119 conatus.
1718 2066 1873 2117 Plura
1898 2064 1965 2119 de
1986 2064 2157 2121 Felsoe
2176 2082 2389 2135 nostro,

1381 2144 1631 2199 Pallantis
1664 2144 1839 2197 liberti
1866 2148 2065 2213 fratre,
2093 2146 2217 2199 vide
2244 2148 2389 2219 apud

1381 2226 1522 2294 Lips.
1554 2224 1620 2276 ad
1648 2226 1818 2275 Tacit.
1843 2225 2035 2277 Annal.
2062 2224 2189 2292 XII,
2214 2226 2311 2294 54,
2337 2242 2391 2279 et

1382 2301 1679 2373 Glandorp.
1710 2304 1987 2355 Onomast.
2015 2320 2139 2373 pag.
2168 2320 2236 2372 9²
2275 2322 2387 2375 seq.

1455 2382 1504 2447 4.
1527 2383 1599 2433 Et
1616 2382 1883 2453 Arpocran
1896 2401 1916 2441 ,-
1942 2379 1995 2430 h.
2018 2399 2065 2433 e.
2092 2384 2393 2451 Harpocra-

1384 2475 1520 2527 tem,
1558 2462 1649 2534 qui
1683 2474 2129 2513 commemoratur
2164 2462 2302 2513 inter
2328 2462 2390 2512 li-

1381 2533 1563 2596 bertos
1582 2541 1791 2596 Claudii
1808 2561 1839 2594 a
1859 2543 2057 2594 Seneca
2070 2579 2088 2608 ‚
2108 2542 2142 2593 l.
2166 2562 2213 2594 c.
2234 2546 2391 2596 Hunc

1385 2621 1629 2674 eumdem
1656 2619 1944 2673 Beroaldus
1966 2633 2121 2690 putat
2138 2661 2154 2686 .,
2180 2624 2271 2692 qui
2298 2620 2391 2674 ali—

1383 2700 1440 2751 bi
1456 2698 1699 2752 callistus
1710 2701 2033 2763 nominetur,
2051 2701 2193 2771 quod
2210 2719 2389 2752 verum

1386 2777 1599 2838 credere
1645 2795 1873 2850 nequeo.
1924 2778 2117 2830 Omisit
2160 2777 2391 2832 hominis

1385 2859 1713 2909 mentionem
1756 2869 1973 2922 auctor,
2012 2855 2079 2908 de
2123 2875 2231 2926 quo
2266 2857 2391 2909 vide

1383 2937 1557 2990 Tacit.
1583 2932 1775 2987 Annal.
1805 2935 1910 3000 XI,
1938 2952 2036 3004 29,
2061 2949 2111 2987 et
2136 2937 2263 3000 Xll,
2298 2952 2340 2986 ι.
2392 2919 2401 2942 '

1458 3015 1509 3067 5.
1544 3016 1643 3066 cm·
1665 3014 1847 3067 lectica
1870 3034 1965 3086 per
1994 3015 2176 3066 Urbem
2204 3016 2397 3068 vehen-

1387 3095 1467 3161 di,
1487 3107 1592 3148 etc.
1613 3094 1945 3148 Prohibitum
1964 3095 2231 3167 plerisque
2252 3096 2401 3148 lecti-

1389 3193 1573 3226 carum
1593 3192 1777 3241 usum,
1796 3173 2017 3245 legimus
2038 3175 2165 3227 (ἕως.
2188 3175 2276 3248 43.
2304 3177 2357 3229 V
2353 3197 2398 3226 e-

1392 3253 1552 3306 hendi
1574 3255 1779 3323 passive
1798 3252 2029 3320 dictum,
2049 3266 2110 3305 ut
2128 3265 2399 3324 proeterve·

1393 3333 1518 3388 bens
1538 3335 1727 3405 smpius
1752 3333 1895 3404 apud
1918 3335 2189 3384 Nostrum.

1462 3413 1513 3467 6.
1544 3413 1951 3484 Spectaculaque
1970 3411 2177 3483 publice
2194 3414 2399 3466 edendi.

1391 3490 1766 3564 Spectaculum
1784 3489 2137 3562 gladiatorum
2154 3529 2171 3558 ,
2198 3490 2267 3544 ab
2288 3493 2399 3544 Ati-

1391 3575 1498 3639 lio,
1528 3572 1759 3626 libertini
1793 3571 2001 3640 generis
2037 3568 2281 3636 bomine,
2312 3573 2403 3624 Fi-

1396 3653 1546 3706 denis
1572 3651 1771 3704 editum
1793 3649 2007 3702 Tiberio
2036 3650 2266 3716 Caesare,
2296 3669 2404 3704 me-

1398 3744 1571 3784 morat
1586 3731 1755 3783 Tacit.
1778 3727 1970 3780 Annal.
1992 3729 2081 3795 IV,
2108 3727 2175 3780 62
2191 3765 2209 3792 ,
2234 3727 2404 3781 addit-

1399 3829 1502 3884 que
1536 3829 1585 3862 c.
1614 3807 1718 3874 63,
1753 3831 1776 3854 α
1794 3821 2013 3860 cautum
2044 3807 2100 3858 in
2128 3819 2405 3878 posterum

1398 3889 1873 3945 senatusconsulto
1886 3927 1903 3954 ,
1922 3907 1991 3940 ne
2011 3890 2130 3959 quis
2148 3887 2409 3960 gladiato-

1399 3975 1537 4024 rium
1556 3988 1747 4023 munus
1762 3969 1967 4032 ederet,
1988 3971 2075 4020 cui
2096 3971 2273 4021 minor
2290 3988 2411 4040 qua-

1403 4051 1805 4122 dringentorum
1848 4047 2069 4100 millium
2114 4065 2215 4100 res.
2239 4072 2261 4096 n
2309 4048 2411 4102 Sed

1402 4131 1492 4183 hic
1516 4131 1701 4196 locus,
1730 4143 1863 4201 puto
1880 4166 1898 4193 ,
1926 4147 2049 4179 cum
2084 4140 2268 4180 nostro
2300 4147 2407 4180 non

1407 4225 1486 4264 est
1525 4208 1903 4263 conferendus.
1942 4207 2021 4260 lbi
2061 4209 2217 4266 enim,
2241 4227 2413 4260 sermo

2094 4325 2133 4387 9
