3050 5004
652 428 802 508 344
1420 430 1493 495 c,
1549 430 2026 499 sueromn

662 570 812 622 acto
830 551 915 622 de
932 558 972 621 J
976 553 1189 621 udaeis
1208 553 1558 647 triumpho
1571 562 1594 591 ²
1610 607 1628 638 ‚
1645 554 2038 625 consulatus
2057 573 2207 624 octo
2226 560 2434 625 veteri
2451 554 2764 627 ³addidit.

662 666 966 757 Suscepit
986 680 1053 731 et
1075 664 1475 733 censuram4
1498 692 1512 733 :
1535 688 1617 732 ac
1637 690 1762 758 per
1783 681 2002 733 totum
2025 668 2290 759 imperii
2311 684 2578 760 tempus
2601 667 2770 747 nihil

662 773 899 842 habuit
944 776 1287 868 antiquius
1311 827 1329 857 ‚
1383 799 1590 869 quam
1646 799 1861 868 prope
1915 775 2234 845 afflictam
2283 793 2770 873 nutantemque

664 883 1172 976 Rempublicam
1208 884 1503 952 stabilire
1533 888 1786 979 primo,
1812 884 2058 954 deinde
2091 904 2157 954 et
2193 912 2455 956 ornare.
2487 888 2769 971 Milites,

661 1017 818 1086 pars
844 996 1137 1063 victoriae
1160 994 1409 1062 fiducia
1423 1046 1441 1078 ,
1464 1018 1626 1088 pars
1649 997 2036 1087 ignominiae
2059 995 2330 1065 dolore-‘³
2345 1048 2366 1079 ‚
2387 994 2475 1064 ad
2498 1021 2770 1067 omnem

663 1105 1001 1173 licentiam
1040 1105 1528 1203 audaciamque
1570 1126 2059 1202 processerant.
2101 1110 2229 1179 Sed
2267 1125 2336 1178 et
2374 1113 2770 1204 provinciae,

662 1219 1097 1313 civitatesque
1122 1216 1353 1286 liberae
1370 1270 1387 1299 ,
1418 1242 1548 1287 nec
1573 1243 1714 1287 non
1741 1236 1810 1287 et
1830 1244 2040 1312 regna
2063 1219 2376 1315 quaedam
2401 1219 2774 1287 tumultuo-

662 1330 803 1396 sius
830 1331 1008 1399 inter
1032 1352 1104 1397 se
1130 1329 1441 1421 agebant.
1472 1333 1702 1415 Quare
1728 1330 2243 1399 Vitellianorum
2271 1330 2548 1427 quidem
2570 1349 2638 1398 et
2657 1355 2774 1398 ex-

662 1442 1033 1509 auctoravit
1048 1438 1377 1535 plurimos
1392 1492 1411 1525 ,
1433 1458 1501 1508 et
1519 1445 1816 1509 coercuit
1835 1469 1848 1507 :
1870 1442 2307 1536 participibus
2325 1457 2554 1509 autem
2565 1444 2773 1509 victo·

663 1554 781 1617 riae
816 1550 987 1619 adeo
1026 1550 1193 1618 nihil
1233 1568 1423 1619 extra
1455 1550 1760 1621 ordinem
1795 1551 2108 1637 indulsit,
2138 1569 2218 1620 ut
2244 1554 2444 1620 etiam
2477 1550 2774 1643 legitima

663 1664 945 1754 praemia
982 1686 1122 1729 non
1150 1664 1279 1730 nisi
1308 1659 1497 1731 sero⁶
1527 1662 1949 1757 persolverit.
1985 1670 2110 1745 Ac,
2139 1688 2226 1731 ne
2252 1655 2456 1758 quam
2484 1666 2775 1731 occasio-

664 1796 821 1841 nem
851 1773 1231 1867 corrigendi
1258 1772 1686 1869 disciplinam
1715 1778 2290 1868 praetermitteret,
2317 1774 2777 1844 adolescentu-

664 1883 807 1952 lum
832 1937 851 1966 ,
904 1886 1317 1976 fragrantem
1367 1902 1716 1977 unguento
1741 1938 1758 1969 ,
1807 1909 2024 1980 quum
2075 1885 2200 1954 sibi
2247 1911 2375 1979 pro
2424 1890 2778 1979 impetrata

664 1994 1067 2086 praefectura
1104 1997 1351 2086 gratias
1386 2013 1649 2088 ageret,
1693 2012 1862 2063 nutu
1903 2012 2303 2090 aspernatus
2319 2048 2336 2078 ‚
2374 2020 2538 2064 voce
2575 1999 2776 2064 etiam

666 2109 1059 2197 gravissima
1095 2109 1466 2200 increpuit,
1514 2138 1542 2167 e«
1567 2106 1963 2177 Maluissem
1984 2159 2002 2191 ‚
2040 2107 2275 2177 allium
2312 2107 2768 2193 aboluisses;»

666 2216 1031 2313 literasque
1057 2222 1415 2287 revocavit.
1441 2218 1867 2287 Classiarios⁷
1895 2244 2055 2287 vero
2071 2271 2088 2302 ,
2114 2223 2230 2313 qui
2251 2220 2336 2288 ab
2359 2222 2546 2287 Ostia
2567 2236 2636 2287 et
2659 2225 2784 2288 Pu-

668 2325 863 2396 teolis
910 2334 1195 2397 Romam
1242 2327 1533 2423 pedibus
1577 2356 1703 2424 per
1745 2334 1925 2399 vices
1971 2348 2392 2413 commeant,
2440 2346 2743 2423 petentes
2760 2385 2778 2414 ,

742 2562 791 2598 a.
808 2546 940 2600 Aeto
954 2546 1020 2599 de
1032 2548 1074 2598 J
1072 2548 1229 2603 udoeis
1244 2549 1530 2622 triumpho.
1543 2547 1678 2602 Vide

1769 2551 1903 2601 tinet
1943 2546 2012 2601 ad
2060 2547 2298 2602 devictos
2339 2547 2652 2602 Vitellianos
2667 2587 2686 2617 ,
2721 2559 2780 2600 ut

666 2622 887 2696 Joseph.
908 2626 1032 2692 vn,
1057 2626 1088 2678 5
1102 2663 1120 2690 ,
1142 2626 1178 2693 4
1203 2646 1313 2699 seq.
1338 2627 1483 2681 unde
1503 2641 1680 2700 patet,

1769 2629 1995 2682 victorie
2013 2626 2220 2701 fiducia
2252 2627 2324 2680 ad
2361 2628 2552 2680 milites
2583 2630 2782 2700 Vespa-

670 2718 792 2771 post
828 2701 1043 2755 demum
1074 2704 1335 2773 reditum,
1370 2725 1493 2760 ann.
1536 2707 1640 2774 824
1661 2743 1678 2772 ‚

670 2794 847 2832 actum
894 2799 1010 2834 esse
1032 2805 1053 2846 ,·
1089 2785 1139 2835 is
1181 2786 1323 2836 enim
1364 2802 1487 2837 cum
1527 2799 1680 2856 patre

672 2858 1046 2931 triumphavit3
1066 2863 1136 2918 cf.
1155 2865 1261 2914 Tit.
1287 2864 1321 2917 6
1336 2900 1353 2929 ‚
1376 2878 1429 2916 et
1448 2866 1678 2916 Reimnr.

671 2941 739 2992 ad
768 2941 965 3012 Xiphil.
994 2945 1187 3009 vat,
1215 2961 1265 3015 7.

741 3021 793 3073 3.
834 3022 1141 3076 Consulatus
1154 3035 1269 3076 octo
1284 3025 1442 3078 veteri
1452 3025 1657 3079 addidit
1665 3049 1685 3090 ‚-

674 3103 854 3167 veteri,
890 3101 957 3154 de
992 3119 1101 3172 quo
1136 3101 1333 3156 dictum
1368 3103 1435 3155 ad
1469 3122 1587 3174 cap.
1627 3105 1680 3172 4.

672 3180 1223 3246 Secundum,tertium
1237 3194 1289 3234 et
1302 3197 1550 3254 quartum
1565 3202 1688 3236 con-

674 3264 895 3316 tinuavit
930 3264 1083 3315 annis
1122 3265 1257 3328 823,
1291 3261 1423 3332 824,
1460 3278 1514 3316 et
1547 3265 1684 3330 8253

673 3355 795 3412 post
825 3341 985 3393 unius
1014 3343 1139 3392 anni
1164 3341 1504 3394 intervallum
1529 3345 1688 3414 qui-n-

674 3432 805 3482 tum,
818 3433 1046 3484 sextum,
1056 3423 1337 3490 septimum
1351 3434 1403 3472 et
1415 3415 1684 3488 octa'vum,

676 3500 827 3551 annis
857 3499 958 3568 827
984 3518 1155 3570 usque
1180 3499 1249 3551 ad
1270 3500 1373 3553 830
1389 3539 1406 3568 ,
1432 3514 1485 3552 et
1505 3500 1685 3554 denuo

675 3578 955 3648 interjecto
985 3597 1160 3641 anno;
1188 3599 1393 3634 nonum
1422 3599 1549 3634 ann.
1585 3581 1686 3634 832

674 3660 851 3728 gessit.

747 3737 800 3805 4.
829 3739 1063 3810 Suscepit
1072 3752 1123 3793 et
1136 3759 1405 3794 censuram
1420 3762 1434 3803 ς
1450 3741 1689 3794 secundo

678 3816 983 3883 consulatu,
998 3817 1200 3889 collega
1210 3820 1353 3871 Tito.
1370 3817 1507 3872 Vide
1520 3822 1621 3871 Tit.
1637 3819 1688 3870 6.

676 3899 923 3949 Lustrum
934 3897 1173 3950 condidit
1184 3901 1372 3969 quinto
1384 3900 1689 3969 consulatu.

679 3975 762 4028 Cf.
796 3975 1070 4028 Censor-in.
1104 3995 1225 4048 cap.
1267 3979 1358 4040 183
1392 3977 1523 4030 Plin.
1557 3979 1689 4030 Hist.

680 4055 803 4107 Nat.
838 4055 961 4119 vn,
981 4055 1051 4125 49
1075 4055 1229 4128 (50).

756 4133 805 4185 5.
844 4135 974 4186 Pars
1008 4135 1313 4206 ignominiae
1344 4134 1534 4190 dolore.
1571 4139 1694 4188 Per·

1769 2710 1933 2775 sisui,
1965 2722 2027 2760 ut
2058 2722 2202 2760 recte
2241 2710 2450 2760 monuit
2479 2709 2779 2772 Ernestius,

1768 2787 1933 2858 idque
1961 2799 2108 2857 patet
2134 2788 2292 2838 etiam
2317 2805 2380 2838 ex
2407 2785 2782 2858 sequentibus,

1771 2867 1865 2919 ubi
1893 2868 2111 2938 exponit
2136 2880 2343 2932 auctor,
2373 2865 2504 2938 quid
2528 2866 2594 2918 de
2619 2865 2782 2919 Vitel-

1772 2947 1951 3013 liani3‚
1975 2960 2028 2998 et
2050 2945 2118 2998 de
2137 2949 2248 2998 suis
2269 2946 2520 2999 militibus
2543 2949 2782 2998 statuerit

1773 3027 2148 3098 Vespasianus.
2171 3025 2382 3077 Transit
2405 3024 2602 3077 deiude
2621 3024 2692 3076 ad
2715 3027 2782 3076 ci·

1773 3108 1957 3158 vitates
1985 3105 2242 3158 hactenus
2263 3104 2484 3169 liberas,
2514 3118 2568 3156 et
2593 3123 2780 3176 regna,

1775 3205 1892 3256 quo
1912 3185 2296 3238 tumultuosius
2311 3184 2559 3257 agebant.
2573 3187 2703 3238 Mox
2717 3182 2783 3238 de

1777 3280 1964 3318 ornata
1990 3265 2138 3318 Urbe
2167 3266 2292 3336 agit.

1847 3347 1898 3399 6.
1941 3346 2065 3398 Non
2085 3346 2184 3400 nisi
2201 3364 2327 3400 sero.
2348 3346 2618 3398 omittunt
2637 3343 2786 3397 multi

1775 3443 1886 3480 non
1923 3427 2046 3490 nisi,
2083 3426 2352 3510 probante
2387 3424 2785 3498 Oudendorpio.

1851 3516 1900 3569 7.
1935 3497 2257 3560 Classem-1053
2283 3495 2388 3550 hoc
2407 3511 2515 3563 est,
2539 3495 2788 3550 cohortes

1777 3580 2034 3648 remigum
2055 3615 2072 3644 ,
2113 3597 2227 3649 quae
2262 3575 2493 3630 Puteolis
2531 3589 2584 3629 et
2627 3578 2788 3630 Ostiae

1780 3657 1849 3708 ad
1905 3655 2166 3710 arcendos
2215 3656 2582 3709 incendiorum
2633 3673 2788 3708 casus

1780 3749 1933 3790 erant
1967 3735 2238 3788 collocatae
2271 3735 2420 3804 (vide
2447 3733 2636 3788 Claud.
2667 3753 2786 3805 eap-

1784 3817 1910 3889 25),
1936 3829 1988 3869 et
2015 3813 2262 3868 eumdem
2287 3814 2356 3866 ad
2383 3832 2538 3866 usum
2564 3815 2789 3865 Romam

1782 3917 1879 3970 per
1914 3898 2054 3948 vices
2081 3893 2468 3946 commeabant.
2507 3895 2636 3946 Non
2665 3910 2790 3944 con·

1781 3974 2088 4028 fundendos
2125 3973 2245 4026 illos
2277 3975 2518 4026 existimo
2557 3991 2680 4026 cum
2717 3971 2788 4024 Ie-

1779 4057 1939 4128 gione
1969 4054 2210 4119 classica,
2240 4052 2309 4106 de
2337 4071 2446 4125 qua
2476 4051 2678 4106 dictum
2705 4069 2788 4104 su·

1787 4155 1912 4207 pra,
1935 4133 2089 4188 Galb.
2111 4151 2228 4206 cap.
2259 4151 2338 4186 ια.
