3050 5004
978 468 1625 536 DOMITIANUS.

2222 474 2352 565 397

256 613 439 664 cesta
460 572 833 665 Vestalium
854 612 907 644 ¹²
930 597 1268 687 virginum
1287 647 1305 678 ‚
1329 619 1371 662 a
1392 609 1586 687 patre
1612 619 1886 692 quoque
1911 620 2036 664 suo
2059 613 2130 665 et
2149 600 2358 698 fratre

256 706 595 800 neglecta,
610 709 793 777 varie
812 729 891 773 ac
916 729 1149 773 severe
1172 707 1505 774 coercuit:
1536 709 1794 798 priora,
1813 707 2080 800 capitali
2096 708 2355 803 suppli·

254 820 395 899 cio;
430 819 805 910 posteriora
828 813 876 855 ¹³

884 869 901 900 ,
935 840 1125 884 more
1161 819 1393 884 veteri.
1435 809 1609 883 Nam
1645 841 1858 911 quum
1893 818 2208 887 Ocellatis
2247 846 2354 889 so-

254 927 546 1011 roribus,
572 930 732 995 item
744 927 1164 1009 Varronillae,
1186 926 1477 997 liberum
1495 931 1734 996 mortis
1746 933 2166 1021 permisisset
2187 931 2359 1000 arbi-

254 1039 487 1120 trium,
508 1053 1075 1134 corruptoresque
1090 1062 1323 1105 earum
1339 1036 1705 1129 relegasset
1722 1065 1736 1104 :
1757 1064 1918 1108 mox
1936 1041 2316 1110 Corneliam
2333 1097 2350 1126 ‚

253 1154 618 1221 maximam
664 1152 1011 1241 Virginem
1034 1148 1086 1199 ¹4
1110 1202 1127 1232 ,
1174 1147 1557 1216 absolutam
1609 1148 1771 1216 olim
1787 1202 1805 1232 ,
1855 1149 2099 1221 dehinc
2139 1154 2356 1248 ,longo

254 1259 609 1330 intervallo
633 1265 987 1354 repetitam
1004 1313 1023 1344 ,
1051 1278 1256 1356 atque
1280 1264 1658 1331 convictam
1673 1313 1690 1345 ,
1717 1260 1942 1330 defodi
1966 1268 2354 1357 imperavit3

252 1494 415 1548 poena
437 1476 521 1530 vel
542 1476 725 1529 ‹lecem
750 1476 999 1547 millium,
1018 1477 1099 1531 vel
1120 1497 1259 1530 mor-

251 1558 317 1607 tis
332 1554 628 1607 secundum
644 1554 777 1608 alios
788 1594 805 1622 ,
826 1553 1118 1628 stupratori
1134 1559 1263 1609 irro-

252 1647 397 1704 gata.
418 1633 551 1686 Vide
570 1633 783 1687 Christii
803 1633 937 1688 nist.
966 1636 1092 1706 Leg.
1120 1635 1256 1687 Scat.

254 1709 372 1762 Hal.
410 1726 567 1781 17273
598 1712 803 1763 Ernest.
830 1711 974 1764 Clav.
1005 1713 1115 1764 Cic.
1134 1710 1257 1764 ¹Iud.

251 1789 384 1861 leg-3
402 1801 455 1842 et
471 1808 605 1861 quos
621 1789 753 1842 alios
768 1789 1001 1844 laudavit
1014 1791 1259 1859 Baebius,

251 1866 359 1920 loc.
385 1869 473 1920 cit.

330 1963 413 1998 12.
451 1947 653 1999 Incesta
691 1946 975 2000 Vestalium
990 1985 1008 2012 ,
1045 1960 1145 1999 etc.
1176 1946 1257 1999 Cf.

249 2026 455 2100 xiphss.
484 2017 761 2093 va11,'3
776 2065 795 2094 ‚
822 2027 916 2079 ubi
940 2027 1169 2080 Reimar.

329 2107 412 2158 ¹3.
452 2108 677 2159 Priora..
695 2144 706 2157 .
724 2093 763 2158 .⁰.
805 2107 1117 2177 posteriora,
1156 2119 1256 2158 etc.

250 2187 441 2240 Priora
460 2188 747 2239 Burmann.
770 2184 1015 2254 intelligit
1035 2203 1066 2236 a
1078 2198 1259 2256 patre,

246 2266 534 2337 posteriora
559 2283 588 2317 a
612 2266 774 2317 fratre
800 2264 1063 2334 neglectu
1090 2265 1261 2316 Eruc-

251 2347 384 2398 stius
390 2345 569 2418 priora
584 2345 1076 2415 anteprincipatum
1087 2361 1261 2410 suum,

246 2425 533 2496 posteriora
550 2436 675 2495 post
694 2421 925 2475 edictum
945 2440 1101 2474 suum
1121 2441 1261 2474 com-

248 2507 443 2571 missa,
473 2524 590 2578 quae
616 2504 843 2557 Marcilii
866 2505 1025 2557 etiam
1048 2515 1261 2557 senten·

250 2586 321 2637 tia
350 2586 467 2637 fait.
500 2582 635 2637 Mihi
668 2602 731 2636 ex
762 2582 1107 2655 sequentihus
1135 2583 1259 2635 satis

248 2680 437 2738 patere
455 2664 682 2733 videtur,
704 2666 885 2737 priora
906 2678 958 2717 et
978 2663 1261 2735 posteriora

250 2744 319 2797 ad
349 2745 639 2797 Domitiani
670 2746 1029 2816 principatum
1060 2745 1261 2815 pariter

248 2820 533 2875 referenda
563 2840 709 2887 esse,
743 2821 814 2873 ita
850 2834 909 2873 ut
940 2822 1087 2892 prius
1117 2820 1259 2892 capi·

250 2900 359 2952 tale
404 2899 559 2952 modo
602 2898 924 2971 supplicium
968 2910 1223 2950 statueret
1239 2935 1257 2964 ,

253 3000 277 3025 ι
296 2976 553 3032 ocellatis
573 2976 847 3029 sororibus
870 2989 924 3027 et
948 2974 1258 3027 Varronillae

247 3055 414 3109 libero
436 3057 619 3107 mortis
639 3054 855 3108 arbitrio
875 3056 1131 3126 permisso
1144 3092 1160 3121 ,
1180 3072 1259 3107 re-

248 3133 436 3208 legatis
492 3135 897 3209 corruptoribus
917 3156 933 3197 3
958 3158 981 3183 a
1036 3146 1215 3207 postea
1238 3173 1257 3200 ‚

154 3233 164 3242 ·
248 3232 417 3287 quum
444 3233 635 3286 parum
656 3215 949 3285 profecisse
979 3231 1036 3265 se
1061 3232 1126 3291 ca
1148 3213 1258 3267 cle-

246 3298 447 3348 mentia
467 3294 707 3361 vidisset,
727 3312 871 3347 more
889 3296 1047 3347 veteri
1062 3295 1117 3345 in
1133 3311 1258 3346 cou-

243 3376 412 3427 victas
436 3374 901 3440 animadverteret,
928 3371 983 3423 h.
1020 3392 1065 3425 e.
1102 3394 1125 3418 ιι
1145 3374 1255 3425 vir-

243 3447 422 3523 ginem
437 3450 618 3504 defodi
630 3490 647 3519 ,
666 3464 994 3523 stupratores
1013 3451 1167 3521 virgis
1188 3449 1256 3503 ad

245 3550 437 3584 necem
466 3530 593 3583 caedi
612 3529 842 3601 juberet.
864 3552 887 3577 ιι
926 3530 1113 3581 Denuo
1139 3548 1255 3581 mo-

244 3610 489 3665 nendum
506 3610 739 3672 demore
759 3610 1029 3676 Suetonii,
1054 3610 1258 3662 univer·

247 3710 305 3745 se
324 3690 676 3764 praemittendi
689 3729 706 3758 ,
731 3707 845 3761 quae
864 3708 987 3741 mox
1006 3689 1258 3762 exemplis

246 3770 596 3824 illustrantur.

324 3850 406 3917 14.
446 3851 579 3902 Mox
608 3846 901 3901 Comeliam
912 3886 930 3913 ,
968 3847 1255 3911 maximam

252 3927 525 4003 Virginem
536 3967 557 3995 ‚
574 3940 675 3980 etc.
690 3926 746 3979 h.
762 3946 809 3980 e.
828 3927 1219 3981 vetustissimam
1234 3963 1253 3991 ‚

246 4022 309 4059 ut
330 4008 499 4059 Tacit.
527 4005 720 4057 Annal.
746 4008 847 4073 xl,
876 4006 941 4059 32
976 4004 1148 4075 (conf.
1186 4004 1255 4060 ad

246 4077 377 4139 Coes-
396 4084 497 4155 83)
510 4124 529 4153 ‚
549 4104 617 4137 ne
645 4085 762 4156 quis
784 4102 905 4137 cum
926 4084 1040 4137 aliis
1064 4086 1255 4138 Come-

248 4164 377 4218 liam
412 4167 707 4219 Bfaximam
740 4185 840 4238 pro
872 4168 1089 4219 nomine
1124 4169 1253 4219 scri·

1349 1477 1457 1530 bat.
1492 1479 1786 1551 Repetitam
1813 1475 1942 1532 dicit
1969 1480 2160 1532 iterum
2195 1498 2357 1532 aecu-

1350 1570 1549 1620 satam3
1590 1570 1765 1629 petere
1803 1560 1943 1610 enim
1979 1573 2060 1614 est
2099 1577 2352 1613 accusare.

1348 1633 1499 1690 Prius
1518 1637 1719 1690 crimen
1743 1653 1812 1689 an
1836 1637 1937 1691 sub
1959 1633 2246 1692 Domitiani
2264 1641 2357 1691 im-

1346 1718 1496 1788 perio
1535 1730 1589 1769 et
1625 1715 1692 1768 de
1721 1715 1910 1768 eodem
1947 1718 2156 1770 incestu
2185 1717 2357 1770 aliove

1348 1795 1642 1866 impactum
1663 1797 1710 1847 ei
1733 1797 1896 1847 fuerit
1910 1834 1927 1862 ,
1952 1797 2234 1848 incertum.
2255 1799 2357 1849 Pu-

1350 1885 1405 1924 to
1425 1910 1443 1937 ‚
1478 1885 1670 1943 parum
1703 1889 1955 1945 prospere
1990 1876 2222 1944 priorem
2261 1893 2358 1926 ca-

1348 1951 1606 2004 lumniam
1639 1955 1877 2006 cessisse.
1915 1954 2120 2007 Diserte
2157 1956 2296 2006 enim
2325 1974 2355 2008 a

1350 2030 1510 2102 culpa
1538 2030 1727 2083 liberat
1752 2033 2003 2103 virginem
2029 2032 2162 2085 Ptin.
2187 2035 2355 2103 Epist.

1347 2110 1437 2176 w,
1477 2125 1560 2175 ιι,
1605 2131 1626 2157 ι
1647 2111 1785 2162 Nam
1824 2130 1989 2182 quum
2023 2111 2355 2177 Corneliam,

1348 2189 1629 2240 maximam
1659 2186 1959 2256 Vestalem,
1989 2189 2244 2242 defodere
2274 2194 2356 2243 vi·—

1347 2284 1467 2317 vam
1503 2269 1850 2339 concupisset,
1887 2278 1946 2318 ut
1977 2269 2071 2342 qui
2105 2269 2359 2322 illustrari

1347 2345 1580 2398 seculum
1621 2365 1772 2398 suum
1819 2348 2074 2418 ejusmodi
2116 2349 2356 2423 exemplo

1349 2425 1704 2491 arbitraretur,
1738 2426 2006 2478 pontificis
2035 2428 2247 2482 maximi
2263 2431 2357 2499 ju-

1348 2522 1407 2556 re
1418 2544 1437 2571 ,
1458 2520 1553 2557 seu
1573 2507 1753 2575 potius
1771 2506 2100 2558 immanitate
2119 2510 2356 2579 tyranni,

1347 2581 1564 2634 licentia
1574 2580 1806 2649 domini,
1819 2582 2056 2655 reliquos
2072 2586 2355 2639 Pontifices

1348 2664 1532 2714 nonin
1548 2665 1746 2733 regiam
1759 2700 1776 2727 ,
1797 2662 1890 2729 sed
1909 2664 1964 2715 iu
1984 2663 2246 2717 Albanam
2260 2666 2357 2718 vil-

1347 2739 1455 2795 lam
1482 2743 1811 2796 convocavit.
1837 2744 1950 2794 Nec
1970 2744 2172 2796 minore
2194 2744 2355 2799 scele-

1347 2837 1433 2884 re,
1466 2838 1632 2890 quam
1660 2819 1809 2891 quod
1837 2820 2021 2874 ulcisci
2045 2822 2352 2891 videbatur,

1346 2900 1603 2953 absentem
1647 2900 2046 2976 inauditamque
2084 2904 2358 2960 damnavit

1348 2978 1552 3040 incesti,
1579 2996 1742 3049 quum
1761 2982 1879 3051 ipse
1901 2981 2076 3036 fratris
2097 2984 2253 3038 filiam
2275 2988 2356 3039 in-

1347 3072 1492 3112 cesto
1518 3078 1628 3111 uon
1647 3060 1927 3131 polluisset
1947 3064 2146 3131 solum,
2171 3087 2354 3121 verum

1347 3139 1507 3191 etiam
1533 3139 1840 3205 occidisset3
1870 3161 1994 3195 nam
2016 3144 2177 3197 vidua
2201 3146 2356 3199 abor-

1346 3229 1407 3268 tu
1438 3218 1614 3290 periit.
1647 3220 1794 3272 Missi
1828 3209 2004 3273 statim
2039 3224 2355 3292 Pontifices,

1346 3296 1436 3367 qui
1451 3295 1829 3349 defodiendam
1843 3301 2244 3373 necandamque
2259 3325 2352 3358 cu·

1343 3387 1521 3427 rarent
1540 3412 1556 3441 ,
1603 3387 1702 3427 etc.
1727 3399 1749 3423 ι
1791 3376 1971 3428 Nolim
2012 3392 2190 3433 tamen
2228 3402 2354 3436 cum

1343 3453 1562 3507 Dukero
1591 3453 1662 3505 ob
1691 3454 1842 3507 Plinii
1879 3455 2056 3510 locum
2089 3464 2352 3533 corrigere

1343 3546 1529 3585 nostro
1578 3554 1600 3578 ιι
1620 3536 1902 3603 repetitam
1951 3557 2119 3611 neque
2162 3544 2349 3593 couvi-

1343 3626 1501 3664 ctam.
1527 3634 1549 3659 υ
1578 3614 1859 3667 Mamfeste
1883 3620 2023 3669 enim
2047 3622 2102 3671 iu
2132 3636 2350 3676 contra·

1342 3693 1421 3743 ria
1441 3690 1730 3744 discedunt
1748 3692 2032 3747 Suetonius
2053 3712 2106 3751 et
2122 3697 2350 3765 Plinius,

1342 3768 1470 3822 dum
1496 3768 1586 3820 ille
1609 3768 1835 3824 salubris
1862 3775 2154 3829 severitatis
2179 3795 2351 3829 exem-

1342 3846 1519 3919 plum,
1537 3846 1624 3900 hic
1645 3853 1852 3921 tyranni
1877 3849 2142 3905 licentiam
2165 3857 2220 3905 in
2244 3855 2350 3909 hoc

1343 3925 1600 3980 Corneliae
1610 3927 1872 3999 supplicio
1882 3948 2204 4003 proponunt.
2216 3935 2350 3989 Cum

1342 4008 1600 4060 Suetonio
1635 4008 1812 4061 facere
1853 4010 2060 4065 videtur
2100 4013 2348 4070 Philostr-

1342 4088 1465 4152 vll,
1502 4086 1555 4138 3.
1593 4087 1672 4140 Cf.
1714 4090 1938 4157 Reimar.
1983 4091 2049 4144 ad
2084 4094 2350 4165 xiphilin.

1341 4167 1557 4233 LXVII,
1584 4168 1634 4220 3.
