3050 5004
576 693 675 778 C.
742 689 1335 780 SUETONII
1396 689 2177 800 TRANQUILLI

1336 917 1417 960 DE

318 1099 1313 1214 -ILLUSTRIBUS
1389 1015 2434 1216 GRAMMATICIS

1226 1330 1537 1406 LIBER.

331 1903 385 1964 1.
439 1855 920 1966 GRAMMATmA
948 1899 1181 1964 Romae
1204 1919 1290 1963 ne
1313 1897 1385 1962 in
1408 1919 1540 1964 usu
1560 1897 1835 1991 quidem
1860 1895 2022 1964 olim
2039 1951 2056 1980 ,
2085 1899 2339 1967 nedum
2363 1903 2434 1968 in

330 2010 586 2077 honore
614 2009 755 2077 ullo
785 2026 959 2077 erat:
992 2009 1145 2077 rudi
1178 2009 1434 2077 scilicet
1463 2034 1543 2077 ac
1569 2007 1890 2078 bellicosa
1923 2013 2126 2079 etiam
2158 2029 2307 2080 tum
2343 2018 2436 2083 ci·

328 2123 530 2188 vitate
547 2172 564 2203 ‚
608 2118 901 2189 necdum
935 2144 1183 2212 magno
1224 2143 1428 2212 opere
1468 2119 1861 2188 liberalibus
1904 2119 2276 2214 disciplinis
2320 2149 2403 2191 va

330 2249 543 2300 cante.
589 2235 861 2300 Initium
901 2255 1177 2327 quoque
1218 2229 1365 2325 ejus
1406 2229 1746 2300 mediocre
1779 2235 2062 2300 exstitit:
2102 2235 2436 2331 siquidem

326 2345 780 2438 antiquissimi
816 2342 1203 2426 doctorum,
1250 2345 1367 2438 qui
1412 2341 1617 2410 iidem
1664 2359 1732 2409 et
1766 2361 1984 2434 poetae
2029 2361 2100 2413 et
2138 2361 2437 2414 oratores

330 2454 696 2546 semigraeci
728 2468 922 2520 erant
960 2454 1266 2541 (Livium
1294 2465 1362 2517 et
1387 2453 1683 2519 Ennium
1713 2450 1900 2520 dico:
1944 2477 2116 2548 quos
2148 2472 2436 2551 utraque

326 2566 553 2658 lingua
581 2564 763 2633 domi
790 2565 1088 2661 forisque
1114 2563 1458 2647 docuisse,
1491 2564 1818 2631 adnotum
1852 2582 1954 2632 est
1975 2571 2068 2665 ¹),
2103 2563 2270 2633 nihil
2301 2592 2436 2634 am·

324 2677 501 2770 plius
526 2700 733 2773 quam
752 2679 985 2744 Graeca
1007 2674 1658 2767 interpretabantur:
1681 2698 1760 2743 ac
1786 2674 2024 2770 siquid
2044 2678 2282 2744 Latine
2305 2680 2433 2769 ipsi

322 2787 893 2879 composuissent,
942 2782 1421 2875 praelegebant.
1466 2788 1671 2864 Nam,
1719 2784 1903 2878 quod
1943 2785 2254 2853 nonnulli
2302 2802 2436 2854 tra-

322 2893 521 2977 dunt,
551 2894 723 2963 duos
750 2894 957 2961 libros
984 2894 1060 2961 de
1090 2895 1289 2961 literis
1314 2893 1738 2988 syllabisque,
1773 2896 1936 2961 item
1963 2896 2040 2961 de
2067 2902 2278 2965 metris
2297 2951 2313 2982 ,
2349 2896 2436 2966 ab

322 3004 562 3073 eodem
580 3008 800 3072 Ennio
821 3001 1035 3071 editos
1052 3056 1069 3086 ,
1084 3000 1242 3098 jure
1257 3005 1482 3095 arguit
1499 3006 1750 3071 Lucius
1767 3008 1964 3071 Cotta
1979 3057 1997 3087 ,
2018 3029 2159 3074 non
2178 3024 2398 3100 poetae
2414 3064 2432 3094 ,

322 3116 444 3185 sed
474 3117 865 3209 posterioris
898 3117 1099 3182 Ennii
1132 3138 1319 3183 esse:
1357 3110 1554 3207 cujus
1593 3116 1796 3183 etiam
1827 3116 1904 3182 de
1933 3120 2300 3209 auqurandi
2326 3122 2434 3188 .άί-

320 3228 593 3321 sciplina
620 3225 966 3293 volumina
990 3226 1326 3294 feruntur.

418 3344 507 3407 Π.
545 3342 809 3407 Primus
836 3340 1066 3432 igitur,
1093 3357 1427 3436 quantum
1452 3342 1813 3433 opinamur
1829 3393 1847 3425 ‚
1875 3342 2177 3409 studium
2201 3346 2432 3409 Gram-

322 3453 583 3519 maticae
629 3451 697 3516 in
746 3448 1003 3517 Urbem
1054 3450 1283 3518 intulit
1330 3456 1592 3519 Can-ns·
1631 3457 1984 3519 MALLo'rEs
2003 3504 2021 3535 ,
2069 3451 2435 3519 Aristarchi

322 3561 633 3657 aequalis,
661 3564 781 3656 >qui
810 3563 1056 3629 missus
1085 3559 1173 3628 ad
1204 3564 1527 3631 Senatum
1549 3562 1636 3630 ab
1659 3561 1881 3629 Attalo
1907 3586 2067 3653 rege
2085 3617 2102 3647 ,
2131 3566 2306 3630 inter
2330 3586 2433 3631 se-

318 3671 625 3741 cundum
666 3696 745 3740 ac
779 3673 1058 3740 tertium
1093 3670 1351 3740 bellum
1388 3674 1716 3740 Punicum
1739 3724 1757 3756 ‚
1799 3670 1926 3741 sub
1973 3676 2192 3765 ipsam
2233 3676 2430 3741 Ennii

318 3802 611 3853 mortem
626 3836 644 3866 ,
668 3808 881 3879 quum
906 3785 1178 3875 regione
1202 3782 1474 3868 Palatii,
1500 3783 1862 3877 prolapsus
1886 3786 1958 3850 in
1984 3782 2232 3851 cloacae
2255 3783 2432 3851 fora·-

320 3920 477 3963 men
497 3949 515 3978 ‚
546 3918 701 3962 crus
724 3894 1061 3985 fregisset,
1089 3917 1212 3986 per
1240 3917 1443 3961 omne
1462 3892 1818 3986 legationis
1853 3893 2055 3963 simul
2071 3876 2149 3959 'et
2177 3892 2432 3962 valetu-

390 4122 430 4171 l.
461 4136 505 4171 1.
532 4120 799 4171 Adnotum
819 4131 909 4173 est.
933 4118 1231 4172 Gronovius
1250 4138 1328 4171 re·
1420 4118 1696 4173 dationem
1735 4116 2038 4189 probarunt
2076 4112 2430 4189 Oudendorp,

314 4200 474 4279 ponit
501 4198 813 4251 adnotatum
835 4209 939 4264 est,
970 4216 1131 4271 quam
1150 4216 1330 4251 emen·
1422 4214 1473 4251 et
1498 4198 1750 4255 wolfius·
