3050 5004
1163 545 1454 613 OTHO.

2228 547 2368 636 293·

275 669 396 738 sibi
440 670 729 764 quisque
776 693 901 761 pro
946 668 1263 737 facultate
1304 668 1758 754 consuleret⁶‚
1806 670 1892 738 ab
1937 669 2253 763 amplexu
2298 688 2366 737 et

273 778 505 847 osculo
530 803 653 847 suo
675 778 930 847 dimisit
952 802 1186 846 omnes
1207 832 1224 862 ,
1250 796 1644 874 secretoque
1667 795 1864 872 capto
1879 796 1906 843 7
1928 831 1945 862 ,
1972 778 2166 848 binos
2190 781 2368 849 codi-

272 890 461 959 cillos
486 893 819 959 exaravit:
848 890 937 958 ad·
963 914 1262 959 sororem
1291 890 1772 959 consolatorios
1791 943 1808 974 ,
1834 890 1954 958 sed
1979 906 2048 957 et
2070 891 2165 959 ad·
2195 896 2368 959 Mes·

272 1000 552 1068 salinam
572 1002 855 1068 Neronis
868 998 899 1047 ⁸
916 1053 932 1082 ,
954 1024 1160 1095 quam
1178 1002 1607 1067 matrimonio
1622 999 2015 1083 destinarat,
2035 1024 2368 1067 common·

271 1112 439 1179 dans
478 1110 796 1206 reliquias
830 1134 986 1177 suas
1022 1126 1090 1177 et
1125 1113 1541 1177 memoriam.
1588 1110 1926 1205 Quicquid
1961 1110 2208 1179 deinde
2240 1116 2370 1203 epi-

270 1223 598 1292 stolarum
636 1241 813 1305 erat,
842 1246 931 1290 ne
968 1224 1077 1289 cui
1113 1221 1414 1316 periculo
1442 1238 1564 1289 aut·
1597 1245 1795 1289 noxae
1827 1222 2012 1315 apud
2048 1224 2372 1291 victorem

190 1324 199 1329 ’
272 1334 522 1415 forent,
551 1334 1003 1400 concremavit
1016 1348 1068 1399 9.-
1096 1334 1337 1400 Divisit
1357 1348 1425 1399 et
1446 1334 1770 1430 pecunias
1801 1334 1856 1381 ¹⁶
1878 1330 2263 1400 domesticis
2286 1356 2370 1399 ex

272 1446 463 1537 copia
487 1446 831 1537 praesenti.

358 1564 475 1629 xl.
534 1568 754 1655 Atque
796 1562 895 1627 ita-
933 1577 1247 1654 paratus,
1302 1563 1741 1653 intentusque
1781 1556 1921 1652 jam
1974 1562 2176 1627 morti
2197 1614 2216 1645 ,
2269 1576 2376 1628 tu-

272 1669 492 1737 multu
515 1672 690 1737 inter
712 1692 936 1737 moras
959 1680 1221 1737 exorto²
1244 1722 1263 1753 ,
1291 1685 1370 1737 ut
1392 1692 1507 1737 eos
1528 1722 1546 1753 ,
1577 1671 1695 1764 qui
1717 1668 2063 1736 discedere
2091 1686 2162 1739 et
2183 1669 2383 1737 abire

270 1938 565 1979 memorant
580 1924 826 1995 Tacitus,
846 1943 963 1998 cap.
990 1928 1083 1993 28,
1110 1926 1275 1979 «Mox

268 2006 506 2059 Salvium
521 2008 881 2073 Cocceianum,
882 2007 1069 2079 fratris
1076 2005 1271 2077 filium,

270 2087 439 2160 prima
447 2090 693 2157 juventa2
701 2086 965 2159 trepidum
982 2101 1035 2140 et
1048 2105 1275 2140 moeren-

270 2178 400 2232 tem,
445 2165 587 2217 ultro
618 2164 817 2217 solatus
848 2179 954 2231 est,
1001 2166 1272 2219 laudando

308 2246 517 2297 ietatem
550 2244 696 2313 eiua,
733 2241 1043 2315 castigando
1086 2244 1274 2295 formi-

268 2262 475 2388 ginem,
501 2335 635 2375 etc.»
666 2334 719 2373 et
744 2321 1009 2373 Plutarch.
1037 2342 1156 2395 cap.
1190 2322 1269 2375 16.

269 2402 609 2453 Interemtnm
639 2400 784 2453 hunc
815 2400 1046 2455 Salvium
1070 2403 1272 2455 Cocce-

270 2480 448 2533 ianum
470 2500 502 2534 a
522 2481 827 2534 Domitiano
848 2481 1044 2536 Noster
1068 2495 1273 2549 narrat,

270 2559 463 2612 Domit.
488 2560 912 2627 to.—Fratrem,
928 2561 1171 2614 Salvium
1190 2561 1274 2612 Ti-

271 2639 471 2690 tianum
486 2677 505 2704 ‚
540 2651 697 2691 nocte
714 2641 966 2709 juvante,
993 2639 1271 2692 discrimen

269 2717 735 2788 pugnoeeffugisse‚
746 2719 960 2770 Tacitus
974 2732 1161 2771 auctor
1174 2730 1272 2786 est,

272 2813 389 2867 cap.
411 2795 481 2862 44
497 2833 515 2861 ,
544 2808 598 2848 et
619 2796 886 2849 Vitellium
908 2799 1026 2849 vitae
1048 2800 1162 2869 eJ‘us
1184 2817 1273 2870 pe·

271 2877 530 2946 percusse,
562 2877 763 2946 pietate
792 2889 843 2928 et
870 2879 1077 2948 ignavia
1109 2897 1271 2931 excu-

272 2954 396 3019 sati,
421 2952 595 3021 idem,
618 2971 735 3026 cap.
762 2955 851 3008 60.

337 3031 389 3083 6.
433 3031 771 3097 cohortatus,
802 3044 864 3084 ut
882 3034 975 3086 sibi
996 3035 1269 3109 quisque...

270 3108 578 3178 consuleret,
595 3124 696 3165 etc.
734 3112 904 3164 Tacit.
917 3132 1034 3184 cap.
1046 3113 1143 3181 48:
1166 3139 1187 3162 α
1204 3115 1274 3167 Ut

273 3189 463 3260 cuique
494 3203 618 3242 aetas
643 3203 735 3241 aut
763 3188 1019 3263 dignitas,
1051 3195 1275 3246 comiter

273 3270 595 3341 appellatos,
622 3273 761 3324 irent
782 3291 1005 3344 propere
1020 3312 1037 3340 ‚
1064 3295 1169 3328 neu
1191 3295 1273 3329 re-

271 3349 537 3402 manendo
556 3353 687 3402 iram
708 3352 919 3405 victoris
940 3369 1271 3426 asperat-ent,

265 3432 487 3500 juvenes
502 3433 815 3484 auctoritate
825 3471 842 3500 ,
864 3451 1015 3486 senes
1030 3435 1274 3506 precibus

271 3509 545 3576 movebat,
568 3509 811 3581 placidus
836 3529 956 3578 ore,
982 3513 1274 3586 intrepidus

270 3587 473 3652 verbis,
515 3591 911 3663 intempestivas
938 3611 1159 3645 auorum
1193 3593 1275 3646 la-

272 3667 460 3720 crimas
480 3685 751 3721 coercens.
771 3669 900 3720 Dari
920 3689 1079 3723 naves
1105 3689 1167 3723 ac
1188 3689 1276 3724 ve-

268 3743 447 3799 hicula
474 3746 793 3802 abeuntibus
815 3749 1021 3818 jubet.»

340 3843 391 3896 7.
434 3828 614 3898 Capto.
654 3827 733 3878 Ita
755 3829 876 3896 jure
901 3847 929 3880 e
954 3829 1169 3882 Memm.
1193 3848 1273 3882 re·

273 3906 554 3958 stituerunt
588 3907 796 3959 Ernest.
836 3919 890 3959 et
922 3907 1271 3981 Oudendorp.

271 4001 369 4054 pro
405 3985 548 4055 vulg.
586 3995 822 4065 captato,
862 3986 1008 4058 quod
1044 3986 1275 4039 alienum

271 4079 481 4114 sensum
519 4063 677 4115 infert
698 4101 715 4129 ‚
756 4065 861 4118 nisi
893 4079 1079 4118 contra
1119 4084 1276 4120 usum

272 4139 456 4212 lingue
468 4154 744 4196 auctorem
755 4157 965 4217 captare
973 4144 1165 4198 dixisse
1175 4165 1275 4218 pro

272 4239 449 4292 capere
477 4225 753 4290 statueris,
792 4223 943 4294 quod
977 4227 1060 4276 vix
1088 4223 1276 4278 admit-

1362 1923 1618 1991 tendum}
1643 1924 1736 1977 ubi
1761 1926 2152 1998 frequentativo
2181 1943 2278 1979 sua
2301 1927 2370 1977 si-

1362 2004 1633 2076 gnificatio
1671 2004 1953 2075 singularis
1995 2017 2253 2077 perpetua
2285 2004 2370 2057 di-

1364 2082 1519 2136 cendi
1540 2082 1926 2137 consuetudine
1950 2081 2180 2135 adhaesit.

1436 2164 1486 2216 8.
1500 2164 1607 2217 Sed
1620 2176 1670 2216 et
1681 2164 1753 2215 ad
1767 2161 2106 2216 Messalinam
2115 2164 2340 2217 Neronis
2351 2185 2371 2225 ,-

1362 2242 1473 2295 scil.
1500 2262 1753 2306 uxorem;
1778 2242 1898 2295 vide
1927 2244 2128 2295 Neron.
2151 2244 2235 2295 35.
2270 2242 2372 2294 Ce-

1360 2333 1531 2372 terum
1550 2321 1814 2374 assentior
1833 2322 1925 2385 iis,
1947 2322 2040 2391 qui
2059 2320 2146 2374 sed
2165 2338 2373 2391 expun-

1360 2413 1507 2452 ctum
1527 2399 1745 2451 mallent
1757 2436 1774 2465 ‚
1797 2418 1962 2470 quum
1981 2398 2038 2451 hi
2055 2396 2286 2451 codicilli
2303 2396 2373 2449 ad

1361 2558 1455 2611 sed
1468 2561 1572 2631 ipsi
1591 2559 1740 2611 alteri
1756 2560 1890 2624 sint,
1923 2572 1976 2610 et
1994 2555 2164 2610 Coddz
2181 2559 2382 2630 optimi

1359 2637 1471 2688 fere
1494 2647 1548 2688 et
1563 2637 1834 2689 omittant.

1431 2734 1483 2787 9.
1529 2715 1788 2789 Quicquid
1811 2714 1999 2768 deinde
2001 2753 2130 2767 .....
2159 2730 2374 2776 cancre·-

1360 2797 1543 2850 mavt't.
1567 2795 1786 2848 Tacitus
1801 2832 1818 2861 ,
1842 2793 1946 2844 l'oc.
1973 2795 2064 2846 cit.
2094 2816 2117 2840 ι
2135 2792 2370 2846 Libellos

1362 2872 1724 2945 epistolasque
1744 2911 1762 2939 ‚
1801 2868 1977 2925 studio
2020 2887 2148 2943 erga
2183 2890 2240 2925 ae
2279 2885 2382 2924 ant

1360 2953 1417 3010 in
1445 2951 1715 3005 Vitellium
1743 2950 2080 3005 contumeliis
2109 2953 2378 3026 insignes,

1365 3031 1564 3085 abolet.
1591 3055 1614 3081 n

1438 3129 1522 3164 ιο.
1563 3111 1754 3165 Divisit
1775 3123 1826 3164 et
1839 3111 2122 3185 pecunias,
2149 3124 2249 3164 etc.
2274 3113 2376 3165 Ta-

1364 3192 1529 3260 citum,
1551 3216 1574 3240 ι
1590 3195 1843 3245 Pecunias
1864 3192 2164 3256 distribuit,
2182 3211 2371 3265 parce,

1360 3291 1462 3324 nec
1485 3285 1546 3324 ut
1561 3275 1848 3344 periturus.
1869 3295 1890 3321 ιι
1921 3272 2075 3324 Conf.
2103 3271 2371 3324 Plutarch.

1363 3369 1483 3424 cap.
1527 3369 1586 3422 1¹7
1605 3391 1622 3420 .,
1656 3353 1746 3425 qui
1787 3354 1950 3404 serius
1987 3363 2165 3402 tamen
2197 3349 2252 3402 id
2288 3351 2373 3402 fa-

1363 3443 1509 3482 ctum
1545 3443 1802 3486 memorat
1825 3468 1842 3497 ‚
1889 3448 2048 3501 quam
2089 3430 2373 3502 scriptores

1364 3511 1558 3563 Latini.

1434 3589 1523 3643 xl.
1572 3606 1590 3642 1
1604 3628 1616 3640 .
1653 3589 1828 3662 Atque
1863 3591 1936 3640 t’ta
1959 3600 2190 3663 paratus.
2208 3629 2220 3640 .
2237 3629 2248 3640 .
2291 3599 2376 3642 tu-

1364 3666 1590 3721 multu...
1613 3679 1816 3733 exorto,
1840 3681 1940 3719 etc.
1959 3667 2127 3720 Tacit.
2147 3686 2265 3740 cap.
2285 3669 2374 3739 49,

1370 3772 1393 3797 ι
1408 3752 1533 3801 Post
1553 3767 1670 3820 quae
1682 3787 1700 3815 ,
1715 3748 1931 3804 dimotis
1947 3749 2196 3800 omnibus
2209 3787 2224 3814 ‚
2244 3767 2379 3821 pau-

1363 3825 1473 3878 lum
1491 3829 1765 3899 requievit.
1796 3829 1970 3900 Atque
1991 3827 2138 3880 illum
2153 3867 2170 3894 ‚
2191 3847 2378 3899 supre-

1364 3925 1478 3958 mas
1494 3911 1608 3978 jam
1637 3926 1790 3961 curas
1813 3910 1990 3959 auimo
2019 3907 2376 3975 volutantem,

1365 4007 1558 4059 repens
1583 3987 1841 4041 tumultus
1866 3991 2082 4055 avertit,
2122 3988 2378 4040 nunciata

1366 4069 1798 4121 consternatione
1815 4086 1877 4119 ac
1895 4068 2107 4121 licentia
2121 4067 2347 4119 militum
2361 4089 2375 4118 z

1366 4163 1600 4218 namque
1623 4145 1946 4198 abeuntibus
1979 4147 2194 4205 exitium
2223 4146 2380 4197 mini-

1364 4225 1620 4281 tabantur
1629 4265 1648 4297 ,
1664 4227 1989 4282 atrocissima
2003 4229 2058 4279 in
2071 4229 2379 4300 Verginium
