3050 5004
671 536 798 579 2152

1423 516 1495 579 C.
1548 517 2015 584 SUETONII

989 750 998 759 ,
1101 665 1242 755 ἐμοῦ
1265 678 1512 743 θανόντος
1525 682 1549 710 ²
1572 686 1695 753 γαῖα
1714 681 1961 755 μιχθήτω
1982 682 2103 757 πυρί
2117 696 2133 712 ·

674 841 702 873 α
721 814 949 892 immo,
961 840 988 870 η
1009 811 1248 903 inquit,
1269 844 1297 875 ιι
1313 824 1434 901 ἐμοῦ
1447 826 1650 903 ζῶντος.
1662 846 1691 877 n
1706 808 2044 903 Planeque
2059 811 2149 876 ita
2164 808 2348 877 fecit:
2368 833 2549 890 nam,
2563 814 2758 905 quasi

664 921 966 989 offensus
1017 919 1438 987 deformitate
1472 935 1780 987 veterum
1826 918 2294 1004 aedificiorum,
2332 936 2401 987 et
2430 924 2758 1013 angustiis

663 1032 1072 1124 flexurisque
1091 1031 1396 1098 vicorum
1411 1082 1428 1110 ‚
1455 1028 1754 1096 incendit
1776 1028 2066 1097 Urbem³
2092 1046 2229 1097 tam
2248 1031 2469 1123 palam
2486 1084 2505 1114 ,
2526 1049 2603 1099 ut
2620 1029 2759 1125 ple-

662 1144 856 1235 rique
885 1138 1275 1207 consulares
1301 1137 1750 1206 cubicularios
1779 1135 1959 1231 ejus,
1990 1164 2147 1207 cum
2176 1156 2421 1233 stuppa
2447 1141 2759 1236 taedaque

661 1254 732 1321 in
758 1248 1025 1344 praediis
1051 1248 1226 1317 suis4
1254 1246 1713 1341 deprehensos
1730 1300 1747 1331 ,
1772 1273 1912 1317 non
1940 1252 2319 1342 attigerint:
2350 1268 2417 1317 et
2442 1250 2759 1345 quaedam

659 1364 904 1432 horrea
931 1365 1108 1431 circa
1143 1361 1421 1429 domum
1455 1367 1777 1443 Auream,
1824 1386 2114 1456 quorum
2149 1364 2439 1456 spatium
2466 1366 2758 1432 maxime

659 1470 1105 1555 desiderabat,
1142 1474 1266 1560 [ut]
1301 1469 1561 1539 bellicis
1588 1468 1955 1539 machinis⁵
1996 1471 2394 1541 labefactata
2420 1488 2625 1568 atque
2656 1476 2757 1541 in-

655 1694 811 1749 super
837 1692 1064 1741 coenam,
1096 1684 1156 1726 ut
1184 1687 1261 1727 est
1283 1675 1410 1727 Caes.
1438 1674 1527 1745 87.
1550 1676 1661 1727 De-

659 1756 830 1809 fendit
879 1758 1076 1809 Ernest.
1119 1754 1348 1807 convivii
1388 1756 1547 1806 etiam
1592 1752 1659 1805 ad

654 1836 827 1889 Tacit.
860 1833 1050 1887 Annal.
1080 1834 1226 1899 xm,
1263 1851 1341 1904 17.

730 1932 778 1965 2.
813 1912 972 1977 Ἐμοῦ·
988 1910 1236 1972 &avim-oe,
1257 1923 1358 1963 etc.
1381 1912 1538 1962 Hunc
1550 1929 1663 1962 ver-

656 2012 773 2050 sum
784 2029 802 2058 ‚
817 2011 976 2064 quem
990 1992 1258 2043 Tiberium
1275 1992 1328 2041 in
1345 2008 1436 2042 ore
1450 1990 1664 2043 habuis-

659 2091 715 2127 se
743 2072 872 2123 dicit
895 2073 998 2123 Dio
1013 2108 1032 2137 ,
1055 2071 1244 2137 LVIII,
1269 2070 1362 2131 23,
1389 2069 1663 2121 Fabricius

658 2151 727 2205 ad
761 2151 816 2203 h.
851 2150 887 2202 1.
917 2146 1121 2222 Sisyphi
1139 2148 1218 2201 vel
1245 2147 1661 2220 Bellerophontis

653 2228 932 2302 Euripidei
951 2247 1062 2281 esse
1085 2230 1412 2300 suspicatur,
1435 2246 1659 2299 compa-

657 2324 846 2381 ratque
883 2310 1052 2362 Cicer.
1092 2308 1158 2360 de
1197 2309 1312 2359 Fin.
1348 2308 1445 2373 111,
1485 2324 1575 2377 19,
1610 2319 1664 2359 et

657 2390 837 2443 senec.
865 2386 932 2439 de
959 2386 1215 2438 Clement.
1241 2386 1314 2453 11,
1344 2404 1391 2438 2.
1416 2386 1499 2439 Cf.
1527 2389 1661 2439 Bur-

659 2486 837 2520 mann.
860 2466 930 2520 ad
958 2466 1137 2520 locum
1164 2478 1331 2519 nostr.

731 2550 781 2601 3.
840 2547 1075 2600 Incendit
1123 2547 1308 2598 Urbem
1326 2583 1343 2612 ‚
1385 2558 1487 2598 etc.
1531 2545 1665 2598 Vide

658 2630 829 2681 Tacit.
854 2627 1046 2678 Annal.
1071 2627 1185 2692 XV,
1219 2625 1317 2691 38,
1347 2627 1442 2698 qui
1474 2640 1663 2692 caute,

662 2707 951 2778 «Sequitur
985 2705 1194 2768 clades,
1233 2707 1398 2771 forte,
1437 2725 1502 2758 an
1538 2705 1663 2758 dolo

657 2786 941 2854 Principis,
977 2786 1263 2846 incertum3
1297 2801 1418 2834 nam
1455 2795 1662 2834 utrum-

660 2881 766 2935 que
824 2875 1070 2915 auctores
1123 2860 1406 2934 prodidere
1434 2898 1451 2926 ‚
1499 2877 1601 2914 etc.
1633 2883 1655 2908 ι

657 2943 936 2996 Consentit
950 2960 1070 2993 cum
1083 2943 1279 2994 Nostro
1295 2939 1491 3012 xiphil.
1503 2942 1662 3008 LXII,

665 3019 746 3074 16.
777 3019 974 3091 Sulpic.
1001 3020 1115 3072 Sev.
1138 3021 1272 3071 Hist.
1302 3021 1446 3073 Sacr.
1469 3023 1545 3086 11,
1568 3037 1659 3090 29:

664 3123 688 3147 ι
703 3101 938 3166 interea,
961 3097 1268 3151 abundante
1281 3101 1392 3169 jam
1415 3098 1662 3152 Christia-

659 3197 850 3230 norum
873 3175 1210 3229 multitudiue
1222 3214 1238 3244 ‚
1256 3176 1475 3244 accidit,
1491 3191 1551 3230 ut
1566 3181 1663 3230 Ro-

656 3276 742 3308 ma
771 3255 1024 3310 incendio
1048 3255 1425 3328 conflagraret,
1449 3259 1663 3310 Nerone

659 3333 804 3408 apud
831 3337 1048 3388 Antium
1073 3338 1382 3390 constituto.
1408 3335 1510 3390 Sed
1538 3339 1660 3408 opi-

655 3416 748 3466 nio
778 3415 1017 3466 omnium
1051 3413 1302 3467 invidiam
1337 3415 1570 3468 incendii
1604 3418 1660 3467 in

655 3495 955 3566 Principem
996 3493 1368 3565 retorquebat,
1405 3493 1660 3547 credeba-

657 3586 848 3645 turque
862 3575 1156 3644 Imperator
1169 3572 1392 3644 gloriam
1407 3575 1661 3626 innovan-

655 3651 924 3705 dae-Urbis
949 3653 1211 3722 quaesisse.
1241 3653 1430 3724 Neque
1463 3653 1659 3705 ulla.re

655 3729 800 3782 Nero
821 3730 1116 3796 efficiebat,
1137 3733 1264 3802 quin
1281 3731 1349 3783 ab
1369 3750 1434 3783 eo
1451 3735 1659 3803 jussum

653 3807 960 3861 incendium
976 3823 1266 3880 putaretur.
1285 3832 1309 3855 ι
1331 3811 1577 3881 Disputat
1588 3809 1657 3862 de

653 3906 716 3941 ea
735 3907 792 3940 re
813 3887 1037 3940 Reimar.
1060 3886 1128 3938 ad
1149 3886 1348 3960 xiphil.
1375 3887 1409 3938 Ι.
1431 3905 1477 3938 c.
1502 3890 1655 3942 Acci-

653 3964 732 4018 dit
781 3965 892 4017 baec
938 3963 1114 4018 clades
1135 4003 1151 4033 ,
1203 3987 1224 4012 ι
1249 3964 1498 4019 omuibus
1544 3967 1659 4038 (ita

653 4045 822 4097 Tacit.
861 4042 896 4095 l.
936 4043 1048 4116 c.)‚
1083 4063 1197 4117 quae
1233 4045 1358 4098 huic
1389 4046 1520 4098 Urbi
1564 4063 1659 4118 per

655 4120 956 4174 violentiam
975 4123 1174 4194 ignium
1194 4122 1524 4187 acciderunt..
1540 4143 1657 4198 gra-

656 4205 768 4255 tior
795 4205 1270 4273 atque.atrocior,·
1301 4221 1428 4256 ann.
1460 4205 1580 4258 818.

1820 1674 1873 1741 4.
1911 1676 1976 1727 In
1998 1676 2347 1748 proediissuisg
2366 1676 2601 1731 urbanis.
2626 1678 2757 1730 Bur-

1749 1770 1926 1805 mann.
1958 1755 2141 1807 mallet
2166 1754 2374 1808 oedi‘bus.

1822 1834 1869 1885 5.
1888 1832 2002 1906 [Ue]
2023 1832 2219 1885 bellicis
2234 1835 2508 1901 machinis,
2526 1848 2625 1889 etc.
2642 1834 2760 1887 Ple·

1749 1912 1902 1983 rique
1920 1912 2355 1983 proscribendam
2379 1914 2575 1967 duxere
2594 1918 2759 1987 parti·

1750 1992 1925 2045 culam
1950 2005 2034 2059 ut,
2054 1993 2134 2046 vel
2156 2008 2279 2063 post
2297 1994 2530 2064 Lipsium
2548 2008 2757 2046 mutan-

1751 2068 1875 2121 dam
1902 2074 1955 2123 in
1994 2072 2071 2135 vi,
2104 2071 2248 2144 quod
2293 2084 2467 2125 tamen
2508 2071 2755 2143 frigidam

1749 2163 1961 2221 pareret
1998 2150 2371 2223 tautologiam,
2408 2152 2755 2223 sequentibus

1751 2228 1948 2281 bellicis
1964 2229 2244 2297 machinis,
2261 2230 2343 2281 vel
2352 2249 2471 2281 cum
2483 2231 2626 2283 Gron
2633 2233 2755 2283 ovio

1750 2306 2027 2379 legendum
2046 2309 2435 2361 desiderabatur.
2447 2308 2675 2362 Wolflus
2692 2330 2753 2363 ex

1749 2386 1889 2438 male
1912 2389 2139 2458 repetita
2160 2386 2364 2459 syllaba
2382 2390 2563 2460 priore
2574 2400 2637 2440 ut
2654 2388 2758 2441 hae-

1752 2468 1881 2521 sisse
1914 2468 2191 2521 existimat.
2226 2468 2337 2522 Nisi
2372 2488 2492 2521 vera
2520 2482 2597 2522 est
2634 2486 2755 2523 sen-

1750 2550 1913 2600 tentia
1944 2547 2235 2614 waltheri,
2262 2551 2351 2619 qui
2376 2549 2597 2602 observ.
2627 2567 2757 2620 pag.

1754 2626 1847 2693 26,
1866 2641 1991 2698 post
2016 2639 2067 2680 et
2096 2628 2333 2699 quoedam
2360 2628 2597 2681 horrea...
2622 2629 2755 2681 desi-

1751 2704 1977 2769 derabat,
1990 2723 2050 2757 ex
2063 2705 2496 2758 antecedentibus
2506 2726 2607 2777 sup
2612 2705 2759 2779 plen·

1749 2782 1877 2833 dum
1909 2798 2092 2835 censet
2132 2795 2237 2837 tam
2268 2783 2453 2856 palam
2491 2785 2751 2852 incendit,

1750 2881 1911 2932 quam
1936 2875 2112 2916 tamen
2126 2865 2492 2935 repetitionem
2512 2883 2618 2916 noa
2631 2883 2756 2936 pos-

1750 2959 1894 3006 sum,
1938 2943 2065 3013 quin
2110 2941 2349 2994 inutilem
2400 2943 2753 3014 frigidamque

1749 3018 1973 3071 habeam
1986 3057 2001 3084 ,
2028 3032 2308 3092 postquam
2329 3018 2491 3072 semel
2511 3023 2755 3073 universe

1750 3099 1949 3152 dixerat
1960 3115 2147 3152 auctor
2164 3101 2349 3154 Urbem
2360 3101 2606 3166 incendit,
2623 3118 2756 3171 prae-

1750 3182 1921 3232 sertim
1944 3199 2108 3252 quum
2125 3179 2341 3232 verbum
2364 3181 2753 3233 incendet-enon

1750 3260 2026 3312 conveniat
2056 3260 2275 3320 horreis,-
2302 3260 2357 3310 in
2388 3257 2581 3330 quibus
2606 3258 2755 3310 diffi-

1750 3334 2037 3388 cultatibus
2060 3336 2392 3389 removendis
2413 3338 2527 3408 ipse
2544 3336 2755 3389 laborat

1748 3415 1829 3465 vir
1854 3413 2215 3478 doctissimum
2234 3435 2295 3468 ex
2312 3434 2490 3468 errore
2508 3414 2753 3467 librario-

1747 3511 1861 3545 rum
1882 3480 2133 3547 inserturi:
2156 3507 2290 3566 puto
2316 3505 2404 3561 ut,
2422 3497 2639 3567 quinon
2660 3513 2753 3546 ce-

1747 3587 1937 3645 perant
1962 3571 2125 3624 verba
2146 3591 2365 3645 quorum
2387 3572 2614 3645 spatium
2637 3592 2753 3623 ma—

1745 3655 1887 3705 xime
1934 3653 2275 3719 desiderabat,
2318 3652 2427 3704 scil.
2470 3653 2612 3704 Nero
2631 3689 2649 3716 ‚
2694 3669 2752 3703 et

1748 3749 1911 3801 quum
1944 3731 2323 3782 nominativum
2355 3739 2605 3800 putarent
2630 3747 2749 3780 voc.

1744 3807 2001 3876 spatium,
2024 3823 2145 3857 cum
2170 3806 2513 3878 sequentibus
2533 3825 2593 3858 ea
2615 3823 2751 3877 par-

1744 3884 1905 3938 ticula
1916 3886 2139 3954 jungere
2153 3885 2450 3937 voluerunt.
2466 3885 2713 3938 Ceterum
2728 3923 2753 3950 ,

1746 3984 1775 4016 e
1804 3963 2003 4015 Nostro
2037 3963 2195 4015 Oros.
2227 3965 2347 4029 vu,
2380 3980 2431 4033 7,
2462 3985 2485 4009 ι
2504 3963 2751 4034 Denique

1744 4043 1903 4096 Urbis
1922 4043 2101 4093 Romae
2126 4041 2431 4094 incendium
2454 4041 2751 4112 voluptatis

1746 4143 1852 4178 ωε
1902 4121 2261 4194 spectaculum
2314 4123 2454 4174 fecit.
2505 4123 2602 4173 Per
2656 4141 2751 4174 sex

1746 4209 1883 4259 enim
1903 4205 2015 4258 dies
2032 4216 2339 4276 septemque
2356 4213 2537 4256 noctes
2552 4201 2753 4257 ardens
