3050 5004
620 472 752 551 284
822 490 840 505 ⁸
1371 470 1442 532 C.
1495 468 1961 535 SUETONII

617 616 696 659 ac
726 590 1185 660 deficientibus
1217 588 1569 658 lecticariis
1590 644 1609 674 ,
1640 615 1854 685 quum
1889 590 2372 674 descendisset,
2406 615 2707 661 cursum-

619 726 752 796 que
797 703 1115 794 cepisset,
1152 700 1372 769 laxato
1411 702 1619 770 calcio
1652 704 1896 770 restitit
1915 756 1934 785 ,
1976 701 2191 771 donec
2230 706 2480 773 omissa
2518 728 2712 773 mora

619 811 1056 896 succollatus,
1090 828 1159 880 et
1195 838 1233 879 a
1268 832 1603 905 praesente
1640 816 1964 883 comitatu
2006 819 2514 885 IMPERATOR
2558 840 2711 885 con-

621 921 1021 1005 salutatu59,
1067 926 1244 990 inter
1283 923 1539 1001 faustas
1576 924 2087 993 acclamationes
2130 927 2531 1020 strictosque
2578 924 2712 1016 gla-

619 1032 765 1100 dios
799 1031 887 1099 ad
909 1034 1240 1126 Principia
1263 1033 1564 1116 devenit,
1596 1033 1795 1101 obvio
1819 1059 2092 1129 quoque
2124 1058 2265 1103 non
2294 1034 2518 1119 aliter,
2552 1060 2633 1103 ac
2654 1039 2725 1103 si·

621 1144 927 1209 conscius
966 1160 1034 1208 et
1073 1146 1409 1235 particeps
1449 1143 1625 1211 foret
1643 1195 1661 1225 ,
1710 1142 2117 1213 adhaerente.
2161 1144 2263 1212 Ibi
2300 1146 2519 1211 missis
2539 1193 2557 1226 ,
2594 1146 2711 1238 qui

620 1250 902 1319 Galbam
931 1268 1000 1320 et
1020 1254 1332 1321 Pisonem
1370 1252 1787 1322 trucidarent
1804 1268 1890 1337 ¹⁰,
1920 1254 2007 1321 ad
2035 1251 2489 1323 conciliandos
2515 1250 2713 1345 polli-

621 1361 1045 1429 citationibus
1083 1361 1374 1429 militum
1413 1366 1675 1431 animos
1712 1361 1879 1429 nihil
1918 1364 2131 1455 magis
2168 1385 2292 1456 pro
2327 1370 2367 1398 ¹¹
2390 1363 2716 1431 concione-

620 1487 902 1539 testatus
931 1488 1070 1555 est,
1109 1496 1316 1567 quam
1348 1504 1373 1532 a
1399 1471 1469 1539 id
1496 1473 1773 1541 demum
1804 1496 1877 1541 se
1908 1472 2329 1554 habiturum,
2368 1470 2553 1565 quod
2588 1468 2714 1538 sibi

623 1583 751 1675 ipsi
785 1580 1232 1676 reliquissent.
1260 1612 1286 1641 n

715 1698 863 1761 VII.
915 1693 1173 1761 Deinde
1220 1710 1535 1786 vergente
1583 1692 1727 1787 jam
1772 1692 1880 1761 die
1927 1696 2270 1786 ingressus
2324 1702 2339 1729 ¹
2360 1693 2677 1759 Senatum
2694 1744 2713 1774 ,

625 1808 982 1899 positaque
1005 1802 1194 1873 brevi
1221 1807 1515 1873 ratione²
1532 1859 1549 1891 ,
1576 1808 1771 1899 quasi
1797 1823 2030 1897 raptus
2056 1803 2140 1872 de
2165 1802 2467 1896 publice,
2491 1819 2560 1869 et
2582 1824 2720 1869 sus-

865 1956 888 1983 l

625 2024 826 2076 Fabric.
863 2024 1020 2076 Conf.
1057 2026 1199 2097 Lips.
1229 2026 1394 2078 Elect.
1433 2028 1489 2092 1,
1534 2043 1623 2097 19;

627 2102 884 2155 Scheffer.
911 2103 978 2155 de
1003 2104 1077 2155 Re
1107 2102 1290 2155 Vehic.
1321 2107 1392 2172 11,
1423 2104 1471 2155 5.

698 2201 747 2252 9.
789 2184 860 2235 Et
889 2204 924 2235 a
950 2196 1198 2255 proesente
1232 2184 1486 2237 comitatu
1518 2185 1627 2234 Im·

621 2260 1200 2336 pemtorconsalutatus,
1216 2276 1314 2315 etc.
1327 2264 1494 2313 Tacit.
1507 2280 1625 2335 cap.

627 2362 691 2413 27
703 2380 719 2409 ,
756 2366 778 2389 α
793 2342 870 2395 Ibi
887 2358 989 2396 tres
1005 2358 1056 2395 et
1071 2344 1254 2414 viginti
1269 2343 1629 2414 speculatores

625 2422 1018 2475 consalutatum
1067 2424 1448 2493 Imperatorem
1472 2461 1491 2489 ‚
1568 2440 1630 2474 ac

625 2502 893 2573 paucitate
909 2500 1252 2554 salutantium
1268 2500 1558 2573 trepidum,
1579 2515 1633 2554 et

623 2579 760 2630 sellai
774 2577 1086 2632 festinanter
1099 2582 1423 2652 impositum,
1437 2581 1629 2633 strictis

624 2655 964 2708 mucronibus
989 2659 1220 2728 rapiunt.
1243 2656 1502 2710 'Totidem
1521 2659 1630 2709 fer-

612 2755 706 2786 me
725 2735 917 2787 milites
950 2737 1004 2787 in
1034 2739 1220 2788 itinere
1244 2749 1595 2806 aggregantur
1610 2775 1629 2803 ‚

623 2813 711 2864 alii
729 2816 1075 2879 conscientia,
1097 2815 1336 2885 plerique
1353 2816 1627 2878 miraculo,

622 2910 745 2962 pars
782 2891 1014 2945 clamore
1042 2905 1097 2944 et
1132 2894 1358 2963 gaudio,
1395 2913 1522 2966 pars
1558 2897 1630 2947 si-

624 2969 809 3038 lentio,
822 2973 1058 3023 animum
1068 2991 1134 3024 ex
1144 2987 1336 3025 eventu
1351 2977 1590 3027 sumturi.
1601 2999 1623 3022 ιι

625 3052 781 3103 Conf.
807 3051 1072 3104 Plutarch.
1095 3071 1214 3122 cap.
1250 3052 1338 3106 25.

703 3149 780 3184 ιο.
820 3133 921 3203 Qui
947 3131 1168 3185 Galbam
1187 3144 1239 3185 et
1257 3135 1496 3188 Pisonem
1528 3145 1631 3186 tru-

626 3211 873 3263 cidarent.
943 3215 1022 3264 De
1069 3225 1237 3263 morte
1280 3212 1462 3265 Galbae
1507 3213 1629 3266 vide

626 3293 779 3346 Galb.
813 3310 875 3362 ¹9
899 3307 951 3343 et
972 3309 1054 3345 20.
1081 3293 1286 3346 Caedem
1311 3295 1629 3348 Pisonisde-

629 3371 864 3424 scribunt
887 3371 1155 3425 Plutarch.
1179 3393 1296 3445 cap.
1326 3392 1390 3445 27
1408 3413 1424 3440 ,
1452 3387 1503 3428 et
1525 3377 1572 3426 T
1574 3395 1630 3426 a-

629 3453 715 3503 cit.
743 3469 860 3523 cap.
881 3451 980 3516 43:
1013 3476 1035 3498 «ι
1052 3453 1168 3504 Piso
1194 3455 1247 3506 in
1272 3452 1438 3504 aedem
1457 3455 1629 3506 Vestae

627 3532 861 3600 pervasit
871 3569 887 3596 ,
903 3545 1258 3604 exceptusque
1271 3533 1627 3584 misericordia

627 3607 832 3679 publici
867 3611 1000 3660 servi
1032 3623 1083 3660 et
1125 3609 1474 3663 contubernio
1513 3615 1628 3681 ejus

629 3686 838 3738 abditus
855 3726 872 3754 ,
893 3705 1002 3738 non
1021 3687 1276 3760 religione
1295 3709 1394 3741 nec
1409 3692 1630 3741 cerimo-

629 3769 755 3834 niis,
779 3765 872 3818 sed
889 3765 1093 3819 latebra
1119 3769 1396 3820 imminens
1416 3771 1630 3821 exitium

629 3844 911 3896 differebat
929 3867 943 3908 ;
964 3865 1126 3918 quum
1151 3846 1408 3899 advenere
1425 3883 1441 3912 ,
1465 3848 1632 3899 missu

628 3922 858 3976 Othonis
873 3964 888 3990 ‚
916 3927 1224 3978 nominatim
1238 3927 1294 3978 in
1307 3925 1502 3978 caedem
1517 3929 1632 3996 ejus

633 4001 876 4054 ardentes
892 4003 1158 4074 Sulpicius
1171 4003 1360 4058 Florus
1381 4023 1410 4056 e
1430 4005 1633 4056 Britan-

631 4081 762 4132 nicis
805 4080 1147 4148 cohortibus,
1191 4103 1361 4155 nuper
1397 4103 1425 4134 a
1463 4083 1633 4136 Galba

635 4160 844 4210 civitate
861 4158 1089 4214 donatus
1102 4197 1119 4226 ,
1139 4175 1192 4212 et
1206 4161 1398 4214 Statius
1414 4160 1633 4213 Murcus

1717 2028 2053 2100 speculator;
2104 2044 2137 2078 a
2178 2026 2370 2099 quibus
2415 2036 2719 2096 protractus

1717 2111 1837 2161 Piso
1856 2110 1911 2160 in
1931 2106 2134 2159 foribus
2153 2104 2335 2177 templi
2354 2104 2665 2158 trucidatur.
2688 2126 2713 2150 ιι

1794 2204 1812 2239 ι
1830 2206 1872 2239 ι.
1912 2188 2016 2240 Pro
2040 2188 2305 2239 concione.
2329 2185 2501 2237 Aliam
2522 2186 2719 2236 oratio-

1717 2286 1837 2319 nem
1862 2265 1955 2318 dat
1979 2266 2150 2316 Tacit.
2180 2282 2299 2336 cap.
2330 2264 2417 2335 37.

1787 2346 1898 2395 vn.
1946 2361 1989 2395 ι.
2028 2342 2287 2395 Deinde...
2306 2338 2723 2416 ingressussma-

1720 2434 1858 2489 tum,
1894 2436 1994 2473 etc.
2016 2421 2185 2472 Tacit.
2212 2439 2331 2492 cap.
2358 2422 2454 2490 47,
2483 2420 2719 2471 «Exacto

1716 2523 1815 2576 per
1838 2501 2036 2556 scelera
2073 2499 2191 2568 die,
2231 2500 2573 2553 novissimum
2604 2517 2720 2550 ma-

1716 2581 1891 2634 lorum
1914 2583 2015 2635 fuit
2041 2580 2239 2632 laetitia.
2273 2581 2445 2631 Vocat
2467 2581 2722 2632 Senatum

1717 2664 1913 2715 Praetor
1938 2663 2201 2725 urbanus,
2226 2671 2430 2712 certant
2454 2657 2721 2711 adulatio-

1718 2743 1873 2794 nibus
1884 2741 2043 2793 ceteri
2056 2740 2410 2809 magistratus.
2422 2738 2723 2789 Accurrunt

1718 2820 1922 2880 Patres;
1966 2816 2267 2869 decernitur
2306 2815 2510 2869 Othoni
2547 2814 2719 2866 tribu-

1720 2899 1858 2949 nicia
1882 2911 2119 2970 potestas
2142 2909 2195 2948 et
2214 2913 2408 2947 nomen
2428 2895 2653 2965 Augusti
2670 2907 2723 2946 et

1722 2992 1905 3026 omnes
1933 2975 2235 3045 Principum
2266 2972 2527 3036 honores,
2571 2975 2721 3024 anni—

1723 3052 1953 3104 tentibus
1989 3055 2197 3104 cunctis
2238 3051 2454 3106 abolere
2484 3053 2719 3104 convicia

1720 3149 1782 3183 ac
1818 3130 2047 3202 probra,
2094 3149 2207 3202 quae
2241 3133 2545 3202 promiscue
2576 3133 2721 3201 jacta

1717 3210 1927 3262 haesisse
1962 3213 2139 3262 animo
2173 3213 2320 3280 ejus,
2362 3228 2517 3262 nemo
2548 3211 2722 3275 sensit,

1719 3303 1821 3341 etc.
1838 3313 1859 3336 ιι
1888 3289 2043 3341 Conf.
2070 3287 2339 3342 Plutarch.
2365 3309 2481 3360 cap.
2508 3290 2592 3342 28.

1774 3383 1820 3418 τι.
1834 3367 2115 3438 Positoque
2126 3367 2268 3418 brevi
2279 3368 2493 3420 ratione.
2506 3369 2724 3419 Memm.

1718 3457 1771 3496 et
1796 3445 2042 3518 plerique
2064 3445 2235 3497 codd.
2263 3460 2317 3499 et
2342 3448 2569 3520 antiquae
2600 3444 2721 3498 edd.

1718 3525 1847 3577 dant
1874 3527 2125 3578 oratione.
2166 3526 2384 3598 Recepit
2408 3526 2461 3578 id
2485 3528 2688 3579 Ernest.
2706 3563 2723 3591 ,

1718 3604 1813 3657 sed
1821 3624 2017 3678 ponere
2032 3607 2321 3660 orationem
2336 3605 2439 3658 dici
2454 3624 2611 3678 posse
2625 3623 2725 3678 pro

1721 3685 1920 3750 habere,
1938 3684 2168 3758 probare
2179 3686 2374 3737 frustra
2390 3699 2613 3738 conatus
2624 3699 2723 3738 est.

1720 3765 2004 3816 Burmann.
2046 3766 2274 3835 conjecit
2290 3805 2307 3832 ‚
2355 3787 2377 3812 αι
2397 3765 2726 3838 expositoque

1720 3843 1868 3896 brevi
1893 3845 2188 3908 oratione,·
2232 3859 2291 3896 ut
2315 3847 2543 3917 exposito
2572 3842 2724 3897 abla-

1724 3923 1859 3976 tivus
1898 3924 1967 3974 sit
2014 3922 2292 3975 absolutus
2308 3961 2325 3990 ,
2371 3937 2425 3975 et
2460 3921 2617 3976 simili
2662 3941 2723 3974 ac

1722 4001 1925 4055 leniore
1942 4005 2097 4054 etiam
2114 4001 2321 4055 medela
2334 4001 2596 4054 Walther.
2613 4002 2720 4053 Ob-

1726 4101 1854 4134 serv.
1874 4103 1995 4155 pag.
2018 4101 2108 4152 29,
2137 4105 2158 4128 οι
2170 4083 2439 4155 positoque
2450 4080 2595 4134 brevi
2610 4099 2719 4133 ora-

1725 4163 1913 4230 tione-,n
1928 4165 2323 4235 interpretatus,
2334 4173 2609 4234 postquam
2620 4177 2717 4234 po—
