3050 5004
609 449 733 517 ι52
1344 452 1418 515 Ο.
1470 450 1941 519 SUETONII

599 598 995 651 severamnt
1012 604 1249 651 omnes
1268 582 1340 647 in
1360 579 1602 649 eodem
1619 582 2042 673 cognomine.
2067 585 2159 647 Ac
2182 603 2270 647 ne
2286 580 2708 673 praenomina

599 692 875 788 quidem
898 692 1039 763 ulla
1054 744 1072 775 ,
1094 709 1551 787 praeterquam
1573 694 1738 759 Cnei
1761 706 1831 758 et
1849 693 2070 775 Lucii,
2090 692 2580 783 usurparunt43
2607 716 2710 759 ea-

599 828 735 899 que
782 808 931 898 ipsa
972 802 1253 871 notabili
1294 804 1614 871 varietate
1631 854 1648 885 ,
1691 802 1898 871 modo
1944 804 2414 871 continuantes
2455 827 2708 871 unum-

599 912 920 1009 quodque
942 937 1065 1007 per
1090 915 1296 981 trinas
1320 912 1683 1005 personas⁵
1701 966 1719 996 ,
1748 911 1955 981 modo
1979 912 2393 981 alternantes
2419 937 2545 1005 per
2567 916 2708 981 sin-

602 1024 815 1118 gulas,
853 1028 1025 1092 Nam
1060 1026 1361 1117 primum
1401 1021 1916 1117 secundumque
1951 1047 2032 1091 ac
2071 1024 2344 1091 tertium
2384 1020 2709 1091 AEnobar-

602 1134 849 1203 borum
868 1137 1175 1217 ‘Lucios3
1220 1149 1583 1228 sequentes
1627 1158 1866 1201 rursus
1907 1150 2043 1202 tres
2086 1156 2171 1200 ex
2215 1131 2450 1201 ordine
2489 1138 2708 1202 Cneos

604 1248 1019 1339 accepimus3
1056 1244 1355 1339 reliquos
1393 1245 1666 1313 nonnisi
1701 1247 2032 1328 vicissim,
2073 1259 2222 1311 tum
2252 1246 2495 1312 Lucios
2514 1296 2532 1328 ,
2560 1259 2708 1311 tum

604 1358 845 1423 Cneos.
895 1354 1129 1423 Plures
1176 1378 1213 1421 e
1256 1353 1512 1422 familia
1557 1358 1904 1449 cognosci,
1918 1354 2170 1423 referre
2219 1353 2530 1438 arbitror,
2568 1379 2708 1449 quo

604 1464 867 1534 facilius
908 1478 1233 1559 appareat
1249 1518 1267 1550 ,
1320 1467 1416 1533 ita
1455 1463 1898 1557 degenerasse
1942 1491 1984 1533 a
2029 1490 2309 1534 suorum
2351 1466 2710 1536 virtutibus

606 1578 786 1642 Nero
802 1628 819 1659 ,
848 1592 921 1643 ut
942 1590 1173 1643 tamen
1201 1575 1363 1645 vitia
1388 1571 1750 1670 cujusque,
1775 1578 1970 1671 quasi
1998 1576 2245 1646 tradita
2271 1591 2340 1645 et
2375 1579 2670 1669 ingenita
2689 1630 2709 1660 ‚

606 1684 935 1754 retulerit.
2683 1720 2688 1723 ·

702 1801 788 1863 11.
844 1801 937 1864 Ut
975 1800 1178 1889 igitur
1218 1798 1423 1892 paulo
1468 1796 1671 1870 altius
1718 1816 2021 1893 repetam
2043 1850 2060 1883 ,
2108 1814 2344 1901 atavus
2391 1795 2537 1892 ejus
2582 1800 2706 1866 Cn.

608 1908 939 1974 Domitius
962 1909 1035 1975 in
1060 1907 1408 1976 tribunatu
1431 1909 1862 2003 pontificibus
1885 1908 2232 1992 offensior,
2263 1907 2446 2004 quod
2469 1907 2712 1991 alium,

610 2040 816 2111 quam
852 2040 957 2099 se,
990 2021 1060 2085 in
1096 2022 1305 2113 patris
1346 2022 1452 2087 sui
1488 2020 1717 2088 locum
1757 2036 2218 2114 cooptassent,
2252 2015 2368 2113 jus
2403 2018 2716 2088 sacerdo-

612 2140 760 2193 tum
788 2126 1377 2221 subrogandorum
1409 2155 1453 2197 a
1487 2130 1784 2222 collegiis
1811 2129 1897 2197 ad
1925 2128 2258 2224 populum
2291 2128 2634 2198 transtulit
2651 2140 2668 2167 ¹
2695 2157 2712 2197 z

612 2260 693 2304 ac
714 2239 785 2303 in
808 2237 1189 2321 consulatu,
1216 2240 1688 2334 Allobrogibus
1714 2243 2168 2337 Arvernisque
2191 2244 2520 2334 superatis
2536 2293 2554 2325 ,
2584 2239 2718 2308 ele-

613 2346 870 2440 phanto
893 2372 1017 2440 per
1044 2352 1457 2443 provinciam
1480 2369 1714 2421 vectus
1746 2360 1918 2436 θεῖ’,
1944 2351 2142 2419 turba
2173 2351 2496 2435 militum,
2521 2352 2715 2445 quasi

613 2460 791 2529 inter
834 2460 1186 2532 sollemnia
1235 2464 1607 2560 triumphi,
1653 2481 2130 2561 prosequente.
2186 2470 2266 2533 In
2315 2463 2501 2533 hunc
2549 2463 2718 2532 dixit

600 2571 909 2644 ,Licinius
964 2578 1246 2644 Crassus
1287 2592 1540 2659 orator,
1601 2606 1630 2636 α
1652 2579 1802 2644 Non
1854 2599 2002 2644 esse
2047 2576 2431 2646 mirandum
2459 2628 2478 2661 ,
2531 2575 2718 2670 quod

617 2705 875 2752 aeneam
903 2684 1183 2755 barbam
1210 2685 1491 2757 haberet
1506 2743 1523 2773 ,
1559 2691 1668 2756 cui
1697 2714 1772 2757 os
1799 2689 2098 2758 ferreum
2112 2741 2130 2773 ,
2167 2714 2284 2757 cor
2319 2687 2718 2782 plumbeum

619 2808 815 2860 esset.
842 2825 869 2856 n
910 2792 1131 2887 Hujus
1158 2795 1379 2866 filius³
1407 2805 1661 2867 Praetor
1687 2803 1758 2866 Ο.
1794 2803 2129 2868 Caesarem
2165 2800 2532 2868 abeuntem
2565 2822 2721 2865 con·

618 3047 741 3082 cum
772 3031 831 3084 C.
858 3031 1080 3087 Fannio.
1118 3035 1262 3088 Idem
1296 3037 1501 3092 Censor
1522 3040 1626 3092 fuit
1713 3040 1891 3094 fundit
1907 3054 2084 3093 autem
2097 3039 2199 3094 h.1.
2215 3039 2500 3094 Suetonius
2515 3051 2720 3111 patrem

618 3129 742 3162 cum
770 3113 826 3164 L.
852 3114 1070 3167 Metello
1090 3135 1217 3169 ann.
1242 3117 1349 3188 639
1364 3158 1383 3186 ,
1412 3119 1626 3174 eadem·
1713 3132 1769 3172 et
1788 3119 1968 3182 filium.
1992 3120 2228 3190 Nemper
2249 3132 2402 3190 pater
2423 3116 2725 3188 triumpha-

620 3209 724 3263 que
738 3206 1003 3264 potestate
1014 3195 1231 3251 functus
1247 3212 1325 3251 est
1340 3198 1479 3252 filius
1495 3201 1629 3254 Cne-
1714 3199 1788 3252 vit
1827 3198 1895 3251 de
1934 3201 2085 3252 victis
2125 3197 2504 3270 Allobrogibus
2523 3235 2560 3270 ,ἢ
2583 3194 2724 3250 filius

618 3272 701 3324 ius
718 3291 838 3324 cum
855 3274 1116 3330 hen-asso
1133 3291 1344 3330 oratore
1358 3297 1483 3331 anu.
1500 3279 1626 3334 662.
1717 3277 1888 3346 legem
1909 3276 2026 3329 tulit
2044 3277 2110 3330 de
2129 3275 2436 3330 sacerdotiis
2448 3273 2726 3328 Tribunus

619 3351 703 3404 Cf.
726 3351 931 3407 Ernest.
958 3355 1103 3408 Clav.
1128 3357 1237 3409 Cic.
1264 3356 1375 3410 ind.
1400 3357 1590 3412 histor.
1715 3353 1860 3426 pleb.
1881 3373 2002 3407 ann.
2020 3355 2154 3421 650,
2173 3355 2376 3408 Censor
2395 3367 2585 3424 postea
2598 3371 2726 3404 curn

688 3431 737 3486 5.
755 3434 861 3486 Per
872 3435 1034 3489 trinas
1042 3454 1301 3509 personas.
1318 3439 1395 3490 Ita
1410 3439 1625 3491 Mamm.
1717 3437 1908 3489 Crasso
1928 3435 2131 3486 Licinio
2145 3473 2162 3502 ‚
2184 3435 2410 3486 maxima
2429 3431 2695 3486 discordia
2707 3469 2728 3498 ,

622 3509 837 3583 aliique.
866 3513 1021 3584 vulg.
1052 3528 1235 3570 ternas.
1266 3517 1347 3571 cf.
1377 3517 1626 3570 Oudend.
1719 3516 1807 3566 cui
1857 3513 2196 3566 tribuendum
2215 3551 2234 3581 ‚
2291 3513 2438 3586 quod
2475 3512 2730 3585 ,proxime

621 3588 691 3640 ad
710 3591 932 3662 August.
957 3593 1051 3664 74,
1072 3606 1125 3647 et
1141 3594 1197 3648 h.
1219 3593 1255 3646 l.
1276 3596 1357 3648 De
1374 3615 1490 3649 voc.
1508 3617 1628 3668 per·
1717 3607 2165 3646 commemoratur
2199 3633 2220 3662 ,
2283 3594 2458 3648 Crassi
2502 3593 2726 3646 dictum.

618 3685 777 3735 sona,
814 3669 955 3742 quod
992 3691 1150 3725 sensu
1182 3671 1425 3726 adhiberi
1454 3675 1592 3728 solet
1611 3715 1630 3744 ‚
1716 3673 1852 3726 Vide
1876 3673 2169 3746 Glandorp.
2200 3676 2477 3729 onomast.
2505 3693 2559 3745 p.
2585 3671 2730 3734 3035

552 3764 563 3779 ‘
619 3761 679 3800 ut
695 3745 916 3816 dicitur,
940 3749 1239 3821 abstracto,
1259 3751 1379 3806 vide
1392 3757 1627 3806 perizon.
1717 3751 1924 3804 Ernest.
1949 3750 2092 3805 Clav.
2113 3751 2282 3804 Cicer.
2307 3765 2359 3803 et
2378 3769 2512 3822 quos
2536 3748 2626 3802 hic
2645 3768 2734 3803 ex·

620 3825 688 3878 ad
725 3827 921 3880 Sanctii
964 3830 1185 3886 MinerV.
1224 3834 1283 3898 1,
1328 3849 1426 3895 123
1467 3833 1625 3887 Fabr.
1717 3833 1932 3896 citavit;
1957 3830 2206 3885 Oudend.
2227 3831 2459 3904 denique
2479 3829 2547 3882 ad
2566 3829 2622 3882 h.
2643 3828 2680 3882 l.

619 3904 780 3959 Thes.
804 3928 820 3970 ς
863 3919 916 3959 et
950 3907 1155 3962 Ernest.
1193 3907 1339 3960 Clav.
1376 3909 1487 3962 Cic.
1525 3909 1626 3964 sub
1792 3927 1842 3962 2.
1888 3911 1946 3965 V
1937 3921 2076 3963 ectus
2105 3921 2194 3964 est.
2233 3908 2318 3962 Al.
2353 3911 2586 3964 invectus
2621 3919 2700 3963 est
2711 3949 2736 3978 ‚

622 3981 763 4037 banc
786 4004 988 4038 vocem.
1682 3989 1688 4000 “
1720 3990 1870 4064 quod
1891 3995 2010 4062 jure
2039 3990 2256 4044 damnat
2282 3989 2636 4060 Oudendorp.

694 4065 757 4116 11.
790 4082 831 4116 ι.
857 4066 953 4120 Jus
971 4068 1349 4120 sacerdotum...
1373 4067 1445 4120 ad
1460 4087 1630 4140 popu·
1789 4073 1840 4126 3.
1858 4069 2211 4144 Hujmfilius5
2223 4074 2434 4152 Lucius.
2447 4071 2580 4124 Vide
2589 4067 2726 4122 Ces.

622 4141 735 4194 lum
757 4142 1035 4197 transtulit.
1056 4147 1135 4198 cf.
1154 4145 1223 4198 ad
1242 4147 1369 4199 caes.
1394 4148 1475 4201 13.
1492 4150 1628 4201 Con·
1716 4169 1834 4224 cap.
1869 4151 1935 4205 23
1959 4164 2013 4203 et
2036 4149 2123 4218 34.
