3050 5004
1357 430 1428 493 C.
1477 428 1945 495 SUE'PONII

607 554 895 639 subinde
909 550 1184 647 jactavit
1201 606 1220 639 ,
1251 584 1280 615 α
1301 554 1524 645 legere
1548 578 1621 623 se
1642 556 1927 625 militem
1940 610 1956 639 ,
1974 578 2116 625 non
2134 578 2356 625 emere
2378 578 2689 625 consues-

609 664 718 737 se³
733 719 748 733 .
775 698 802 727 n
839 673 1056 761 Atque
1075 690 1154 733 eo
1180 664 1455 760 quidem
1482 668 1755 733 nomine
1772 690 2009 734 omnes
2024 719 2041 750 ,
2066 670 2181 763 qui
2206 667 2459 761 ubique
2482 683 2697 752 erant,

610 775 1046 846 exacerbavit.
1074 779 1386 845 Ceterum
1419 778 1857 868 praetorianos
1886 780 2087 848 etiam
2114 794 2299 847 metu
2330 793 2397 847 et
2418 778 2706 870 indigni·

609 903 746 971 tate
784 888 1182 967 commovit,
1225 910 1577 957 removens
1613 886 1901 955 subinde
1930 886 2319 981 plerosque,
2358 904 2437 955 ut
2472 910 2702 981 suspe-

610 1014 753 1066 ctos
772 1049 789 1078 ‚
832 1014 900 1063 et
935 994 1324 1091 Nymphidii
1361 994 1635 1067 socios4.
1666 995 1793 1067 Sed
1828 1002 2118 1067 maxime
2146 996 2475 1067 fremebat
2512 1022 2701 1092 supe-

609 1112 803 1178 rioris
835 1112 1210 1177 Germaniae
1241 1113 1572 1178 exercitus
1591 1110 1647 1194 ⁵,
1686 1110 1980 1179 fraudari
2014 1134 2086 1179 se
2116 1112 2408 1204 praemiis
2444 1126 2703 1181 navatoe

609 1220 932 1291 adversus
947 1218 1174 1291 Gallos
1193 1237 1260 1289 et
1274 1222 1621 1291 Vindicem
1636 1246 1878 1315 operae.
1898 1228 2075 1315 Ergo
2094 1224 2289 1315 primi
2304 1223 2707 1318 obsequium

611 1358 929 1425 rumpere
951 1336 1130 1417 ausi,
1163 1333 1482 1403 Kalendis
1515 1337 1849 1403 Januariis
1878 1334 2058 1426 adigi
2089 1343 2543 1415 sacramente,
2578 1336 2707 1403 nisi

609 1447 682 1511 in
709 1469 959 1513 nomen
981 1448 1264 1515 Senatus
1279 1497 1298 1527 ,
1321 1442 1787 1513 recusarunt⁶z
1816 1448 2175 1539 statimque
2197 1444 2599 1537 legationem
2623 1442 2711 1515 ad

605 1557 1050 1648 praetorianos
1099 1580 1258 1623 cum
1309 1554 1645 1623 mandatis
1690 1554 2198 1625 destinaverunt
2224 1608 2241 1639 ,
2302 1587 2331 1616 a
2356 1552 2711 1648 displicere

609 1670 1098 1759 Imperatorem
1129 1669 1202 1731 in
1236 1669 1559 1759 Hispania
1594 1666 1917 1736 factum⁷:
1952 1666 2273 1759 eligerent
2303 1667 2470 1760 ipsi,
2504 1688 2712 1760 quem

615 1779 842 1846 cuncti
866 1779 1194 1845 exercitus
1219 1776 1759 1869 comprobarent.
1784 1808 1813 1839 a

709 1894 920 1957 XVII.
972 1890 1167 1976 Quod
1193 1906 1268 1958 ut
1289 1894 1685 1957 nunciatum
1709 1906 1841 1974 est,
1870 1888 2217 1983 despectui
2240 1911 2387 1957 esse
2408 1911 2549 1955 non
2571 1902 2717 1955 tam

623 2018 966 2071 senectam
986 2024 1210 2085 suam,
1245 2025 1450 2095 quam
1477 1985 1836 2069 orbitatem
1868 2019 2055 2069 ratus
2076 2012 2091 2039 ¹
2114 2054 2131 2086 ,
2167 2003 2481 2069 Pisonem
2512 2000 2719 2090 Frugi

613 431 742 497 262

694 2225 746 2275 3.
780 2224 966 2297 Neque
979 2233 1146 2275 ratam
1163 2243 1266 2275 rem
1285 2222 1491 2290 habuit,
1515 2234 1622 2275 et...

623 2320 730 2355 nort
741 2308 905 2353 cinere
917 2320 1188 2357 consuesse.
1207 2302 1340 2355 Vide
1354 2301 1624 2355 Plutarch.

624 2400 743 2453 cap.
768 2382 857 2447 18,
877 2396 928 2433 et
947 2380 1145 2453 Xiphil.
1169 2382 1362 2447 LXIV,
1379 2382 1430 2435 3.
1455 2382 1625 2433 Tacit.

621 2462 762 2514 nist.
784 2464 834 2528 1,
868 2462 924 2516 5:
966 2486 988 2509 α
1005 2462 1154 2515 Miles
1175 2462 1439 2530 urbanus,
1464 2460 1626 2534 longo

626 2539 888 2594 Caesarum
922 2557 1246 2594 sacramento
1280 2541 1543 2606 imbutus,
1579 2554 1631 2592 et

627 2619 696 2671 ad
711 2619 1099 2672 destituendum
1112 2622 1376 2674 Neronem
1395 2635 1507 2672 arte
1523 2638 1632 2672 ma-

623 2701 702 2768 gis
726 2713 778 2751 et
800 2699 1060 2772 impulsu,
1082 2719 1240 2771 quam
1266 2718 1363 2752 suo
1385 2701 1627 2771 ingenio,

625 2777 904 2830 traductus
920 2819 936 2846 ‚
977 2792 1264 2850 postquam
1299 2789 1473 2848 neque
1517 2778 1633 2832 dari

627 2855 956 2922 donativum,
975 2857 1073 2909 sub
1089 2859 1302 2908 nomine
1316 2857 1496 2914 Galbae
1513 2877 1633 2928 pro-

628 2938 880 3002 missum,
915 2955 1100 3006 neque.
1123 2938 1324 3006 magnis
1354 2936 1546 2988 meritis
1571 2954 1633 2996 ac

627 3019 852 3086 praemiis
873 3015 1116 3070 eumdem
1137 3019 1190 3068 in
1211 3035 1374 3088 pace,
1399 3037 1559 3088 quam
1578 3020 1633 3070 in

625 3093 798 3160 bello,
825 3096 1033 3163 locum,
1067 3110 1496 3168 praeventamque
1515 3116 1634 3168 gra·

625 3176 754 3226 tiam
783 3173 1025 3246 intelligit
1065 3175 1210 3246 apud
1239 3177 1563 3246 Principem,
1603 3195 1635 3228 a

625 3255 925 3325 legionibus
939 3256 1138 3308 factum
1150 3277 1164 3318 3
1183 3274 1382 3325 pronus
1395 3254 1461 3306 ad
1473 3274 1636 3309 novas

628 3353 710 3387 res
724 3373 740 3402 .,
759 3347 918 3388 etc....
943 3336 1178 3388 Accessit
1194 3333 1374 3386 Galbae
1393 3353 1514 3400 vox,
1536 3353 1635 3406 pro

629 3413 925 3484 Republica
955 3412 1212 3480 honesta,
1259 3415 1361 3484 ipsi
1395 3432 1595 3487 anceps
1618 3450 1637 3478 ,

633 3493 736 3567 leqi
759 3515 792 3543 a
814 3511 866 3545 sa
889 3492 1140 3560 militem,
1162 3512 1268 3544 non
1288 3494 1442 3544 emi.-

703 3573 754 3638 4.
804 3573 876 3624 Et
909 3573 1231 3646 Nymphidii
1275 3574 1450 3626 socios.
1501 3573 1635 3626 Vide

630 3669 792 3724 supra
815 3650 886 3706 ad
909 3671 1024 3722 cap.
1060 3670 1076 3703 1
1096 3670 1114 3703 1
1147 3663 1198 3704 et
1235 3668 1315 3704 12.
1353 3651 1637 3724 Plerosque

629 3744 806 3782 autem
837 3742 914 3782 est
941 3731 1163 3797 multos,
1198 3744 1258 3782 ut
1299 3731 1510 3784 assolet.
1552 3733 1635 3786 cf.

633 3810 698 3861 ad
725 3811 850 3862 Caes.
880 3811 964 3864 83.

701 3887 750 3943 5.
789 3889 891 3940 Sed
907 3889 1194 3940 maxime...
1219 3888 1491 3960 superioris
1513 3889 1638 3940 Ger-

627 3969 820 4020 manioe
839 3967 1115 4032 exercitus,
1137 3979 1236 4018 etc.
1262 3965 1342 4018 Cf.
1369 3965 1632 4018 Plutarch.

629 4061 748 4116 cap.
777 4046 864 4105 18;
889 4043 1089 4115 Xiphil.
1117 4045 1304 4111 LXIV,
1331 4043 1390 4111 43
1411 4047 1634 4096 maxime

624 4123 790 4174 Tacit.
820 4125 952 4174 Hist.
981 4127 1034 4187 1,
1061 4125 1120 4190 8,
1151 4142 1186 4194 9
1215 4138 1267 4175 et
1302 4140 1382 4176 12.

1784 2226 1835 2278 6.
1874 2223 2129 2277 Kalendis
2157 2224 2478 2276 Ianuariis...
2512 2239 2715 2275 recusa-

1714 2316 1849 2357 runt.
1888 2307 2055 2357 Tacit.
2088 2307 2221 2358 Hist.
2259 2306 2309 2366 1,
2351 2322 2443 2358 12:
2484 2305 2713 2357 tPaucis

1718 2384 1963 2455 postKal.
1980 2386 2010 2436 J
2014 2386 2257 2438 annarias
2276 2382 2463 2437 diebus
2478 2383 2715 2455 Pompeii

1718 2466 2029 2536 propinqui,
2051 2466 2415 2518 Procuratoris
2429 2500 2445 2528 ‚
2468 2483 2497 2516 e
2513 2463 2721 2534 Belgica

1718 2543 1877 2595 literae
1912 2543 2233 2594 afferuntur:
2272 2541 2559 2614 Superioris
2596 2543 2720 2594 Ger·

1720 2623 1911 2674 maniae
1945 2621 2194 2695 legiones,
2234 2633 2383 2692 rupta
2410 2620 2722 2674 sacramenti

1722 2701 2031 2766 reverentia,
2056 2702 2425 2772 Imperatorem
2444 2698 2723 2775 aliumfla·

1716 2779 1827 2852 qita
1835 2798 1884 2830 re
1894 2819 1909 2844 ‚
1922 2779 2195 2832 etSenatui
2202 2799 2265 2830 ac
2273 2778 2473 2851 populo
2484 2779 2721 2831 Romano

1720 2858 1991 2908 arbitrium
2015 2857 2240 2931 eliqendi
2258 2857 2585 2929 pemittere3
2614 2874 2722 2927 quo

1721 2936 1907 2990 seditio
1924 2936 2135 2989 mollins
2152 2939 2532 3008 acciperemus·
2563 2939 2725 2988 Eum-

1723 3014 1843 3068 dem
1862 3015 1977 3068 vide
2002 3035 2119 3087 cap.
2140 3016 2207 3070 50
2228 3034 2333 3086 seq.
2351 3019 2573 3068 maxime
2598 3033 2723 3086 cap.

1723 3097 1811 3150 55.
1859 3096 1939 3150 De
1971 3097 2241 3150 seditionis
2280 3109 2535 3168 praetextu
2574 3095 2723 3148 conf.

1722 3173 1991 3226 Plutarch.
2019 3194 2137 3245 cap.
2162 3193 2246 3230 υ.

1798 3271 1846 3326 7.
1908 3254 2192 3326 Displicere
2242 3255 2617 3323 Imperatorem
2668 3252 2726 3304 in

1724 3332 1985 3404 Hispania
2004 3333 2237 3403 factum.
2289 3334 2370 3384 Cf.
2398 3329 2662 3384 Plutarch.
2686 3329 2723 3382 Ι.

1725 3429 1773 3462 c.
1806 3409 1949 3480 apud
1980 3429 2135 3482 quem
2174 3430 2233 3464 ex
2266 3409 2519 3463 militibus
2552 3428 2724 3476 unus,

1726 3505 1787 3543 ut
1808 3491 2077 3544 Vitellium
2108 3493 2487 3564 Imperatorem
2516 3489 2727 3558 dicant,

1726 3589 1913 3624 auctor
1935 3586 2029 3625 est.

1794 3652 1953 3704 xvn.
1998 3669 2043 3704 1.
2081 3651 2354 3724 Despectui
2373 3669 2477 3706 esse
2478 3687 2571 3702 .....
2590 3649 2727 3702 orbi-

1726 3741 1884 3782 tatem
1906 3741 2058 3784 γαίας.
2098 3730 2179 3782 cf.
2206 3729 2469 3782 Plutarch.
2496 3747 2616 3800 cap.
2644 3745 2727 3799 ¹9·

1724 3807 2084 3882 Adspirabant
2113 3807 2181 3860 ad
2208 3807 2466 3872 honorem
2492 3806 2733 3878 adoptio·

1726 3891 1835 3954 nis,
1860 3890 2040 3941 amicis
2059 3888 2236 3940 Galbae
2258 3887 2341 3940 vel
2367 3887 2525 3952 huie,
2548 3887 2627 3940 vel
2654 3885 2733 3938 illi

1721 3967 2051 4033 faventibus.,
2092 3982 2278 4038 praeter
2306 3970 2547 4019 Pisonem
2582 3963 2730 4019 Otho

1724 4061 1777 4098 et
1802 4045 2098 4100 Dolabella.
2138 4046 2271 4099 Vide
2294 4043 2557 4098 Plutarch.
2592 4061 2653 4115 19
2674 4057 2729 4096 et

1726 4125 1823 4188 23;
1848 4125 2016 4178 Tacit.
2038 4128 2091 4194 1,
2122 4125 2201 4179 13.
