3050 5004
678 483 813 574 396
1430 485 1504 549 C.
1555 484 2024 552 SUETONII·

676 609 900 679 mvit4.
934 616 1188 694 Auctor
1206 627 1279 677 et
1300 609 1620 680 Tribunis
1647 605 2019 706 plebis'fuit
2033 664 2053 695 ,
2077 607 2364 680 AEdilem
2387 611 2412 652 ³
2429 611 2760 681 sordidum

675 719 1205 814 repetundarum
1242 722 1639 806 accusandi,
1679 721 2084 818 judicesque
2127 727 2201 791 in
2242 746 2403 793 eum
2442 751 2486 793 a
2529 730 2768 794 Senatu

674 831 972 924 petendi.
999 831 1504 924 Magistratihus
1529 857 1803 929 quoque
1824 833 2074 902 urbicis
2095 887 2113 918 ‚
2137 837 2768 930 provinciarumque

672 940 1075 1036 praesidibus
1100 942 1487 1011 coercendis
1527 961 1795 1012 tantum
1835 969 2018 1013 curae
2053 944 2393 1029 adhibuit,
2437 963 2518 1013 ut
2556 969 2770 1050 neque-

672 1051 1116 1120 modestiores
1130 1049 1157 1092 ⁶
1180 1077 1487 1147 unquam
1502 1105 1520 1136 ,
1545 1076 1768 1148 neque
1783 1050 2106 1146 justiores
2129 1057 2546 1122 exstiterint:
2575 1076 2612 1120 e
2635 1056 2762 1148 qui-

671 1161 801 1230 bus
821 1163 1181 1258 plerosque
1199 1182 1357 1257 post
1371 1164 1568 1232 illum
1585 1189 1738 1232 reos
1759 1169 2066 1234 omnium
2081 1169 2440 1234 criminum
2457 1165 2759 1234 vidimuS.

674 1275 997 1366 Suscepta
1022 1299 1294 1342 morum
1320 1279 1734 1343 correctione
1749 1286 1800 1360 ⁷,
1831 1274 2170 1344 licentiam
2193 1274 2606 1344 theatralem.
2623 1299 2764 1368 pro-

674 1386 931 1452 miscue
976 1387 1047 1452 in
1097 1383 1377 1480 Equite⁸
1424 1383 1774 1478 spectandi
1819 1385 2130 1453 inhibuit.
2181 1389 2440 1479 Scripta
2483 1385 2760 1464 famosa,

674 1492 1013 1588 vulgoque
1036 1493 1247 1578 edita,
1275 1493 1520 1589 quibus
1550 1498 1882 1588 primores
1910 1499 2029 1562 viri
2057 1519 2138 1563 ac
2157 1495 2427 1564 feminee
2449 1494 2762 1562 notabam«

672 1618 815 1686 tur,
842 1603 1170 1687 abolevit,
1195 1628 1335 1671 non
1364 1606 1507 1672 sine
1529 1621 1884 1672 auctorum
1909 1605 2292 1696 ignominia.
2321 1606 2761 1690 Quaestorium

670 1715 965 1797 virum9,
998 1711 1181 1808 quod
1214 1713 1658 1806 gesticulandi
1690 1712 2117 1810 saltandique
2145 1711 2370 1783 studio
2398 1727 2764 1796 teneretur5

673 1828 887 1892 movit
916 1828 1183 1894 Senatu.
1220 1824 1570 1892 Probrosis
1603 1825 1869 1894 feminis
1889 1841 1946 1874 ¹⁰
1974 1825 2228 1892 lecticae
2256 1848 2460 1899 usum
2488 1822 2788 1904 ademit„

670 1931 921 2028 jusque
963 1933 1271 2026 capiendi
1308 1934 1528 2025 legata
1573 1932 2136 2031 hereditatesque.
2181 1937 2492 2030 Equitem
2534 1940 2758 2004 Roma-

674 2066 840 2110 num
858 2096 876 2124 ,
902 2043 991 2108 ob
1013 2043 1360 2110 reductam
1385 2046 1457 2111 in
1480 2047 1986 2113 matrimonium
2009 2069 2288 2113 uxorem
2304 2098 2321 2128 ,
2347 2045 2458 2111 cui
2481 2042 2764 2111 dimissae

670 2150 985 2221 adulterii
1026 2155 1281 2220 crimen
1318 2152 1730 2237 intenderat,
1774 2157 1981 2228 erasit
2003 2151 2312 2247 judicum
2347 2153 2525 2222 albo,
2561 2158 2761 2240 Quos·

672 2263 832 2332 dam
854 2290 937 2333 ex
959 2281 1250 2361 utroque
1276 2265 1512 2337 ordine
1537 2265 1684 2359 lege
1709 2269 2044 2336 Scantinia
2067 2279 2110 2306 ¹¹
2143 2264 2634 2336 condemnavit.
2663 2270 2760 2331 In-

1771 2457 1833 2525 4,
1869 2455 1936 2509 ad
1967 2475 2092 2509 ann.
2129 2456 2261 2527 837,
2293 2467 2346 2508 et
2381 2451 2607 2507 Martial.
2644 2451 2760 2523 Epi-

1767 2553 1984 2607 gramm.
2012 2533 2105 2594 Vl,
2135 2534 2186 2601 4.

742 2453 795 2524 4.
832 2455 1439 2529 Nummariosjudices..
1456 2495 1468 2507 .
1485 2496 1497 2507 .
1524 2467 1682 2509 nota-

671 2536 747 2589 vit
756 2559 774 2598 ,·
798 2536 851 2588 h.
874 2558 919 2590 e.
941 2538 1151 2608 judices
1172 2542 1346 2590 numis
1368 2552 1680 2609 corruptos,

671 2638 938 2691 quemque
948 2640 1067 2672 cum
1082 2633 1186 2674 toto
1198 2622 1447 2694 consitio-1
1451 2622 1677 2687 tadicum,

672 2702 764 2771 qui
802 2702 857 2751 in
886 2699 1073 2753 eadem
1101 2720 1262 2754 causa
1298 2702 1559 2755 sedissent
1573 2739 1591 2768 ,
1621 2714 1680 2753 ut

672 2776 911 2852 ejusdem
927 2778 1096 2853 culpae
1112 2798 1233 2832 reos
1245 2820 1261 2848 ,
1276 2778 1356 2832 vel
1371 2798 1562 2851 parum
1579 2782 1676 2831 cir-

672 2871 1009 2927 cumspectos
1038 2860 1091 2909 in
1125 2858 1381 2929 eligendis
1410 2872 1463 2911 et
1488 2858 1674 2911 obser·
1727 2900 1732 2907 .

672 2934 860 2986 vandis
888 2934 1104 3006 collegis
1121 2974 1138 3001 ‚
1172 2952 1302 2990 nota
1328 2940 1571 2990 censoria
1597 2939 1676 2989 af-

670 3013 814 3064 fecit.
863 3013 1015 3065 Conf.
1063 3014 1293 3065 Ernestii
1337 3016 1556 3066 Excurs.
1609 3014 1678 3066 ad

670 3090 817 3143 hunc
839 3090 1037 3143 locum.

744 3172 797 3224 5.
845 3170 1077 3223 AEdilem
1120 3172 1423 3236 sordidum3
1464 3188 1678 3223 avarum

669 3249 819 3321 (vide
840 3250 908 3303 ad
935 3252 1058 3303 Ner.
1086 3251 1213 3322 30),
1249 3254 1341 3324 qui
1376 3271 1476 3323 per
1504 3254 1676 3303 avari·

670 3334 798 3384 tiam
821 3334 1099 3403 pecuniam
1122 3332 1300 3403 aliqua
1321 3330 1387 3385 de
1407 3349 1567 3384 causa
1593 3350 1680 3383 ac-

668 3413 912 3482 cepisset.
937 3412 1357 3482 Repetundarum
1383 3424 1560 3462 autem
1581 3411 1682 3461 cri·

670 3505 792 3539 men
820 3525 837 3553 ‚
888 3502 949 3540 ut
993 3489 1111 3559 ipsa
1162 3488 1483 3561 etymologia
1532 3489 1677 3541 vocis

670 3564 904 3618 ostendit
923 3603 941 3632 ‚
992 3566 1063 3619 ob
1109 3570 1346 3639 quamvis
1392 3570 1675 3639 pecuniam

667 3656 855 3694 eontra
886 3641 1056 3713 leges,
1086 3645 1281 3714 injuste
1317 3645 1482 3713 adeo,
1517 3664 1678 3697 acce-

668 3724 815 3785 ptam
844 3714 1149 3767 intenditur.

736 3792 790 3845 6.
829 3794 1166 3847 modestiores
1182 3817 1201 3857 ,-
1254 3795 1361 3847 hoc
1414 3809 1491 3848 est
1511 3831 1529 3862 ‚
1585 3797 1676 3867 qui

666 3876 926 3943 majorem
984 3871 1361 3926 abstinentiam
1426 3872 1678 3926 ostende·

665 3966 801 4003 rent.
828 3953 1194 4023 Opponuntur
1219 3952 1413 4007 avaris!
1430 3952 1564 4005 Vide
1597 3972 1680 4006 su-

665 4048 761 4099 pra
788 4028 858 4082 ad
879 4032 983 4081 Tit.
1010 4050 1058 4083 c.
1086 4032 1136 4099 4.

738 4126 791 4177 7.
827 4110 1073 4182 Suscepto
1100 4130 1300 4164 morum
1330 4112 1674 4174 correctione;

665 4188 773 4241 sive
791 4208 1031 4243 censura.
1056 4190 1207 4243 Conf.
1238 4190 1434 4263 Xiphil.
1459 4192 1671 4259 van,

1841 2613 1891 2663 8.
1931 2612 1998 2663 In
2021 2611 2244 2685 Equite5
2272 2609 2410 2660 inter
2435 2607 2684 2679 Equites,
2710 2607 2762 2655 in

1771 2688 2174 2761 quatuordecim
2201 2686 2497 2740 ordinibus.
2525 2686 2610 2739 cf.
2633 2688 2762 2738 Mar·

1769 2770 1881 2822 tial.
1905 2771 1971 2836 V,
2003 2772 2033 2822 8
2050 2807 2068 2837 ,

1815 2872 2010 2915 Edictum
2028 2873 2194 2915 Domini
2212 2874 2367 2929 Deiqne
2385 2872 2540 2921 nostri,

1871 2938 1965 2994 Quo
1977 2935 2170 2979 subsellia
2185 2938 2359 2978 certiora
2376 2934 2506 2984 fiunt,

1820 2999 1873 3041 Et
1885 3012 2010 3055 puros
2023 3000 2156 3055 Eques
2167 2996 2334 3040 ordines
2347 2998 2522 3054 recepit3

1769 3098 1822 3137 et
1847 3089 1910 3151 V,
1942 3085 2027 3136 23.

1837 3182 1890 3234 9.
1925 3165 2264 3235 Quaeston'um
2297 3164 2500 3231 virum,
2530 3179 2634 3218 etc.
2659 3166 2766 3216 δι’·

1771 3244 1952 3296 cilium
1979 3244 2226 3297 Rufinum
2254 3244 2490 3317 appellat
2515 3244 2766 3319 xiphilin.

1767 3324 1981 3392 LXVII,
2013 3324 2092 3377 ¹3.

1847 3420 1926 3455 ιο.
1969 3405 2229 3457 Probi-osis
2243 3402 2501 3477 feminis,·
2525 3403 2581 3455 h.
2608 3423 2655 3457 e.
2676 3403 2767 3456 ad-

1767 3482 1942 3534 ulterii
1983 3484 2259 3535 convictis.
2308 3482 2466 3535 Conf.
2515 3482 2764 3555 xiphilin.

1765 3560 1979 3628 LXVII,
2017 3580 2100 3614 ια.

1843 3658 1860 3692 ι
1881 3659 1922 3693 t.
1955 3642 2088 3714 Leqe
2111 3642 2384 3695 Scantinia
2391 3664 2412 3705 ,·
2433 3641 2516 3693 vel
2542 3640 2767 3695 Scatinfa

1767 3718 2023 3793 (utraque
2052 3724 2193 3773 enim
2215 3721 2490 3791 scriptura
2525 3720 2767 3771 omnibus

1765 3796 1896 3851 locis
1912 3838 1930 3866 ,
1953 3798 2047 3851 ubi
2073 3801 2330 3864 occurrit,
2352 3799 2585 3861 obtinet;
2609 3799 2768 3852 Scati-

1767 3878 1915 3930 m‘am
1951 3893 2129 3931 autem
2163 3880 2430 3931 veriorem
2463 3896 2614 3940 esse,
2649 3887 2768 3947 post

1771 3953 1903 4007 alios
1947 3956 2224 4009 contendit
2267 3954 2431 4007 Bach.
2475 3956 2611 4007 Hist.
2655 3955 2758 4004 Jur.

1763 4034 1918 4087 Rom.
1936 4056 2059 4109 pag.
2083 4036 2202 4108 144)
2214 4036 2278 4087 de
2292 4032 2527 4105 nefanda
2545 4036 2758 4096 Venere,

1765 4133 1926 4187 quam
1953 4116 2242 4168 Scatinium
2279 4114 2562 4186 quemdam
2596 4112 2756 4165 Arici·

1763 4212 1889 4247 num
1923 4196 2105 4249 tulisse
2143 4196 2444 4247 existimant
2471 4211 2592 4246 ann.
2630 4188 2750 4246 526,
